2350 4196
1164 4005 96 52 709

233 440 83 51 [96]
349 453 41 37 p.
452 440 128 39 illus.
609 437 135 48 (part
774 434 111 48 col.)
954 433 55 39 22½
1042 434 42 21 cm
1092 464 6 6 .

233 497 159 40 Blank
418 505 145 40 pages
589 495 77 39 for
695 493 125 47 “Log
847 492 51 39 of
925 501 77 36 my
1026 486 186 43 cruise”
1249 481 263 53 ([73]-[95])

232 555 77 39 “...
343 552 208 48 devised,
580 550 196 41 written
807 548 95 40 and
928 544 279 42 illustrated
1235 542 59 48 by
1324 539 187 42 Gilbert
1539 535 388 48 Rumbold.'—p.
1960 533 55 50 [3]

161 609 50 51 ©
241 613 63 39 1c.
337 612 113 45 May
474 609 40 47 3,
543 609 140 40 1934;
715 608 38 38 A
782 608 58 38 ad
873 606 84 39 int.
987 601 168 47 18915;
1186 598 142 50 pubd.
1357 598 120 39 Mar.
1506 596 53 46 5;
1592 595 184 39 Arthur
1806 592 202 47 Barker,
232 591 1908 117 London.
395 664 281 51 (34-15659)

156 771 313 65 Schubart,
502 768 266 65 Ludwig.

230 846 337 55 Praktische
600 843 391 69 orkankunde,
1024 842 107 52 mit
1166 837 399 68 anweisungen
1600 852 129 33 zum
1765 828 394 55 manövrieren

162 929 58 51 in
257 929 271 64 stürmen,
570 943 110 33 von
717 921 241 70 kapitän
998 921 64 51 L.
1105 916 284 57 Schubart
1432 958 55 9 ...
1567 912 113 53 Mit
1721 915 97 48 111
165 907 1971 166 abbildungen
295 1005 80 53 im
401 1007 137 48 text.

600 1002 218 67 Berlin,
841 1001 68 51 E.
938 999 56 55 S.
1020 997 224 53 Mittler
1269 997 46 50 &
1339 993 159 66 sohn,
1526 994 150 49 1934.

238 1076 83 41 143
349 1088 42 37 p.
423 1075 108 41 incl.
564 1074 169 50 tables,
766 1073 178 49 diagrs.
1005 1070 117 42 fold.
1153 1079 149 38 maps.
1366 1067 54 40 26½cm.

242 1130 607 46 “Literaturverzeichnis”:
913 1141 42 37 p.
992 1126 245 53 [141]-143.

171 1176 1889 65 © Mar. 6, 1934; 1c. Apr. 5; A-Foreign 24333; E. S. Mittler & sohn.
247 1247 281 50 (34-15679)

165 1354 185 64 Scott,
378 1354 139 52 Mrs.
548 1350 244 64 Evelyn.

237 1428 248 55 Breathe
519 1446 153 49 upon
706 1427 155 53 these
894 1424 147 54 slain
1080 1422 107 67 [by]
1228 1421 222 68 Evelyn
1489 1418 159 56 Scott
1690 1461 53 8 ...
1819 1417 136 52 New
1992 1415 179 65 York,

173 1509 71 52 H.
276 1506 189 57 Smith
493 1506 113 53 and
633 1504 66 53 R.
729 1504 177 66 Haas,
936 1504 148 51 1934.

242 1576 611 53 6 p. l., 9-394 p. 19½ cm .
177 1636 51 51 ©
260 1640 112 48 May
402 1639 67 46 21,
500 1637 114 41 1934;
672 1636 66 42 2c.
769 1637 115 46 May
912 1634 54 39 25;
1027 1632 80 41 aff.
1138 1633 125 39 June
1289 1632 55 39 26;
1403 1631 40 38 A
1473 1630 169 45 71911;
1678 1628 186 47 Evelyn
1896 1625 135 42 Scott
247 1625 1912 119 Metcalfe,
417 1695 170 40 Scotch
615 1692 180 48 Plains,
823 1693 54 38 N.
905 1692 41 39 J.
1013 1687 278 52 (34-14543)

172 1782 280 68 Simkins,
485 1781 256 56 William
774 1782 275 63 Stewart,
1088 1781 321 51 1842-1929.

248 1860 253 60 Simkins
535 1861 242 53 Federal
812 1859 276 69 practice;
1124 1857 298 69 including
1453 1856 96 53 the
1584 1852 365 70 jurisdiction
1984 1850 63 53 of
2081 1850 94 52 the

183 1940 217 53 federal
435 1945 186 48 courts
658 1940 109 52 and
805 1938 94 53 the
934 1937 249 69 practice
1214 1936 58 52 in
1310 1935 214 53 actions
1559 1939 60 48 at
1652 1935 109 50 law
1798 1931 112 53 and
1944 1931 143 52 suits
2120 1929 58 51 in

182 2018 194 70 equity
420 2018 152 53 from
616 2021 471 49 commencement
1129 2021 57 47 to
1228 2013 138 54 final
1409 2012 248 55 decision
1701 2030 72 34 on
1819 2012 206 67 appeal
2070 2008 110 54 and

185 2098 116 52 also
339 2098 95 51 the
474 2096 248 69 practice
763 2113 71 34 on
871 2096 250 52 removal
1161 2093 61 53 of
1261 2111 190 35 causes
1493 2092 110 52 and
1644 2110 71 34 on
1757 2091 233 68 appeals
2030 2088 151 53 from

185 2174 227 70 highest
452 2179 145 49 state
641 2179 162 48 court
843 2178 59 48 to
948 2171 274 70 Supreme
1265 2177 163 48 court
1467 2171 64 53 of
1573 2170 95 54 the
1713 2169 219 54 United
1977 2167 206 69 States,

187 2254 71 68 by
287 2252 90 55 W.
415 2252 56 55 S.
509 2251 254 57 Simkins
804 2295 54 9 ...
932 2252 137 51 Rev.
1102 2251 85 52 ed.
1222 2250 75 69 by
1331 2249 213 54 Alfred
1578 2248 158 55 John
1770 2246 313 72 Schweppe
2124 2289 55 10 ...

185 2330 326 69 Rochester,
545 2331 70 51 N.
655 2330 91 66 Y.,
784 2329 121 53 The
942 2329 266 69 Lawyers
1246 2328 384 69 co-operative
1667 2327 336 70 publishing
185 2346 1978 132 company,
390 2411 152 52 1934.

258 2482 139 49 xxiii,
428 2481 115 41 1458
571 2493 43 37 p.
676 2480 56 41 24½
765 2484 43 20 cm
814 2515 7 7 .

264 2542 39 36 A
331 2539 213 42 revision
569 2539 52 40 of
645 2539 82 40 the
755 2539 219 41 author’s
1003 2538 203 42 Federal
1232 2539 215 48 practice
1472 2540 97 38 and
1596 2539 82 41 the
1703 2537 314 49 jurisdiction
2047 2539 52 40 of
2124 2539 65 40 all

193 2596 186 41 federal
407 2598 163 40 courts
599 2598 52 38 at
679 2596 93 41 law
800 2596 96 40 and
924 2597 49 38 in
1001 2597 176 48 equity.

268 2653 280 51 Appendix:
596 2654 149 41 Rules
791 2654 50 41 of
887 2652 178 43 United
1113 2652 161 42 States
1322 2652 231 50 Supreme
1598 2656 151 39 court.
1825 2654 179 49 Equity
2050 2656 143 40 rules.

197 2712 275 48 Admiralty
502 2711 143 42 rules.
706 2711 148 40 Rules
885 2711 50 41 of
965 2710 177 42 United
1175 2709 162 44 States
1367 2709 185 44 Circuit
1584 2713 137 39 court
1754 2711 50 41 of
1833 2712 212 49 appeals.
198 2713 1978 98 Extracts
384 2769 126 41 from
543 2768 179 41 United
758 2767 162 41 States
952 2766 211 42 Judicial
1199 2769 128 41 code.
1391 2769 146 40 Table
1571 2769 51 40 of
1653 2766 216 44 Judicial
1901 2771 114 39 code
196 2772 1982 98 references.

199 2882 51 51 ©
276 2886 114 48 May
415 2885 68 42 29,
512 2885 112 40 1934;
680 2883 65 40 2:c.
774 2883 126 40 June
926 2884 51 40 7:
1005 2881 81 41 aff.
1114 2883 124 39 June
1266 2882 51 47 9;
1348 2884 39 38 A
1415 2883 169 45 72711;
1616 2883 228 51 Lawyers
1873 2884 323 49 co-operative

268 2943 108 47 pub.
406 2954 66 28 co.
540 2940 280 50 (34-15472)

195 3032 305 65 Snowden,
530 3029 192 66 Philip
752 3030 305 66 Snowden,
1088 3036 85 48 1st
1209 3030 266 55 viscount.

264 3108 105 69 My
401 3108 120 53 life.
596 3111 118 52 4-6.

284 3184 80 48 (In
391 3179 129 43 John
548 3178 125 50 Bull,
702 3179 117 52 May
848 3181 41 48 5,
921 3180 68 49 12,
1021 3180 69 49 19,
1122 3180 142 49 1934)

206 3227 1996 72 © 1c. each June 29, 1934; A ad int. 19100c pubd. May 3, 30, 17; Philip
280 3296 249 47 Snowden,
557 3295 205 47 Tilford,
792 3294 193 49 Surrey,
1014 3296 236 48 England.

202 3385 230 64 Stokes,
462 3386 155 53 John
646 3385 355 67 Hinchman,
1035 3389 169 51 1885-

273 3463 240 53 Modern
582 3462 224 54 clinical
876 3460 393 74 syphilology;
1340 3461 865 73 diagnosis—treatment—case

206 3541 230 68 studies,
470 3540 74 68 by
577 3540 156 55 John
767 3541 75 52 H.
882 3540 200 56 Stokes
1123 3586 53 7 ...
1216 3542 139 53 with
1392 3542 98 53 973
1527 3541 378 57 illustrations
1940 3543 113 53 and
2087 3547 119 48 text

207 3617 222 70 figures.
504 3616 409 71 Philadelphia
944 3621 111 51 and
1086 3620 255 70 London,
1371 3622 89 53 W.
1493 3623 66 51 B.
1594 3619 286 56 Saunders
1911 3637 297 52 company,

210 3699 135 50 1934.

281 3769 116 42 1400
429 3783 42 36 p.
531 3770 143 50 illus.,
710 3770 178 49 diagrs.
948 3771 56 39 25
1007 3773 43 21 cm
1057 3805 7 7 .

284 3826 72 40 On
384 3836 167 32 cover:
585 3826 183 42 Second
798 3827 194 41 edition.

219 3878 50 52 ©
298 3884 115 48 May
437 3885 68 45 17,
533 3885 141 41 1934;
704 3884 66 42 2c.
798 3886 95 39 and
921 3885 82 40 aff.
1031 3886 115 48 May
1172 3887 80 41 21;
1283 3887 41 38 A
1351 3886 170 48 71709;
1552 3888 70 40 W.
1649 3888 53 39 B.
1734 3886 246 42 Saunders
2009 3897 67 30 co.

301 3939 278 53 (34-15481)
