2350 4196
1120 4000 98 50 686

249 465 84 39 346
365 476 41 36 p.
466 465 56 39 24
525 468 43 20 cm
574 499 6 6 .

183 523 50 51 ©
266 529 112 46 May
407 529 40 46 4,
479 528 113 39 1934
611 539 7 35 ;
651 529 67 39 2c.
751 529 128 39 June
907 529 81 39 20:
1023 528 81 41 aff.
1137 529 126 39 June
1292 529 82 45 21;
1408 529 43 38 A
1480 528 143 40 72907
1642 539 8 36 ;
1688 528 154 48 Soney
1876 529 36 40 &
1945 530 121 47 Sage
2096 541 68 30 co.

253 585 95 38 and
373 585 134 40 West
533 586 106 46 pub.
669 595 65 29 co.

175 683 217 67 Peirce,
425 685 241 55 Charles
696 688 283 63 Santiago
1010 688 272 64 Sanders,
1315 689 322 51 1839-1914.

248 763 284 53 Collected
592 783 205 49 papers
856 765 61 53 of
978 766 233 53 Charles
1271 765 246 55 Sanders
1575 765 213 67 Peirce,
1846 766 188 52 edited
2091 766 74 56 by

179 841 232 54 Charles
458 843 360 51 Hartshorne
864 843 112 51 and
1019 846 148 50 Paul
1211 843 196 54 Weiss.
1484 843 240 52 Volume
1769 862 46 34 v.
175 845 1967 126 Pragmatism

331 920 111 52 and
465 920 431 67 pratmaticism.
974 919 359 68 Cambridge,
1361 920 269 52 Harvard
1652 921 316 66 university
1994 939 172 49 press,

178 1000 148 49 1934.

249 1072 83 45 xii,
360 1071 87 39 455
472 1081 40 37 p.
571 1071 146 39 front,
749 1070 170 49 (port.)
957 1071 151 47 diagr.
1164 1070 54 40 23½
1252 1073 43 20 cm
1301 1102 7 8 .

184 1137 50 51 ©
272 1141 113 47 Apr.
423 1140 67 47 30,
530 1140 139 47 1934;
709 1140 66 41 2c.
815 1142 116 46 May
964 1140 82 46 26;
1087 1140 79 39 aff.
1207 1140 125 39 June
1368 1140 82 46 23;
1492 1140 42 38 A
1570 1140 169 46 73172;
1778 1139 256 41 President
2071 1142 96 38 and

252 1197 190 40 fellows
472 1197 51 40 of
551 1197 230 39 Harvard
811 1197 189 47 college,
1033 1195 298 48 Cambridge,
1363 1197 145 38 Mass.

175 1298 226 67 Peters,
431 1301 203 52 James
661 1301 131 64 Lee,
825 1303 170 49 1889-

249 1377 316 53 Check-list
603 1377 63 52 of
707 1376 158 53 birds
909 1377 61 51 of
1012 1378 97 51 the
1151 1377 193 52 world.
1420 1377 241 52 Volume
1705 1395 59 33 ii.
1841 1378 89 65 By
1973 1379 193 53 James

176 1454 1919 68 Lee Peters … Cambridge, Harvard university press, 1934.
251 1529 114 47 xvii,
394 1529 85 39 401
509 1539 41 37 p.
608 1528 54 40 23½
696 1530 44 21 cm
745 1560 7 7 .

185 1581 50 51 ©
274 1586 127 39 June
433 1585 68 46 15,
537 1584 139 46 1934;
714 1584 67 40 2c.
818 1584 126 39 June
978 1583 82 46 20;
1099 1582 80 41 aff.
1216 1583 127 39 June
1376 1583 82 44 21;
1497 1584 40 37 A
1575 1583 167 44 73173;
1782 1582 257 41 President
2072 1585 95 38 and

249 1642 188 39 fellows
469 1641 49 39 of
548 1642 229 38 Harvard
807 1642 190 46 college,
1031 1639 297 48 Cambridge,
1359 1641 146 38 Mass.

177 1744 186 52 Plato.
436 1744 282 67 Spurious
749 1743 112 52 and
892 1743 271 64 doubtful
1191 1743 199 52 works.

253 1823 120 52 The
415 1821 289 52 Axiochus
749 1820 62 52 of
854 1821 196 64 Plato;
1098 1819 313 54 translated
1454 1820 75 65 by
1574 1820 269 52 Edmund
1891 1820 269 66 Spenser;

183 1895 1980 71 edited by Frederick Morgan Padelford … Baltimore, The
181 1977 182 53 Johns
391 1975 268 68 Hopkins
689 1993 172 49 press,
892 1979 147 49 1934.

260 2049 63 47 ix,
356 2048 56 40 29
443 2060 56 36 p.,
531 2049 25 37 1
623 2079 8 15 l.,
662 2047 189 40 facsim.
881 2046 65 48 (p.
981 2045 221 50 [33]-60),
1240 2045 174 49 [61]-64
1447 2057 57 37 p.,
1538 2046 24 38 1
1630 2078 8 15 l.,
1670 2046 189 38 facsim.
1888 2045 66 47 (p.
1991 2046 166 47 67-80)

184 2105 56 39 22½
272 2107 45 20 cm
321 2137 8 9 .

255 2162 40 40 A
322 2161 242 39 facsimile
593 2159 339 48 reproduction
960 2159 51 39 of
1040 2159 81 39 the
1148 2159 113 41 1592
1288 2159 194 41 edition,
1512 2160 117 39 with
1660 2161 123 45 t.-p.:
1814 2159 257 40 Axiochus.
2129 2163 37 37 A

187 2216 1928 48 most excellent dialogue, written in Greeke by Plato the phylosopher …
188 2272 1976 48 translated out of Greeke by Edw. Spenser … London, Printed for
187 2330 236 41 Cuthbert
448 2330 193 46 Burbie,
669 2329 126 40 1592.

260 2387 261 47 Appended
557 2386 40 39 is
633 2398 26 28 a
697 2385 240 40 facsimile
974 2386 341 46 reproduction
1349 2386 49 39 of
1434 2387 81 38 the
1550 2386 114 40 1568
1701 2386 143 39 Latin
1878 2387 95 39 and
2012 2387 153 39 Greek

187 2443 182 40 edition
399 2443 52 40 of
482 2442 299 40 “Axiochus'’
813 2443 160 38 edited
1005 2443 59 46 by
1095 2443 60 38 H.
1185 2442 232 47 Bayanus
1451 2443 292 39 Welsdalius
1787 2443 66 48 (p.
1885 2443 166 45 67-80)
2122 2444 44 38 It

188 2500 40 38 is
257 2510 59 28 on
345 2500 97 39 this
472 2502 102 37 text
604 2500 108 38 that
745 2499 203 46 Spenser
976 2499 145 39 based
1152 2497 75 41 his
1254 2499 305 39 translation,
1623 2499 60 45 cf.
1713 2500 183 39 Introd.

187 2553 50 51 ©
273 2559 112 45 May
416 2557 67 46 18,
517 2556 139 46 1934;
692 2557 65 38 2c.
793 2557 94 38 and
920 2555 81 40 aff.
1037 2557 113 45 May
1180 2556 82 46 28;
1297 2557 44 38 A
1371 2556 168 47 71816;
1577 2557 152 40 Johns
1764 2556 221 48 Hopkins
2019 2566 148 38 press.

257 2609 67 53 [©
353 2613 343 46 introduction,
728 2613 187 38 textual
946 2613 150 46 notes]
1170 2612 276 48 (34—15083)

178 2711 221 54 Punch,
473 2733 50 32 v.
556 2717 116 63 186,
698 2733 88 34 no.
815 2717 152 63 4841,
994 2715 173 66 April
1193 2718 49 63 4,
1272 2718 147 48 1934.

188 2784 1979 52 © 1c. June 1, 1934; A ad int. 19010; pubd. Apr. 4 ; Herbert Heather,
253 2844 209 40 London.

180 2945 273 65 Sanders,
483 2945 255 53 Thomas
765 2946 220 63 Henry,
1019 2951 167 48 1885-

252 3021 1856 69 Cost accounting for control, by Thomas Henry Sanders …
180 3102 72 51 2d
300 3101 102 66 ed.,
450 3100 334 66 completely
832 3117 111 34 rev.
1019 3099 135 52 New
1204 3101 162 51 York
1413 3102 109 51 and
1571 3101 256 66 London,
181 3099 1985 131 McGraw-Hill

339 3177 146 52 book
515 3194 294 49 company,
841 3176 123 59 inc.,
998 3179 148 49 1934.

251 3251 103 47 xiii,
389 3251 84 39 517
505 3261 42 37 p.
581 3250 108 39 incl.
723 3250 141 45 illus.,
898 3251 193 47 diagrs.,
1124 3251 165 38 forms,
1352 3251 152 40 tables
1535 3253 48 46 (1
1617 3252 196 44 double)
1882 3251 53 40 23½
1969 3254 42 20 cm
2018 3284 7 7 .

253 3307 261 40 Published
546 3307 48 38 in
627 3306 113 40 1929
771 3307 151 38 under
953 3306 133 40 title:
1122 3308 269 38 Industrial
1424 3309 300 47 accounting.

189 3361 55 51 ©
273 3361 112 50 May
415 3364 67 46 29,
515 3364 113 39 1934
647 3375 7 34 ;
688 3363 66 39 2c.
788 3363 125 39 June
944 3364 51 45 1;
1031 3362 79 40 aff.
1145 3363 124 40 June
1301 3365 24 38 5
1344 3375 8 35 ;
1387 3365 41 38 A
1459 3366 169 45 71935;
1665 3364 349 42 McGraw-Hill
2047 3366 122 38 book

256 3432 81 36 co.,
368 3421 88 39 inc.
531 3419 277 49 (34-15253)

181 3522 213 63 Smith,
423 3521 299 55 Adelaide.

252 3596 1914 63 Modern beauty culture, by Adelaide Smith … and Beuben
185 3674 1983 68 Bockwood … drawings by Arthur Middleton. New York,
185 3751 447 66 Prentice-Hall,
659 3751 124 65 inc.,
815 3753 147 49 1934.

256 3834 31 26 x
310 3834 57 37 p.,
393 3825 24 38 l
445 3824 41 47 l.,
513 3822 84 41 290
621 3832 42 38 p.
724 3822 126 40 illus.
911 3823 24 38 21
969 3825 43 21 cm
1017 3854 9 8 .

190 3877 50 51 ©
275 3883 112 44 May
418 3882 68 45 11,
518 3881 139 45 1934;
692 3881 66 39 2c.
792 3881 125 38 June
947 3881 53 45 4;
1036 3880 80 40 aff.
1150 3881 124 39 June
1305 3882 25 37 2
1349 3892 9 35 ;
1392 3883 42 37 A
1465 3882 169 47 71925;
1670 3882 372 47 Prentice-Hall,
2077 3883 89 38 inc.

268 3937 276 48 (34-15240)
