2350 4196
1106 3998 131 50 1331

169 360 329 64 Padelford,
529 361 102 52 Ida
660 360 230 54 Lillian.

240 438 147 51 Who
422 438 154 52 seeks
612 438 95 51 the
741 443 163 61 stars,
938 437 72 67 by
1045 436 108 51 Ida
1186 433 216 53 Lillian
1439 432 336 53 Padelford.
1853 433 316 67 [Biltmore,

274 516 290 66 N. C., c1934]
240 587 618 50 3 p. l., 5-71 p., 1 l. 20½ cm.
246 645 144 41 “Five
435 646 221 39 hundred
703 645 158 48 copies
908 645 49 40 of
1003 645 98 38 this
1148 644 119 39 book
1313 654 125 29 were
1484 643 191 48 printed
1724 643 59 47 by
1830 644 80 40 the
2000 642 169 42 Gollifox

171 703 177 49 press.”

242 760 182 42 Poems.

175 814 1994 52 © Sept. 15, 1934; 2c. and aff. Sept. 25; A 75680; I. L. Padelford, Holley,
242 876 54 39 N.
328 876 49 37 Y.
452 871 278 52 (34-33649)

172 981 174 63 Page,
377 980 255 53 William
662 980 276 62 Herbert,
970 980 81 51 ed.

174 1054 1974 134 … Page’s Ohio digest. Lifetime ed. Semiannual cumulative
393 1134 1718 69 pocket part [fox.] volumes 1-10. To July 1, 1934 …
178 1212 346 66 Cincinnati,
580 1213 123 52 The
753 1214 87 52 W.
965 1256 9 8 H.
1028 1211 303 53 Anderson
1384 1229 310 50 company;
1749 1213 420 69 Indianapolis,

172 1291 1144 65 The Bobbs-Merrill company [ c 1934]
244 1367 53 37 10
328 1377 40 27 v.
427 1364 54 39 25½
515 1367 14 19 cm
565 1397 7 6 .

244 1423 154 38 These
429 1422 273 46 pamphlets
734 1431 83 28 are
850 1423 46 37 to
929 1421 54 38 be
1016 1420 138 39 fitted
1184 1420 101 40 into
1318 1421 81 39 the
1430 1420 197 48 pockets
1661 1423 50 37 at
1744 1422 81 39 the
1858 1422 121 39 back
2010 1422 53 40 of
2093 1423 82 42 the

175 1480 214 39 volumes
416 1479 51 38 of
493 1479 82 38 the
603 1481 73 36 set
704 1481 47 36 to
780 1477 156 39 which
965 1478 112 46 they
1105 1477 182 48 belong.

178 1533 1996 51 © Oct. 2, 1934; 2c. each Oct. 4: aff. Oct. 29; A 76804; W. H. Anderson co.
167 1641 218 63 Payne,
417 1640 281 63 Stephen.

243 1716 249 53 Lawless
532 1733 192 50 range,
763 1715 75 68 by
883 1714 251 68 Stephen
1177 1715 211 67 Payne.
1468 1715 139 53 New
1651 1715 181 68 York,
1875 1716 121 53 The
2040 1716 136 52 Dial

174 1812 174 50 press,
378 1795 107 51 inc.
522 1825 13 34 [
540 1799 17 20 c
563 1794 152 65 1934]

242 1865 86 41 254
359 1877 45 37 p.
465 1866 55 40 19½cm.

180 1923 1884 51 © Oct. 1, 1934; 2c. Sept. 29: aff. Oct. 11; A 76509; Dial press, inc.
257 1982 278 50 (34-33275)

173 2074 310 63 Pedersen,
515 2072 204 53 Victor
752 2074 138 62 Cox,
925 2073 170 53 1867-

246 2151 262 52 Nature’s
551 2168 152 48 way;
748 2148 95 53 the
888 2148 190 54 fertile
1121 2150 111 52 and
1272 2148 191 54 sterile
1504 2151 228 66 periods
1773 2152 65 50 of
1878 2150 302 69 marriage,

175 2226 2006 69 by Victor C. Pedersen … New York, G. P. Putnam’s sons,
177 2311 149 49 1934.

247 2382 63 45 ix,
343 2380 54 40 81
429 2391 43 37 p.
533 2379 55 40 18½c
638 2381 27 20 m
670 2412 7 7 .

249 2434 348 42 “References”:
661 2446 42 36 p.
740 2435 156 40 75-81.

184 2492 1997 51 © Sept. 28. 1934; 2c. Oct. 4; aff. Oct. 6; A 75644; V. C. Pedersen, New
250 2552 144 39 York.
466 2548 280 51 (34-33628)

175 2641 454 63 Pennsylvania.
707 2640 178 53 Court
928 2642 61 65 of
1030 2658 254 36 common
1324 2641 158 67 pleas
1514 2642 439 69 (Philadelphia
1995 2644 105 66 co.)

256 2719 172 52 Rules
452 2718 62 52 of
536 2718 94 51 the
657 2717 206 54 Courts
886 2717 63 51 of
973 2734 249 35 common
1250 2719 158 66 pleas
1434 2717 63 53 of
1522 2718 406 68 Philadelphia
1956 2725 224 63 county,

186 2798 139 52 with
367 2796 295 54 historical
709 2801 156 46 notes
909 2795 113 53 and
1068 2797 359 53 annotations
1472 2802 59 48 to
1576 2797 263 67 reported
1891 2797 289 54 decisions.

185 2874 421 68 Philadelphia,
641 2874 121 53 The
795 2872 178 68 Legal
1008 2872 386 68 intelligencer
1438 2908 12 33 [
1456 2881 17 20 c
1480 2877 132 48 1934
1619 2908 11 33 ]

255 2945 1283 49 xxv, 227 (i. e. 232) numb. l., 229-264 p. 25 cm .
254 3003 298 48 Loose-leaf;
590 3003 241 46 irregular
866 3002 191 47 paging.

257 3062 99 39 The
383 3062 313 39 annotations
722 3060 123 38 have
869 3060 118 39 been
1009 3061 235 45 prepared
1271 3062 57 45 by
1357 3061 198 39 Nathan
1584 3063 286 40 Silberstein
1895 3067 93 37 and
2015 3067 164 40 Albert

188 3120 273 46 Blumberg.
520 3118 59 48 cf.
610 3128 43 37 p.
685 3117 62 39 iv.

188 3177 49 50 ©
268 3181 101 40 Oct.
399 3180 38 45 1,
469 3178 113 40 1934;
642 3177 48 39 2c.
740 3176 93 40 and
894 3175 49 40 aff.
976 3175 102 40 Oct.
1109 3176 24 40 8;
1192 3177 41 38 A
1262 3176 141 40 76362;
1463 3178 147 47 Legal
1640 3178 346 49 intelligencer.

265 3235 279 50 (34-33297)

181 3324 296 66 Plunkett,
517 3321 248 55 Charles
799 3321 240 66 Robert,
1081 3325 168 51 1892-

262 3398 1861 69 Elements of modern biology, by Charles Robert Plunkett …
193 3481 131 52 New
362 3479 178 68 York,
639 3521 9 9 H.
682 3477 143 52 Holt
857 3476 112 52 and
1001 3493 276 51 company
1317 3511 13 34 [
1335 3484 17 21 c
1358 3480 135 49 1934
1497 3511 13 34 ]

256 3552 101 47 viii,
393 3550 83 40 540
509 3562 41 36 p.
615 3549 141 47 illus.,
791 3549 177 47 diagrs.
1033 3549 55 38 22
1091 3551 44 20 cm
1141 3581 7 7 .

259 3610 117 39 This
403 3609 123 40 hook
552 3607 184 40 retains
761 3607 79 39 the
865 3605 231 40 essential
1123 3607 260 46 viewpoint
1410 3609 95 38 and
1530 3609 195 47 general
1753 3612 246 39 structure
2025 3613 50 38 of
2104 3614 80 40 the

190 3666 215 41 author’s
437 3664 252 42 “Outlines
719 3662 50 39 of
798 3662 199 39 modern
1028 3662 215 48 biology"
1276 3665 83 38 hut
1394 3665 88 39 has
1514 3666 116 38 been
1661 3667 337 50 considerably
190 3671 1977 93 shortened
337 3724 95 39 and
464 3720 272 48 simplified,
795 3721 60 47 cf.
889 3719 129 40 Pref.

259 3780 374 48 Bibliography:
669 3788 43 37 p.
746 3775 216 41 507-512.

193 3839 49 50 ©
277 3843 124 46 Sept.
434 3841 38 47 5,
503 3839 140 46 1934;
674 3837 66 39 2c.
771 3836 96 39 and
897 3836 81 38 aff.
1014 3835 125 47 Sept.
1173 3835 80 47 29;
1285 3837 41 38 A
1357 3837 170 47 76205;
1562 3839 168 47 Henry
1763 3840 119 40 Holt
1914 3841 37 40 &
1980 3852 81 37 co.,
2093 3844 91 41 inc.

263 3898 278 50 [Copyright
567 3897 41 38 is
637 3894 204 40 claimed
870 3903 58 28 on
957 3893 221 48 changes]
1252 3893 280 50 (34-33303)
