2350 4196
1150 4017 128 45 1462

317 460 683 47 xiii p.. 1 l. 293 p. 20½ cm .
319 516 158 40 “First
512 517 223 39 edition."

246 570 51 51 ©
328 575 98 39 Oct.
455 573 68 47 10,
553 573 139 41 1934;
723 574 63 39 2c.
817 577 93 36 and
938 576 80 37 aff.
1050 575 99 39 Oct.
1252 585 6 28 17:
1292 576 42 36 A
1361 574 168 39 75816:
1564 574 295 45 Doubleday.
1891 574 166 39 Doran
2084 574 38 39 &
2148 584 81 29 co..

313 630 88 38 inc.
474 630 277 47 (34-27300)

243 730 1988 70 Missouri digest. 1934 cumulative annual pocket parts … for
319 810 1635 66 vols. 1-30 … St. Paul, West publishing co. [c1934]
313 884 58 38 30
397 895 40 28 v.
496 883 25 37 28
555 886 14 20 cm
604 916 6 6 .

315 941 156 38 These
499 942 272 45 pamphlets
804 952 82 27 are
917 944 49 36 to
997 942 59 38 be
1081 941 139 39 fitted
1247 940 102 39 into
1382 941 79 38 the
1494 940 196 46 pockets
1722 942 50 35 at
1806 940 79 38 the
1918 940 120 37 back
2071 940 51 38 of
2152 940 82 38 the

244 998 213 37 volumes
485 996 52 39 of
563 997 82 38 the
672 1000 71 36 set
772 1000 47 37 to
848 998 155 38 which
1033 998 114 46 they
1175 998 182 45 belong.

246 1050 1872 50 © Oct. 22. 1934: 2c. each and aff. Nov. 22: A 78255: West pub. co.
302 1170 113 65 Nida,
446 1170 252 55 William
729 1171 207 61 Lewis,
972 1176 164 45 1874-

314 1247 310 67 Explorers
662 1247 112 52 and
813 1247 273 66 pioneers,
1187 1289 8 8 I.
1237 1245 322 68 Following
1600 1244 322 54 Columbus,
2051 1290 8 8 II.
245 1245 1962 147 Following

478 1322 1750 69 the frontier. By William L. Nida … New York, The
241 1401 328 52 Macmillan
604 1419 295 49 company,
935 1404 148 49 1934.

313 1475 46 36 ix
386 1484 55 36 p..
468 1476 15 36 3
554 1506 6 8 l..
589 1472 97 40 604.
711 1475 49 37 ix
785 1484 41 36 p.
856 1473 75 40 incl.
990 1473 161 41 front.,
1179 1473 126 39 illus.
1367 1472 55 38 19
1425 1474 43 21 cm
1475 1505 4 4 .

312 1529 132 40 First
490 1530 253 47 published
793 1529 126 41 1926.
999 1530 262 47 Reprinted
1310 1529 114 40 with
1477 1529 306 43 corrections,
1835 1528 216 48 October,
2102 1528 124 40 1934.

243 1585 128 39 Each
399 1590 110 43 part
533 1585 251 48 published
814 1587 286 46 separately,
1129 1584 212 41 1923-24.

311 1642 186 39 “Rooks
525 1647 46 35 to
598 1643 142 39 read”
768 1649 49 34 at
843 1644 88 37 end
962 1644 50 37 of
1039 1644 122 38 most
1184 1643 50 38 of
1261 1643 79 39 the
1369 1642 237 46 chapters.

245 1698 49 50 ©
331 1702 100 39 Oct.
466 1702 67 40 30.
568 1701 139 40 1934:
743 1701 64 39 2c.
844 1703 95 37 and
974 1701 78 39 aff.
1090 1702 97 39 Oct.
1222 1702 80 39 31:
1340 1702 41 37 A
1415 1701 169 46 76851;
1622 1702 281 38 Macmillan
1939 1713 64 28 co.
312 1702 1900 101 [Copyright

470 1759 44 38 is
541 1759 201 39 claimed
772 1769 58 28 on
860 1769 104 28 new
994 1760 94 37 and
1117 1758 187 39 revised
1332 1758 242 48 material]
1648 1758 277 47 (34-36785)

239 1860 1931 68 North eastern digest. October, 1934, cumulative pamphlet …
313 1936 80 55 St.
423 1940 163 51 Paul.
614 1940 156 52 West
801 1938 333 67 publishing
1161 1957 77 34 co.
1272 1972 9 32 [
1290 1946 16 19 c
1312 1942 134 48 1934
1450 1972 11 32 ]

310 2011 83 40 251
422 2023 40 35 p.
522 2012 54 38 24
580 2014 43 20 cm
630 2044 6 6 .

244 2065 1688 50 © Oct. 25. 1934: 2c. and aff. Nov. 22: A 78239: West pub. co.
240 2170 279 64 O’Leary,
547 2171 218 63 Joseph
794 2172 77 53 M.

311 2247 1655 68 The government of Boston, by Joseph M. O’Leary …
240 2250 1962 129 Boston,
385 2324 137 52 New
555 2325 162 50 York
755 2330 135 60 fete.]
929 2325 315 65 Houghton
1277 2325 200 52 Mifflin
1513 2344 277 47 company
1869 2329 151 61 [c1934]

308 2396 281 46 cover-title,
621 2398 24 37 1
710 2428 7 10 l..
746 2397 55 39 30
830 2408 42 36 p.
935 2398 53 37 17½
1022 2399 42 20 cm
1071 2429 6 6 .

311 2452 346 48 Bibliography
676 2464 6 26 :
716 2464 40 36 p.
787 2452 154 40 29-30.

244 2507 49 50 ©
335 2511 99 39 Oct.
474 2509 67 42 19.
582 2509 139 40 1934:
760 2509 65 40 2c.
869 2510 99 39 Oct.
1009 2509 80 38 26:
1206 2540 6 6 aff.
1256 2510 100 39 Oct.
1398 2511 80 38 25:
1523 2511 39 37 A
1602 2510 168 40 75939:
1815 2511 41 39 J.
1898 2512 60 37 M.
2002 2510 223 46 O'Leary.

310 2568 193 38 Boston.
576 2566 277 47 (34-36737)

242 2670 301 62 Paterson,
671 2687 38 33 Mrs.
742 2669 187 51 Isabel
967 2668 283 64 (Bowler)

238 2745 1961 145 … The golden vanity. New York, W. Morrow and company, 1934.
309 2894 604 49 3 p. l., 3-372 p. 19½ cm .
309 2955 62 38 At
400 2954 121 38 head
582 2953 19 37 of
630 2953 105 38 title
756 2963 7 27 :
796 2953 157 37 Isabel
981 2952 245 38 Paterson.

243 3006 49 50 ©
333 3010 98 38 Oct.
471 3010 68 38 22.
579 3008 138 40 1934:
756 3007 64 40 2c.
859 3008 100 39 Oct.
998 3008 80 39 31:
1121 3008 77 38 aff.
1238 3009 115 38 Nov.
1393 3011 51 37 3:
1486 3010 39 37 A
1567 3010 165 39 77037:
1779 3010 156 38 Isabel
1975 3011 248 45 Paterson,

313 3066 262 40 Stamford;
608 3067 144 36 Conn.

235 3168 300 63 Peterson,
565 3168 140 53 Otto
738 3169 189 61 Peter,
960 3167 167 51 1879-

312 3244 240 52 Schiller
606 3246 56 49 in
717 3245 301 51 Bussland.
1130 3264 48 33 [v.
1237 3251 43 59 1]
1330 3246 320 52 1785-1805.
1746 3249 163 63 Won]
1968 3247 137 54 Otto
2159 3249 62 50 P.

239 3322 1613 68 Peterson … New York, A. Bruderhausen [ c 1934]
308 3396 83 37 358
421 3407 40 35 p.
519 3396 52 37 23
577 3398 41 19 cm
712 3396 238 37 [Deutsche
980 3394 248 39 akademie
1259 3397 48 36 in
1337 3398 253 38 München.
1648 3398 322 46 Büclierfolge
1997 3408 70 29 nr.
2097 3396 69 47 19]

243 3448 49 50 ©
321 3453 114 44 July
461 3453 39 39 2.
529 3452 138 40 1934;
698 3452 65 39 2c.
793 3452 114 45 July
935 3450 53 39 27
1008 3462 7 27 :
1047 3451 80 38 aff.
1157 3452 116 46 July
1297 3452 82 39 26:
1405 3453 42 39 A
1472 3453 171 41 74328:
1677 3455 51 40 O.
1757 3455 49 38 P.
1835 3455 245 45 Peterson,
2108 3454 117 38 New

310 3509 138 37 York.
521 3507 278 42 (34-23303)

240 3608 315 65 Philipson,
591 3610 240 54 Clifford
866 3610 271 64 Andrew,
1175 3615 166 49 1900-

309 3686 116 50 The
457 3686 204 65 reality
693 3685 63 52 of
785 3687 94 50 the
913 3686 138 53 soul,
1085 3686 72 67 by
1192 3685 242 55 Clifford
1468 3688 70 52 A.
1573 3688 320 68 Philipson.
1962 3686 261 65 Newark,

241 3763 63 52 N.
349 3764 72 51 J..
464 3763 117 51 The
626 3763 203 51 author
878 3795 11 33 [
896 3768 17 21 c
920 3765 133 48 1934
1057 3794 11 33 ]

306 3834 54 37 90
391 3845 40 35 p.
493 3835 144 39 front,
670 3835 168 46 (port.)
911 3834 55 40 18½
999 3836 42 21 cm
1048 3867 6 6 .

243 3888 49 50 ©
321 3893 100 39 Oct.
446 3892 38 42 2.
540 3892 109 42 1934;
677 3893 66 39 2c.
770 3894 99 39 Oct.
897 3893 50 38 8:
978 3892 79 39 aff.
1085 3893 98 40 Oct.
1212 3896 50 37 6:
1293 3895 38 37 A
1358 3894 166 41 76392:
1556 3896 47 40 C.
1631 3897 52 37 A.
1710 3897 262 47 Philipson.
1999 3894 220 41 Newark.

309 3950 54 36 N.
393 3949 39 38 J.
505 3949 277 42 (34-36605)
