2350 4196
1182 4038 128 47 1390

233 413 184 65 Dodd,
446 413 163 53 Ruth
637 414 78 56 M.

307 488 311 52 Volunteer
645 488 208 67 values,
880 488 281 68 compiled
1188 487 154 52 from
1367 485 225 53 articles
1619 485 127 52 that
1770 485 145 52 have
1941 484 284 69 appeared

238 565 59 51 in
332 565 94 52 the
463 566 245 67 Family,
746 566 159 52 other
941 565 397 68 publications,
1377 563 112 52 and
1528 561 381 69 unpublished
1947 562 280 65 material,

238 642 74 67 by
339 642 158 52 Ruth
524 643 78 52 M.
629 643 187 52 Dodd.
880 643 139 52 New
1049 642 178 67 York,
1254 641 69 54 N.
1354 641 89 67 Y.,
1470 639 230 70 Family
1728 640 233 52 welfare
238 640 1965 131 association

389 719 63 53 of
479 720 264 53 America
794 723 173 64 [c1934]

311 791 55 40 43
394 801 43 38 p.
497 792 116 41 23cm.

309 846 345 49 Bibliography
683 852 52 37 at
764 849 89 40 end
884 849 51 39 of
964 849 116 40 each
1111 849 193 39 section.

247 903 50 50 ©
333 907 37 39 Oct
467 909 37 37 4.
539 906 138 43 1934;
715 908 63 39 2c.
813 909 95 37 and
942 907 81 39 aff.
1058 907 98 40 Oct.
1192 906 50 47 6;
1278 907 41 37 A
1355 905 167 39 76396:
1560 905 190 47 Family
1784 906 200 38 welfare
2019 915 126 29 assn.
2179 907 50 37 of

314 965 233 37 America.
619 963 277 47 (34-35104)

239 1077 311 66 Douglass,
580 1081 145 51 Paul
754 1079 300 65 Franklin,
1087 1082 169 49 1904-

314 1155 119 52 The
478 1156 281 52 economic
805 1156 416 67 independence
1267 1154 63 53 of
1374 1154 251 65 Poland;
1676 1172 28 33 a
1753 1156 170 67 study
1967 1156 60 50 in
2072 1155 161 51 trade

244 1231 376 67 adjustments
647 1239 57 46 to
733 1234 257 66 political
1018 1233 319 68 objectives,
1363 1232 76 68 by
1465 1232 147 52 Paul
1639 1233 63 51 F.
1732 1232 300 68 Douglass.

241 1230 1966 136 Cincinnati,
501 1311 120 52 The
648 1311 180 52 Ruter
856 1329 173 50 press,
1061 1313 147 50 1934.

319 1381 82 40 134
437 1393 40 37 p.
539 1383 124 40 illus.
696 1384 156 46 (map)
922 1384 144 39 23½cm.

248 1438 52 50 ©
329 1443 98 39 Oct.
454 1444 68 36 15.
548 1441 139 40 1934:
715 1444 64 37 2c.
809 1444 92 37 and
930 1442 78 39 aff.
1039 1442 99 39 Oct.
1167 1442 79 38 16:
1277 1443 39 36 A
1344 1441 139 39 76556:
1542 1442 48 38 P.
1620 1441 50 40 F.
1698 1441 254 45 Douglass.
1982 1423 248 62 Poultnly.

320 1499 72 37 Vt.
466 1499 278 42 (34-35097)

249 1613 358 63 Ergebnisse
645 1617 98 51 der
780 1617 234 51 exakten
1054 1616 652 51 naturwissenschaften.
1779 1618 175 65 Hrsg,
1993 1633 108 32 von
2140 1614 97 51 der

316 1692 430 69 sehriftleitung
811 1695 97 50 der
974 1693 737 53 “Naturwissenschaften".
1817 1698 76 46 13.
1958 1693 91 50 bd.
2123 1692 114 50 Mit

320 1773 98 51 205
450 1790 27 32 abbi
584 1772 265 66 ldungen.
927 1773 215 51 Berlin.
1173 1775 53 52 J.
1262 1773 295 66 Springer.
1591 1775 148 50 1934.

318 1844 1238 49 2 p. l., 873. [1] p. illus. t ables, diagrs. 24 ½ cm.
323 1902 232 38 Contains
588 1901 386 47 bibliographies.

257 1954 1842 51 © Aug. 29. 1934: 1c. N ον. 10: A — Foreign 26118: Julius Springer.
257 2077 219 62 Fetter,
505 2076 300 52 Theodore
836 2077 70 54 A.

257 2149 1959 139 Southwestern freight rates, by Theodore A. Fetter … Boston,
396 2230 119 53 The
547 2228 372 68 Christopher
948 2230 330 67 publishing
1307 2230 171 53 house
1513 2232 192 65 [c1934]

324 2301 83 39 151
435 2312 42 36 p.
532 2301 24 40 3
584 2311 149 37 maps.
792 2301 132 40 20½cm.

328 2360 143 37 “This
502 2359 144 45 study
679 2369 99 28 was
812 2358 256 48 originally
1101 2361 234 46 prepared
1367 2371 53 29 as
1452 2371 23 28 a
1514 2361 151 38 thesis
1698 2361 201 38 entitled
1935 2360 112 38 ‘The
258 2359 1964 96 southwestern
493 2416 183 47 freight

709 2418 103 37 rate
842 2416 273 39 structure’.
1173 2417 44 38 It
1249 2426 99 29 was
1381 2419 224 44 accepted
1635 2419 48 36 in
1714 2417 109 38 1931
1859 2419 47 37 in
1938 2417 180 47 partial
256 2416 1964 96 fulfillment
487 2473 49 38 of
564 2474 80 38 the
671 2473 349 46 requirements

1046 2472 78 39 for
1153 2474 81 38 the
1264 2475 168 45 degree
1462 2475 50 37 of
1542 2477 180 36 master
1751 2475 49 37 of
1828 2475 183 38 science
2041 2475 47 37 in
253 2475 1970 95 business
394 2531 396 38 administration
819 2533 51 36 at
899 2530 319 46 Washington

1247 2532 285 44 university.
1591 2531 148 47 Early
1772 2532 46 37 in
1850 2531 111 39 1933
1994 2542 23 29 a
2051 2532 187 46 portion

256 2588 50 39 of
331 2589 38 37 it
392 2598 99 29 was
516 2588 252 46 published
795 2588 152 38 under
975 2587 77 38 the
1080 2588 104 38 title
1211 2587 113 39 'The
1347 2588 159 39 Texas
1532 2598 214 29 common
1775 2588 279 47 points’."·—
2058 2587 129 39 Pref.

326 2644 346 48 Bibliography:
738 2654 42 37 p.
819 2643 214 39 143-145.

261 2701 49 51 ©
340 2706 124 46 Sept.
490 2704 69 42 20.
586 2703 138 40 1934:
753 2703 63 38 2c.
845 2703 94 38 and
966 2703 80 38 aff.
1076 2703 124 45 Sept.
1227 2701 49 39 24:
1338 2704 38 37 A
1405 2702 167 41 76079:
1603 2703 314 47 Christopher
1944 2704 107 46 pub.
2080 2704 162 37 house.

339 2761 277 47 (34-35451)

259 2865 200 64 Fitler,
491 2868 136 50 Mrs.
661 2865 173 61 Mary
863 2863 221 54 Biddle.

331 2942 119 52 The
494 2942 96 67 big
632 2940 206 55 wharf,
879 2940 73 67 by
995 2943 168 64 Mary
1208 2941 208 52 Biddle
1457 2942 199 66 Fitler,
1699 2941 140 52 with
1881 2941 248 68 pictures
2172 2941 70 67 by

262 3019 288 67 Courtney
593 3020 185 50 Allen.
855 3018 135 52 New
1035 3019 162 52 York
1240 3020 111 51 and
1393 3020 257 52 London.
1692 3021 232 65 Harper
1968 3022 44 50 &
260 3019 1961 145 brothers,
395 3100 147 52 1934.

331 3173 67 38 vit
422 3182 56 37 p.,
507 3172 23 37 1
577 3203 7 7 l.,
625 3170 84 39 274
737 3181 39 35 p.
801 3170 77 39 incl.
936 3169 162 45 front.,
1126 3170 140 45 illus.,
1294 3172 170 45 plates.
1518 3170 115 40 21cm.

330 3228 286 39 Illustrated
648 3226 356 47 lining-papers.

333 3285 160 39 “First
521 3282 224 41 edition.”

265 3338 52 50 ©
348 3342 99 38 Oct.
479 3340 67 39 25.
578 3338 109 40 1934:
749 3340 62 37 2c.
846 3339 99 39 Oct.
978 3340 52 37 23:
1092 3339 78 40 aff.
1203 3339 98 39 Oct.
1334 3340 54 38 27:
1449 3342 39 36 A
1520 3339 140 40 75967:
1722 3341 192 46 Harper
1946 3340 34 39 &
2010 3340 123 38 bros.

342 3397 277 45 (34-35318)

265 3499 350 64 Fitzgerald,
644 3499 126 52 Pitt
798 3499 63 54 L.

428 3596 25 33 The
495 3576 164 52 black
697 3593 318 50 spearman,
1056 3594 28 33 a
1128 3581 153 62 story
1323 3576 62 51 of
1425 3578 93 52 the
1558 3578 252 52 builders
1850 3576 64 53 of
1953 3577 94 51 the
2088 3582 159 59 great

264 3655 256 51 mounds,
556 3655 34 51 by
665 3656 122 51 Pitt
824 3655 62 53 L.
925 3654 357 62 Fitzgerald;
1323 3655 138 51 with

1499 3656 377 52 illustrations
1912 3655 34 51 by
2022 3654 94 52 the
2154 3671 66 33 au
265 3733 143 51 thor.
485 3732 423 65 Philadelphia.
943 3731 444 53 Macrae-Smith
1424 3751 295 49 company,
1754 3736 147 49 1934.

339 3804 941 49 viii p., 1 l., 13-272 p. illus. 19½cm.
338 3862 159 39 “First
529 3860 224 41 edition.”

269 3915 51 51 ©
353 3919 99 39 Oct.
481 3918 68 39 22.
581 3917 137 39 1934:
751 3918 64 38 2c.
849 3917 99 39 Oct.
978 3916 79 39 29:
1092 3916 80 39 aff.
1202 3916 97 40 Oct.
1334 3917 53 39 27:
1449 3919 37 37 A
1517 3918 138 39 75981:
1721 3917 372 40 Macrae-Smith
2126 3925 65 30 co.

349 3975 275 44 (34-35313)
