2350 4196
1111 4009 98 49 893

143 364 203 65 Dolan,
374 364 155 54 John
559 364 134 63 Leo,
725 364 170 50 1906-

278 431 1856 75 … The defensor vinculi, his rights and duties … by Rev.
145 509 1966 158 John Leo Dolan … Washington, D. C., The Catholic university of America, 1934.
218 673 85 47 xii,
337 672 85 40 157
453 681 43 37 p.
556 671 55 39 23
615 672 43 20 cm
664 702 7 8 .
743 669 125 47 (The
903 666 217 43 Catholic
1157 665 270 47 university
1462 664 51 40 of
1546 663 236 40 America.
1846 661 164 41 Canon
2046 663 94 38 law

151 727 198 50 studies,
377 739 74 29 no.
480 726 79 49 85)

220 784 171 42 Thesis
430 785 63 47 (J.
554 817 7 7 C.
624 782 325 49 D.)—Catholic
978 780 270 48 university
1277 780 52 39 of
1356 778 237 49 America,
1624 777 128 41 1934.

219 840 127 43 Vita.

220 896 348 51 Bibliography:
628 909 43 36 p.
701 896 217 43 143-145.

151 966 53 51 ©
231 969 128 41 June
384 969 38 47 6,
451 969 113 40 1934;
621 970 66 38 2c.
717 970 95 38 and
841 968 80 39 aff.
954 968 126 39 June
1107 967 56 39 14;
1219 967 41 38 A
1288 965 146 41 73067;
1493 964 220 41 Catholic
1744 964 128 39 univ.

1902 964 52 39 of
217 964 1909 103 America.
376 1026 280 48 (34-19852)

149 1129 266 67 [Dunlop,
447 1129 202 65 Agnes
680 1130 173 62 Mary
883 1129 348 66 Robertson]

219 1208 120 52 The
368 1207 240 68 begonia
638 1207 125 68 bed,
794 1207 74 67 by
902 1205 295 54 Elisabeth
1227 1205 152 67 Kyle
1431 1202 216 69 [pseud.]
1725 1201 418 69 Indianapolis,

152 1285 118 53 The
295 1284 443 55 Bobbs-Merrill
765 1302 278 51 company
1077 1318 12 33 [
1095 1290 16 21 c
1117 1288 149 63 1934]

222 1358 86 40 316
328 1368 42 37 p.
430 1358 58 40 19½
518 1361 43 21 cm
568 1390 7 8 .

225 1413 161 43 “First
406 1414 226 41 edition.”

153 1470 50 51 ©
231 1474 112 47 May
369 1473 39 47 9,
434 1473 139 47 1934;
602 1474 67 39 2c.
696 1473 114 47 May
836 1473 54 39 12;
947 1471 80 40 aff.
1057 1473 113 46 May
1195 1472 82 45 23;
1307 1472 42 38 A
1375 1469 170 49 72552;
1575 1470 370 39 Bobbs-Merrill
1972 1480 68 30 co.

234 1530 278 49 (34-20017)

149 1635 91 52 Du
268 1633 152 54 Pont
450 1635 69 53 de
549 1635 313 63 Nemours,
893 1634 67 54 E.
1037 1675 14 23 I.,
1081 1633 51 53 &
1161 1648 304 49 company,
1499 1630 397 67 Wilmington,
1924 1629 125 54 Del.

289 1703 1862 77 … Blasters’ handbook, describing practical methods of using-
157 1787 313 70 explosives
505 1788 92 52 for
631 1789 227 52 various
893 1806 287 51 purposes,
1214 1787 280 69 prepared
1531 1785 180 53 under
1744 1785 95 54 the
1874 1783 277 55 direction

159 1862 1966 151 of Arthur La Motte, manager of the Technical section … Wilmington,
476 1944 142 67 Del.,
658 1944 66 51 E.
770 1944 45 52 I.
857 1944 95 53 Du
994 1944 152 52 Pont
1183 1945 67 52 de
1292 1942 276 54 Nemours
1606 1944 45 49 &
1691 1959 295 51 company,
2025 1942 126 66 inc.,
160 2021 334 69 Explosives
524 2023 148 67 dept.
712 2024 192 67 [c1934]

226 2093 1057 51 3 p. l. , [9]-264 p. illus., diagrs. 27½ cm .
228 2153 63 39 At
323 2153 124 40 head
482 2152 53 40 of
568 2152 108 40 title:
739 2153 76 38 Du
850 2152 137 41 Pont.

228 2210 71 40 On
330 2219 140 31 cover:
529 2208 180 47 Eighth
742 2208 197 42 edition.

231 2267 68 39 “A
331 2268 136 39 short
498 2266 337 48 bibliography
870 2266 51 40 of
952 2265 270 48 explosives
1256 2265 258 42 literature
1546 2267 79 39 for
1659 2266 237 41 blasters”:
1961 2278 42 37 p.
2037 2266 116 40 253-

158 2324 97 41 258.

162 2381 49 52 ©
239 2385 116 47 July
379 2385 39 47 2,
446 2385 140 46 1934;
615 2385 67 39 2c.
710 2385 94 38 and
832 2382 80 41 aff.
941 2384 116 46 July
1084 2383 24 39 5:
1165 2384 40 37 A
1232 2382 142 41 74090;
1432 2384 51 39 E.
1512 2384 35 38 I.
1577 2384 76 39 Du
1681 2384 125 39 Pont
1831 2385 58 38 de
1917 2383 236 41 Nemours

228 2443 35 40 &
291 2453 80 37 co.,
399 2442 88 40 inc.
560 2440 279 49 (34-19642)

157 2545 311 65 Faulkner,
499 2544 290 65 Virginia.

237 2621 239 54 Friends
513 2620 112 54 and
667 2620 248 56 Romans
960 2619 108 69 [by]
1115 2617 264 70 Virginia
1420 2618 302 55 Faulkner.
1801 2619 134 52 New
1981 2618 174 72 York,
166 2698 195 56 Simon
397 2701 110 51 and
542 2698 285 64 Schuster,
862 2700 147 50 1934.

233 2771 27 39 5
288 2782 43 37 p.
398 2802 9 14 l.,
437 2771 145 40 3-254
613 2781 41 36 p.
715 2771 49 38 21
773 2772 44 20 cm
823 2803 7 6 .

165 2828 50 51 ©
246 2832 114 48 July
390 2832 69 46 12,
488 2831 114 39 1934;
661 2831 66 39 2c.
758 2830 115 47 July
904 2830 80 46 17;
1018 2829 80 40 aff.
1131 2830 114 47 July
1277 2831 81 45 14;
1391 2831 41 37 A
1461 2829 169 48 73508;
1662 2831 52 39 V.
1748 2830 259 48 Faulkner,
2040 2831 113 39 New

231 2888 144 41 York.
446 2887 280 49 (34-19652)

161 2992 177 63 Field,
370 2990 316 54 Frederick
715 2989 368 66 Vanderbilt,
1114 2991 82 52 ed.

234 3068 305 54 Economic
567 3068 304 53 handbook
900 3066 63 55 of
989 3068 95 52 the
1113 3067 210 54 Pacific
1353 3084 147 52 area,
1529 3068 189 52 edited
1744 3068 74 67 by
1849 3068 308 54 Frederick

163 3148 66 52 V.
271 3146 166 54 Field
480 3145 92 52 for
613 3145 95 53 the
748 3144 274 54 Institute
1063 3145 63 51 of
1165 3144 211 54 Pacific
1415 3143 299 71 relations;
1760 3144 286 55 foreword
2085 3145 72 69 by

166 3224 238 54 Newton
436 3227 70 50 D.
542 3224 203 53 Baker.
822 3223 229 55 Garden
1085 3224 151 68 City,
1268 3225 69 53 N.
1372 3224 90 67 Y.,
1493 3225 356 67 Doubleday,
1883 3225 195 53 Doran
2113 3229 44 49 &

166 3318 294 53 company,
488 3303 124 56 inc.,
645 3306 146 50 1934.

238 3378 49 37 xl
313 3385 57 40 p.,
398 3375 24 38 1
484 3405 9 17 l.,
519 3373 85 41 649
628 3385 42 37 p.
729 3373 104 41 fold.
874 3374 136 40 front.
1052 3372 158 50 (map)
1246 3374 179 48 diagrs.
1485 3374 55 41 23½
1573 3376 46 22 cm
1623 3407 6 7 .

242 3431 127 42 “The
401 3432 209 47 nations,
645 3431 222 48 colonies,
902 3441 53 30 or
988 3430 271 41 territories
1293 3431 205 49 directly
1532 3433 191 39 treated
1757 3432 49 39 in
1840 3432 97 40 this
1971 3434 189 41 volume

174 3498 81 29 are
296 3488 266 49 Australia,
605 3490 81 37 the
727 3488 188 40 several
957 3488 209 40 colonies
1206 3488 214 48 forming
1460 3489 190 40 British
1692 3490 212 47 Malaya,
1947 3488 213 51 Canada,

174 3545 153 40 China
365 3555 186 37 proper,
589 3545 186 39 French
813 3544 310 50 Indo-China,
1161 3545 159 48 Japan
1355 3555 188 40 proper,
1581 3546 232 40 Formosa
1853 3548 96 39 and
1985 3547 176 49 Korea,

178 3600 298 50 Manchuria,
520 3602 326 39 Netherlands
891 3602 156 48 India,
1091 3602 116 40 New
1249 3602 226 50 Zealand,
1519 3605 81 38 the
1643 3603 276 49 Philippine
1962 3604 199 50 islands,

178 3656 142 50 Siam,
357 3659 78 39 the
467 3658 157 40 Union
656 3658 51 40 of
736 3658 154 41 soviet
922 3658 218 41 socialist
1172 3660 253 48 republics,
1456 3660 299 40 continental
1788 3661 178 41 United
2000 3662 162 41 States

175 3715 93 38 and
295 3713 433 44 Hawaii.”—Pref.

245 3767 161 45 “First
438 3771 225 41 edition.”

241 3827 348 50 Bibliography:
645 3839 42 37 p.
716 3828 214 41 611-621.

176 3880 50 51 ©
250 3883 126 42 June
399 3885 68 47 27,
492 3884 114 41 1934;
657 3886 67 39 2c.
749 3888 95 38 and
870 3886 79 40 aff.
978 3887 126 40 June
1129 3886 80 48 28;
1238 3889 41 37 A
1303 3888 144 40 74022;
1502 3889 298 48 Doubleday,
1828 3890 166 39 Doran
2020 3891 36 39 &
2081 3897 82 41 co.,

247 3940 88 41 inc.
410 3941 279 48 (34-19860)
