2350 4196
1185 4010 129 47 1564

283 388 249 65 Nicklm,
562 389 153 51 John
743 390 106 63 W.,
878 409 175 47 comp.

345 465 119 52 The
494 465 329 53 worldwide
851 474 185 59 stamp
1069 467 204 67 album,
1306 467 309 67 providing
1642 486 162 47 space
1838 467 93 52 for
1960 474 214 61 stamps
2203 468 65 52 of

277 549 110 45 two
426 544 260 52 hundred
726 546 111 51 and
877 545 340 63 sixty-seven
1259 544 495 53 countries—with
1793 546 301 52 statistical
2134 547 132 51 data

278 622 110 50 and
433 621 294 53 historical
772 623 110 51 and
928 623 292 65 philatelic
1264 628 173 60 notes,
1481 622 281 66 compiled
1807 623 111 51 and
1963 622 186 54 edited
2192 625 74 65 by

275 699 155 53 John
464 700 88 52 W.
589 698 247 54 Nicklin.
913 701 136 50 New
1087 701 160 51 York
1282 699 132 67 city,
1450 699 230 54 Grosset
1716 704 46 48 &
1793 700 234 67 Dunlap
2143 706 116 62 [c1934]

353 770 112 50 [317]
499 781 41 36 p.
602 772 127 38 illus.
789 771 56 40 28½
878 776 14 19 cm
927 806 6 6 .

283 825 50 50 ©
359 830 116 38 Nov.
501 830 38 39 8.
566 829 113 39 1934
698 841 7 27 :
735 829 64 39 2c.
828 831 94 37 and
949 829 80 40 aff.
1058 830 114 37 Nov.
1200 828 81 39 19:
1311 829 40 37 A
1380 829 166 39 78186:
1577 829 40 38 J.
1709 860 7 6 W.
1744 829 206 40 Nicklin.
1982 830 115 38 New
2127 831 140 38 York.

360 886 278 46 (34-38872)

280 986 164 54 Ohio.
523 990 205 49 Courts
759 991 61 63 of
849 990 247 65 appeals.

350 1064 1916 69 Reports of cases argued and determined … Reported by
280 1142 54 53 J.
369 1145 62 49 L.
465 1144 88 53 W.
589 1145 260 64 Henney.
885 1144 176 53 Court
1097 1144 61 51 of
1193 1144 232 66 appeals
1459 1150 271 60 reporter,
1767 1144 231 53 Clinton
2035 1144 233 55 Collins.

279 1221 75 53 H.
395 1221 61 50 L.
502 1221 261 65 Connett,
806 1220 264 53 assistant
1114 1226 296 61 reporters,
1487 1240 51 31 v.
1580 1223 80 50 46.
1740 1219 214 56 Official
2000 1223 82 50 ed.

278 1223 1963 142 Columbus,
545 1299 120 52 The
690 1299 65 51 F.
782 1300 54 53 J.
864 1300 154 51 Heer
1043 1298 262 67 printing
1331 1317 78 48 co,
1438 1302 147 48 1934.

349 1372 118 39 xliii.
500 1372 84 37 634
613 1382 40 36 p.
712 1372 53 37 22
771 1374 42 19 cm
820 1405 7 5 .

281 1425 1986 50 © Oct. 20. 1934 ; 2c. and aff. Dec. 7 : A 77535 : J. L. W. Henney, for the
347 1488 128 36 state
502 1486 50 38 of
582 1485 133 40 Ohio.
746 1485 272 39 Columbus.
1050 1484 50 40 O.

277 1573 362 65 Overstreet,
672 1575 199 62 Harry
901 1573 187 67 Allen,
1123 1576 169 52 1875-

408 1649 1859 70 … A guide to civilized leisure. New York, W. W. Norton
276 1729 731 67 & company, inc. [ c 1934]
346 1800 796 51 3 p. l. , iii-viii, 9-257 p. 19 cm .
343 1860 63 39 At
431 1859 124 39 head
581 1858 51 40 of
657 1857 133 40 title:
820 1857 60 40 H.
907 1857 54 40 A.
990 1857 291 40 Overstreet.

347 1916 145 39 “New
518 1915 95 39 and
642 1915 228 46 enlarged
898 1912 226 41 edition.”

343 1972 133 39 First
506 1971 183 40 edition
719 1969 254 49 published
1004 1969 114 40 1934
1150 1971 151 38 under
1333 1970 134 39 title:
1502 1971 38 37 A
1571 1969 141 48 guide
1747 1973 45 36 to
1825 1969 218 41 civilized
2079 1972 185 45 loafing.

344 2028 295 47 “Suggested
671 2025 258 49 reading”:
962 2036 44 38 p.
1037 2025 215 41 247-254.

278 2081 1987 51 © Oct. 30, 1934: 2c. and aff. Nov. 1 : A 76865; AY. AY. Norton & co., inc.
377 2141 254 46 (34-38885)

278 2229 158 65 Paul,
468 2229 307 64 Randolph
808 2231 85 61 E.,
928 2233 170 49 1890-

343 2306 1864 66 The law of federal income taxation, by Randolph E. Paul …
276 2384 1987 67 and Jacob Mertens, jr. … v. 1-5. Chicago, Callaghan and
273 2480 295 50 company.
599 2467 148 49 1934.

344 2536 262 40 5 v. 26 cm .
344 2592 304 41 Cumulative
677 2592 352 46 supplemental
1059 2591 270 46 pamphlets
1360 2591 97 38 will
1489 2592 55 38 be
1573 2591 213 39 inserted
1815 2591 49 38 in
1894 2590 170 47 pocket
2095 2593 51 37 at
2175 2591 88 39 end

273 2650 49 38 of
352 2650 116 38 each
499 2650 201 44 volume,
732 2649 81 38 the
842 2648 326 46 supplements
1197 2647 246 47 becoming
1473 2658 61 28 an
1564 2648 207 47 integral
1804 2649 111 46 part
1944 2647 53 39 of
2023 2648 82 38 the
2134 2648 131 38 main

272 2705 145 40 work.

576 2760 1687 48 CONTENTS and “Important references abbreviated” on front lining-
271 2827 172 37 papers
472 2817 51 40 of
550 2819 118 38 each
696 2818 203 39 volume.

275 2888 39 27 v.
345 2877 95 39 1-3.
473 2872 50 50 ©
552 2877 116 38 Nov.
700 2875 66 40 10.
802 2874 135 39 1934:
969 2876 66 39 2c.
1066 2876 113 37 each
1212 2876 93 37 and
1337 2874 107 42 aff.
1474 2876 116 38 Nov.
1623 2877 80 37 14:
1738 2887 39 27 v.
1810 2877 39 44 4,
1884 2871 51 51 ©
1967 2876 109 38 Dec.
2110 2876 49 38 5:
2194 2875 65 38 2c.

345 2913 1918 116 and aff. Dec. 11 : v. 5. ©Bee. 20; 2c. Dec. 22; aff. Dec. 24: A 78086-78088.
534 2989 153 39 78503.
721 2988 167 39 78674:
926 2988 266 44 Callaghan
1226 2988 34 39 &
1295 2999 63 28 co.
1432 2988 279 49 (34-39219)

272 3077 195 65 Petty,
500 3079 132 52 Carl
662 3077 269 63 Wallace,
965 3081 323 51 1884-1932.

341 3154 243 66 Today’s
620 3154 183 64 Jesus,
836 3154 76 66 by
947 3153 136 55 Carl
1116 3154 253 53 Wallace
1403 3156 188 65 Petty.
1662 3154 425 66 Philadelphia,
272 3155 1965 128 Boston

420 3237 119 59 [etc.]
574 3232 120 51 The
724 3230 223 54 Judson
976 3248 156 49 press
1167 3264 11 33 [
1182 3238 19 20 c
1205 3234 153 63 1934]

340 3302 1650 50 4 p. l. , 200 p. 20 cm . (Half-title: The Judson press sermons)
345 3360 333 40 Introduction
708 3360 193 46 signed:
933 3358 163 40 Justin
1187 3370 81 30 Wroe
1298 3360 172 41 Nixon.

275 3413 1715 51 © Sept. 17. 1934: 2c. and aff. Nov. 16: A 78133: Judson press.
353 3472 275 40 (34-39192)

272 3562 246 65 Pollard,
552 3563 216 54 Frank.

338 3640 99 50 All
478 3639 61 51 in
581 3638 94 52 the
720 3639 209 65 downs,
971 3639 74 65 by
1090 3639 194 51 Frank
1326 3640 251 52 Pollard.
1655 3639 256 65 London,
1957 3637 300 55 Constable

268 3719 43 48 &
340 3734 97 46 co.,
466 3716 101 51 ltd.
626 3719 149 61 [1934]

339 3790 25 37 2
395 3801 29 35 p
505 3820 8 14 l.,
543 3789 85 40 314
659 3800 41 36 p.
761 3787 144 41 19½cm.

276 3841 53 51 ©
362 3848 64 36 1c.
462 3846 114 37 Nov.
613 3846 67 39 17.
717 3843 138 41 1934:
894 3845 39 37 A
967 3845 60 38 ad
1063 3845 83 38 int.
1182 3845 168 39 19603:
1390 3846 141 45 pubd.
1572 3846 124 46 Sept.
1734 3845 80 39 20:
1855 3845 49 39 F.
1942 3844 208 39 Pollard.
2190 3844 65 39 St.

344 3903 190 38 Mawes.
566 3902 253 38 Cornwall.
852 3902 233 43 England.
1157 3900 277 43 (34-89053)
