2350 4196
1122 3985 97 51 628

182 393 204 63 Grant,
417 390 205 53 Elliott
652 388 323 64 Mansfield,
1008 389 82 52 ed.

255 466 172 54 Chief
470 466 223 52 French
737 466 164 67 plays
945 463 64 52 of
1050 464 95 52 the
1188 461 327 53 nineteenth
1561 464 252 64 century,
1860 459 188 53 edited
2092 460 74 68 by

184 537 1959 151 Elliott M. Grant … New York and London, Harper & brothers, 1934.
268 703 44 41 x,
346 693 84 41 934
460 703 43 37 p.
563 692 147 40 front.
773 690 54 40 21½
861 693 43 22 cm
909 723 8 8 .

258 749 191 40 “Under
476 750 79 39 the
583 748 266 47 editorship
877 747 49 41 of
953 747 51 39 F.
1034 746 51 40 G.
1114 744 272 41 Hoffherr.”

257 805 162 40 “First
449 804 225 41 edition.”

259 860 245 41 “Selected
548 860 335 47 bibliography":
987 869 42 37 p.
1079 857 184 40 vii-viii;
1342 857 66 38 “A
1457 855 245 40 reference
1747 856 84 39 list
1878 856 49 39 of
1975 855 165 47 plays”:

184 925 43 37 p.
261 916 214 41 930-934.

521 967 1650 52 CONTENTS.—Dumas (père): Henri III et sa cour. —Hugo: Hernani,
189 1028 109 48 Ruy
336 1028 348 46 Blas.—Vigny:
756 1027 300 40 Chatterton.
1059 1025 246 40 —Musset:
1376 1023 71 41 On
1489 1035 58 29 ne
1591 1023 174 41 badine
1807 1033 88 38 pas
1938 1034 114 30 avec
186 1023 1970 100 l’amour.—Dumas
631 1083 121 48 (fils):
830 1083 66 40 La
935 1084 138 38 clame
1110 1092 96 29 aux
1245 1080 484 47 camélias.—Augier:
1797 1080 66 43 Le
1900 1081 174 47 gendre
2115 1081 55 40 de

187 1138 60 41 M.
283 1139 449 48 Poirier.—Becque:
796 1139 63 40 Le
893 1137 497 42 corbeaux.—Brieux:
1452 1137 68 39 La
1557 1136 110 41 robe
1703 1136 442 48 rouge.—Rostand:

188 1193 187 48 Cyrano
407 1198 55 38 de
492 1195 252 48 Bergerac.

191 1263 51 52 ©
268 1269 113 46 May
408 1268 67 47 16,
504 1267 113 41 1934;
673 1268 66 40 2c.
769 1269 112 46 May
909 1268 54 39 16;
1022 1266 79 41 aff.
1132 1268 113 46 May
1272 1266 55 39 18;
1384 1267 41 37 A
1454 1265 141 41 71672;
1654 1266 193 47 Harper
1877 1266 35 39 &
1938 1268 125 38 bros.

270 1325 277 47 (34-13224)

186 1440 241 66 Graves,
460 1443 238 64 Robert,
733 1445 169 49 1895-

254 1519 49 55 I,
339 1519 302 66 Claudius;
680 1520 153 51 from
866 1520 93 51 the
997 1520 453 67 autobiography
1487 1519 61 51 of
1583 1518 261 53 Tiberius
1879 1519 292 66 Claudius,

187 1595 1981 69 born B. C. 10, murdered and deified A. D. 54 … by Robert
187 1674 229 54 Graves.
493 1675 136 51 New
661 1675 177 53 York.
866 1677 75 52 H.
976 1676 187 54 Smith
1194 1676 110 51 and
1333 1677 67 51 R.
1430 1677 177 64 Haas,
1639 1678 148 49 1934.

258 1747 1074 49 3 p. l. , 9-494 p. fold. geneal. tab. 22 cm .
192 1816 51 50 ©
269 1820 123 39 June
415 1821 39 40 4,
480 1819 113 40 1934;
647 1820 64 39 2c.
738 1820 94 38 and
856 1819 79 39 aff.
962 1820 124 38 June
1111 1820 53 38 16;
1218 1820 40 37 A
1284 1819 141 40 73100;
1480 1820 242 39 Harrison
1750 1819 157 41 Smith
1932 1821 35 39 &
1993 1820 180 40 Robert

259 1877 149 44 Haas,
436 1876 88 39 inc.

186 1993 230 65 Groom,
448 1992 252 55 William
730 1993 246 63 Marion,
1010 1998 168 48 1884-

264 2071 163 52 Bible
451 2069 170 68 proof
646 2070 124 52 that
796 2068 259 54 America
1084 2070 47 52 is
1158 2069 169 54 God’s
1355 2071 199 53 chosen
1580 2073 211 64 nation,
1818 2071 72 68 by
1917 2071 256 52 William

194 2147 1981 69 M. Groom … An orthodox study for inspirational reading
197 2227 109 50 and
347 2224 164 53 Bible
552 2225 139 53 class
730 2224 169 52 work.
977 2224 214 68 Dallas,
1233 2225 152 67 Tex.,
1426 2226 164 51 Bible
1634 2226 166 69 study
1843 2226 332 69 publishing

196 2320 292 50 company,
521 2305 146 48 1934.

258 2378 86 38 127
369 2387 42 37 p.
467 2377 127 39 illus.
651 2377 54 39 18½
738 2379 44 20 cm
787 2410 7 7 .

258 2433 346 48 Bibliography
633 2433 224 39 included
885 2433 50 38 in
963 2433 207 48 preface.

193 2486 51 51 ©
273 2491 111 46 Apr.
413 2490 68 47 21,
513 2489 113 40 1934;
685 2490 64 39 2c.
780 2490 93 39 and
905 2489 79 40 aff.
1015 2491 111 46 Apr.
1158 2491 56 40 28;
1270 2492 40 37 A
1338 2492 142 40 71439;
1539 2493 137 41 Bible
1708 2494 145 47 study
1882 2494 108 47 pub.
2023 2504 65 29 co.
269 2546 277 48 (34-13405)

187 2664 347 64 Hammond,
569 2662 253 55 William
856 2662 350 67 Alexander,
1243 2669 170 49 1861-

259 2743 55 51 A
349 2742 405 67 bibliography
794 2740 61 55 of
894 2742 273 53 æsthetics
1206 2745 110 51 and
1356 2745 63 50 of
1456 2746 96 51 the
1590 2746 343 66 philosophy
1973 2746 64 51 of
2075 2747 94 51 the

208 2819 90 52 fine
323 2824 115 47 arts
466 2817 150 54 from
642 2823 132 49 1900
802 2825 56 47 to
886 2823 149 63 1932,
1060 2821 277 66 compiled
1363 2824 113 51 and
1501 2822 188 53 edited
1715 2824 74 65 by
1813 2822 259 54 William
2097 2825 70 51 A.

190 2896 1978 71 Hammond … Rev. and enl. ed. New York, Longmans,
190 2971 202 57 Green,
421 2977 111 50 and
561 2991 293 49 company,
886 2978 147 49 1934.

260 3053 44 37 x,
331 3045 86 39 205
444 3055 42 37 p.
546 3044 56 39 25
604 3046 43 22 cm
654 3077 7 7 .

265 3101 131 40 First
433 3101 181 40 edition
650 3102 250 47 published
940 3112 53 29 as
1029 3112 26 29 a
1093 3104 300 46 supplement
1429 3108 47 37 to
1512 3107 83 39 the
1630 3107 126 46 May,
1792 3106 127 47 1933,
1956 3107 128 39 issue
2121 3107 51 39 of

192 3157 79 39 the
302 3156 357 48 Philosophical
689 3158 188 40 review.

264 3212 248 41 Classified
541 3215 94 38 and
664 3215 276 46 annotated,
972 3215 118 39 with
1117 3217 175 38 author
1320 3217 157 40 index.

193 3265 53 50 ©
279 3270 111 46 May
423 3271 66 44 15,
524 3270 113 39 1934;
697 3270 64 40 2c.
797 3272 93 38 and
924 3270 79 41 aff.
1039 3273 112 46 May
1184 3272 55 40 19;
1302 3275 39 37 A
1374 3274 141 40 72444;
1582 3276 190 40 Cornell
1808 3275 143 48 univ.,
1987 3276 184 39 Ithaca.

307 3358 7 7 N.
342 3326 53 38 Y.
469 3327 276 46 (34-13459)

188 3441 246 64 Hunter,
466 3442 223 65 George
718 3442 271 66 William,
1022 3445 168 52 1873-

261 3519 227 54 Science
520 3521 262 68 teaching
816 3527 58 46 at
906 3522 192 67 junior
1132 3524 108 51 and
1273 3526 184 52 senior
1487 3526 139 69 high
1662 3528 186 51 school
1882 3525 188 68 levels,
2101 3525 74 68 by

191 3596 1984 75 George W. Hunter … New York, Cincinnati [etc.] American
187 3673 143 53 book
363 3693 277 49 company
674 3709 11 32 [
690 3682 18 21 c
714 3679 150 64 1934]

258 3746 98 41 viii.
390 3746 82 40 552
504 3758 43 37 p.
607 3747 125 40 illus.,
781 3748 176 50 diagrs.
1019 3749 54 40 20½
1106 3753 42 21 cm
1154 3785 7 5 .

260 3803 343 49 Bibliography
630 3807 51 38 at
706 3806 88 38 end
825 3806 50 41 of
901 3808 114 38 each
1045 3809 198 46 chapter
1268 3813 169 45 except
1463 3813 80 39 the
1570 3813 119 39 first.

192 3857 50 51 ©
268 3863 111 46 May
407 3863 36 45 7,
471 3862 111 40 1934;
633 3863 66 39 2c.
726 3864 94 38 and
847 3863 78 39 aff.
955 3865 111 46 May
1091 3866 55 37 14;
1198 3867 41 37 A
1262 3867 142 39 71624;
1459 3870 144 39 Amer.
1643 3871 121 39 book
1791 3881 65 29 co.

271 3917 275 48 (34-13281)
