2350 4196
1084 4055 126 51 1197

167 411 1974 132 The President vanishes. <Anonymous> … New York, Farrar &
368 489 299 69 Rinehart,
696 489 401 70 incorporated
1313 520 13 35 [c1934]

235 561 1039 50 5 p. l., 3-296 p. front., plates. 20½c m .
170 619 1979 108 © Sept. 17, 1934; 2c. Sept. 19: aff. Sept. 18; A 75394; Farrar & Rinehart, inc. (34-30868)
162 779 220 54 Punch,
459 800 49 35 v.
541 786 115 63 187,
684 801 87 33 no.
802 787 153 62 4861,
982 784 150 66 Aug.
1165 787 81 61 15,
1277 785 148 49 1934.

170 866 1994 52 © 1c. Oct. 10, 1934; A ad int. 19438; pubd. Aug. 15; Herbert Heather,
237 928 209 39 London.

166 991 1998 105 ·Redwood,
501 1033 198 63 Hugh.

236 1121 296 70 Kingdom
561 1139 170 52 come,
759 1122 72 69 by
862 1121 181 70 Hugh
1068 1122 305 54 Redwood.
1440 1121 138 53 New
1609 1120 164 54 York
1824 1125 121 64 [etc.]

167 1121 1977 148 Fleming H. Revell company [ c 1934 ]
170 1271 1939 51 © June 30, 1934; 2c. and a if. Aug. 1: A 75168: Fleming II. Revell co.
248 1332 278 46 (34-30710)

164 1436 313 65 Robinson,
511 1438 159 62 Cyril
702 1437 272 65 Edward,
1009 1440 132 49 1884-

239 1530 297 67 England;
565 1548 29 33 a
619 1528 221 69 history
865 1529 63 51 of
950 1528 222 54 British
1194 1546 262 51 progress
1481 1529 150 52 from
1657 1531 94 50 the
1773 1531 156 66 early
1955 1549 130 49 ages
2108 1536 57 46 to

167 1607 1996 69 the present day, by Cyril E. Robinson … with 63 maps and
166 1686 163 67 plans
360 1689 110 51 and
500 1691 68 48 24
595 1687 197 66 plates.
859 1687 136 52 New
1026 1686 178 67 York,
1232 1687 247 52 Thomas
1514 1687 66 52 Y.
1612 1686 244 56 Crowell
1884 1705 279 50 company

172 1798 12 33 [
190 1770 17 20 c
213 1767 133 49 1934
351 1798 11 33 ]

239 1837 96 49 xiv,
368 1837 83 41 892
479 1848 41 36 p.
580 1837 162 48 front.,
772 1839 127 39 illus.
929 1837 131 47 (incl.
1092 1836 159 48 maps)
1279 1837 171 47 plates,
1481 1839 147 45 ports.
1690 1837 54 38 23½cm.

242 1893 71 41 On
340 1905 166 30 cover:
535 1895 205 47 History
767 1895 50 39 of
843 1895 236 48 England.

243 1951 165 41 “Fifth
437 1951 258 49 printing.”

241 2008 347 48 Bibliography:
648 2020 42 36 p.
721 2010 215 40 854-862.

169 2064 1995 51 © Aug. 29. 1934; 2c. and aff. Sept. 8: A 74825; Thomas Y. Crowell co.
244 2125 278 49 [Copyright
558 2125 40 38 is
634 2126 204 38 claimed
874 2136 58 28 on
968 2136 103 28 new
1107 2127 190 45 matter,
1335 2124 236 41 revisions
1607 2126 94 38 and
1739 2124 294 41 corrections]

247 2182 279 48 (34-30673)

162 2286 135 64 Roe,
331 2283 213 66 Yingie
579 2285 141 63 Eve,
757 2285 169 54 1879-

238 2363 144 55 Sons
423 2369 59 47 to
523 2363 250 66 fortune,
812 2362 75 68 by
982 2362 155 69 Vingie
1176 2363 68 51 E.
1285 2364 136 51 Roe.
1499 2362 233 54 Garden
1772 2362 153 68 City,
1963 2362 71 52 N.
2077 2360 90 68 Y.,

165 2440 357 68 Doubleday,
554 2441 198 52 Doran
785 2443 45 50 &
862 2459 297 49 company,
1191 2441 124 66 inc.,
1350 2444 152 49 1934.

234 2513 882 50 4 p. l., vii-viii p., 1 l., 307 p. 19½cm.
239 2572 289 42 Illustrated
563 2575 97 44 t.-p.

239 2629 162 40 “First
429 2627 227 43 edition.”

168 2682 1994 53 © Aug. 22, 1934; 2c. and aff. Sept. 14: A 75488: V. E. Roe. Napa. Calif.
246 2744 279 47 (34-30881)

160 2842 279 69 Sanchez,
469 2847 138 52 Mrs.
639 2846 187 52 Nellie
858 2846 160 64 (Van
1050 2848 67 51 de
1150 2845 192 64 Grift)
1386 2850 169 49 1856-

236 2921 215 55 Stories
475 2921 64 53 of
564 2922 94 52 the
685 2922 173 53 Latin
884 2922 306 53 American
1218 2927 191 64 states,
1435 2923 73 68 by
1538 2923 183 54 Nellie
1748 2924 130 52 Yan
1905 2923 67 53 de
2000 2921 163 56 Grift

166 2998 1996 72 Sanchez … New York, Thomas Y. Crowell company [ c 1934]
236 3073 97 44 viii,
368 3073 83 41 391
491 3084 38 37 p.
592 3074 162 47 front,
791 3083 149 37 maps.
1001 3072 55 39 21
1060 3075 43 21 cm
1109 3105 8 7 .

237 3129 249 47 “Reading
514 3129 297 41 references”
840 3132 51 38 at
917 3131 90 40 end
1036 3130 51 39 of
1113 3131 116 39 each
1258 3131 213 47 chapter.

171 3185 1992 52 © Sept. 14. 1934; 2c. Sept. 19: aff. Sept. 18: A 75381: Thomas Y.
236 3247 201 39 Crowell
469 3258 66 28 co.
607 3245 279 48 (34-30692)

160 3350 358 65 Somerville,
547 3352 203 52 James
780 3350 273 57 William.

164 3427 1996 150 G rati anus in jurisprudence, with translations, by James William Somerville … Washington, D. C., Law reporter printing
164 3602 294 53 company,
489 3591 147 50 1934.

236 3661 53 39 31
321 3672 43 38 p.
425 3660 55 39 22½cm.

237 3718 114 42 Mrs.
386 3719 101 39 Ada
528 3718 332 40 Sommerville
892 3718 220 40 Hatcher
1144 3720 327 40 collaborated
1507 3720 48 39 in
1590 3718 267 49 producing
1890 3720 82 38 the
167 3721 1975 93 translated
324 3777 138 46 parts
489 3775 52 39 of
570 3776 79 39 the

676 3776 261 40 Decretum
966 3775 224 41 Gratiani
1217 3779 73 38 set
1316 3776 135 41 forth
1480 3776 180 41 herein,
1715 3776 61 48 of.
1806 3776 273 41 Foreword.

235 3830 171 42 Alfred
439 3832 275 47 Vanderpol
747 3833 89 39 has
869 3832 334 48 incorporated
1241 3835 46 38 in
1323 3834 74 40 his
1432 3835 134 42 book,
1605 3833 93 39 “La
1735 3834 216 39 doctrine
168 3835 1973 99 scolastique

323 3889 64 40 du
413 3888 130 40 droit
566 3890 58 38 de
649 3889 214 46 guerre”,
891 3900 23 29 a
943 3889 187 40 French
1159 3892 290 38 translation
1479 3891 50 39 of
1556 3892 134 46 parts
1718 3890 51 39 of
1794 3891 82 40 the
1900 3891 257 40 Decretum

168 3943 49 39 of
242 3944 265 41 Gratianus
534 3946 52 40 of
611 3946 154 40 which
794 3947 98 40 this
917 3948 41 38 is
986 3957 26 29 a
1038 3947 236 40 verbatim
1302 3948 307 40 translation,
1666 3948 57 43 cf.
1755 3958 39 38 p.
1820 3948 69 40 14.
