2350 4296
1101 3999 97 50 969

153 360 324 64 Anderson,
507 360 259 51 Thomas
793 358 143 65 Joel,
965 359 70 66 jr.

221 437 241 52 Federal
487 438 112 52 and
622 442 145 49 state
788 436 218 53 control
1028 435 62 52 of
1109 433 270 69 banking,
1402 433 73 68 by
1498 433 248 53 Thomas
1769 433 129 54 Joel
153 433 1965 150 Anderson,
317 515 69 68 jr.
441 559 55 9 ...
576 516 137 53 New
764 514 178 68 York,
990 514 120 52 The
1159 512 255 53 Bankers
1464 509 336 70 publishing
1846 529 297 49 company,

153 596 148 52 1934.

225 665 96 49 xiv,
352 665 85 40 514
465 675 43 38 p.
568 665 56 39 21½
657 668 42 21 cm
706 698 7 8 .

225 721 349 49 Bibliography:
632 734 41 36 p.
702 722 216 41 485-495.

155 777 50 51 ©
235 782 116 46 July
380 780 38 48 9,
450 780 139 47 1934;
623 782 65 39 2c.
721 782 114 46 July
865 780 81 47 30;
980 779 80 40 aff.
1093 780 113 46 July
1237 779 81 45 27;
1354 779 40 38 A
1425 778 169 45 74351;
1628 779 221 37 Bankers
1880 777 108 48 pub.
2021 788 67 29 сo.

232 838 279 48 (34-22166)

147 937 275 67 Bigelow,
453 941 225 52 Walter
708 943 71 62 J.,
814 945 171 48 1865-

218 1017 244 68 History
493 1017 63 52 of
590 1017 204 68 Stowe,
826 1019 281 53 Vermont
1147 1015 178 69 (from
1362 1015 132 52 1763
1526 1019 57 48 to
1619 1014 161 68 1934)
1822 1013 75 69 by
1929 1014 218 55 Walter

194 1137 10 10 J.
242 1095 275 69 Bigelow.
597 1095 327 67 [Hartford]
967 1097 150 50 1934.

220 1169 94 47 xiv,
340 1170 85 39 251
451 1180 43 37 p.
553 1169 136 39 front.
732 1169 172 48 (port.)
932 1170 169 47 plates,
1126 1169 27 38 2
1175 1178 137 37 maps
1337 1179 59 29 on
1420 1168 117 39 fold.
1562 1168 30 39 1.
1652 1167 56 38 24½
1740 1169 44 20 cm
1790 1198 7 7 .

156 1223 51 51 ©
244 1228 115 46 July
394 1228 68 47 27,
499 1227 139 46 1934;
678 1227 66 39 2c.
782 1227 115 47 July
933 1227 81 46 30;
1054 1225 81 41 aff.
1173 1226 113 47 July
1323 1225 81 47 28;
1445 1225 40 38 A
1522 1224 168 47 74346;
1732 1225 71 40 W.
1841 1225 42 39 J.
1921 1224 227 47 Bigelow,

221 1285 255 39 Hartford.
550 1284 278 48 (34-21827)

148 1386 242 65 Boehm,
420 1388 163 56 Karl.

221 1462 120 53 Der
383 1482 123 50 weg
549 1464 96 53 des
689 1463 190 71 Georg
924 1463 349 66 Freimarck,
1318 1480 200 36 roman
1562 1480 111 35 von
1719 1462 149 53 Karl
1914 1462 234 52 Boehm.

152 1539 303 70 München,
485 1542 230 52 Zentral
719 1543 198 68 vertag
945 1542 103 53 der
1075 1540 285 56 NSDAP.
1394 1541 66 53 F.
1495 1541 155 52 Eher
1681 1539 214 69 nachf.,
1930 1542 149 50 1934.

224 1613 87 42 249
339 1625 43 38 p.
444 1614 57 41 19
503 1617 43 21 cm
552 1647 7 8 .

157 1669 50 51 ©
237 1674 112 47 Apr.
377 1674 69 46 20,
477 1673 139 46 1934;
649 1674 66 41 lc.
746 1674 116 47 July
889 1674 53 45 3;
975 1674 41 38 A
1016 1672 268 49 -Foreign
1314 1673 143 40 25028:
1517 1673 103 38 Frz.
1653 1674 127 37 Eher
1811 1670 176 49 nachf.,
2019 1683 39 37 g.
2090 1682 60 28 m.

225 1731 41 39 b.
293 1732 44 37 h.
409 1731 279 47 (34-22194)

151 1818 240 65 Breyer,
419 1819 192 64 Ralph
643 1819 334 65 Frederick,
1010 1819 169 54 1897-

225 1897 119 55 The
378 1897 325 68 marketing
737 1898 345 68 institution,
1115 1898 74 68 by
1222 1898 193 67 Ralph
1451 1899 65 51 F.
1552 1900 214 64 Breyer
1808 1942 53 8 ...
1945 1901 84 48 1st
2063 1898 81 52 ed.

160 1976 133 53 New
342 1977 163 52 York
550 1978 112 51 and
708 1977 257 66 London,
1011 1975 428 55 McGraw-Hill
1485 1976 147 52 book
1680 1993 296 49 company,
2021 1976 126 51 inc..

157 2057 148 50 1934.

227 2125 1120 51 viii, 357 p. illus. (maps) diagrs. 23 ½ cm .
231 2183 440 48 “Bibliographical
698 2184 138 41 note”:
894 2196 42 36 p.
962 2183 215 42 349-350.

157 2239 50 51 ©
235 2244 125 39 June
385 2243 70 46 22,
483 2243 114 40 1934;
653 2243 65 39 2c.
746 2243 129 40 June
898 2244 81 46 26;
1010 2243 80 40 aff.
1118 2243 125 39 June
1270 2244 80 46 28;
1383 2243 39 38 A
1450 2243 168 47 74302;
1650 2242 350 41 McGraw-Hill
2029 2244 122 39 book

228 2310 79 37 сo.,
339 2300 90 40 inc.
501 2300 280 48 (34-22174)

152 2391 241 65 Carroll,
424 2391 252 53 Eleanor
707 2391 225 55 Elliott.

223 2468 243 55 Weaver
489 2468 62 55 of
574 2470 239 66 dreams,
838 2488 30 33 a
890 2470 124 52 love
1037 2475 172 62 story,
1231 2469 76 68 by
1329 2470 248 52 Eleanor
1601 2469 209 52 Elliott
1834 2469 225 55 Carroll
2089 2512 55 9 ...

157 2544 138 55 New
321 2547 180 67 York,
525 2548 69 53 N.
623 2548 90 66 Y.,
742 2548 236 54 Chelsea
1001 2548 171 52 house
1203 2552 189 63 [c1934]

227 2619 683 50 3 p. l., [11]-248 p. 19½ cm .
160 2674 50 51 ©
241 2679 117 47 Aug.
389 2679 39 46 1,
461 2678 113 40 1934;
633 2678 67 39 2c.
730 2678 95 39 and
856 2678 79 39 aff.
968 2678 120 47 Aug.
1118 2679 51 45 3;
1202 2678 38 39 A
1272 2679 169 45 73704;
1476 2679 203 40 Chelsea
1711 2679 161 39 house.
238 2736 279 47 (34-22036)

152 2824 414 66 Chegwidden,
598 2825 260 53 Thomas
888 2823 237 66 Sidney.

227 2902 122 53 The
377 2903 383 68 employment
789 2903 285 67 exchange
1102 2903 208 53 service
1340 2904 63 51 of
1432 2904 179 55 Great
1638 2903 257 67 Britain;
1930 2923 70 33 an
158 2911 1965 121 outline
296 2980 63 51 of

385 2981 93 52 the
505 2979 464 54 administration
995 2979 63 53 of
1085 2979 231 69 placing
1342 2982 112 52 and
1480 2982 463 66 unemployment
158 2981 1968 145 insurance,
334 3059 75 67 by

435 3061 62 51 T.
529 3058 55 55 S.
617 3057 387 69 Chegwidden
1033 3060 111 52 and
1175 3059 66 54 G.
1270 3059 501 67 Myrddin-Evans;
1832 3059 139 52 with
160 3059 1965 130 foreword
354 3138 75 65 by
466 3138 94 51 the

598 3138 92 52 Rt.
730 3138 152 52 Hon.
919 3135 266 56 Vfinston
1222 3137 56 55 S.
1319 3136 298 56 Churchill
1661 3182 53 8 ...
1796 3139 138 52 New
1974 3138 177 67 York,

157 3215 320 52 Industrial
505 3214 270 53 relations
803 3216 337 66 counselors,
1168 3214 416 70 incorporated,
1615 3220 149 49 1934.

231 3288 83 39 xiv
344 3299 56 37 p.,
432 3287 27 39 2
522 3319 7 16 l.,
561 3287 144 40 3-310
735 3298 42 36 p.
807 3287 110 40 incl.
949 3298 74 36 pl.,
1056 3288 150 46 plans,
1240 3287 178 48 diagrs.
1479 3288 163 47 front.,
1674 3288 117 40 fold.
1822 3299 124 37 map.
2007 3289 55 40 23½
2095 3292 43 20 cm
2144 3321 7 8 .

233 3345 161 40 “With
418 3345 99 40 this
539 3346 204 46 volume,
768 3344 269 40 Industrial
1061 3345 232 40 relations
1317 3347 291 47 counselors,
1632 3347 106 47 inc.,
1762 3346 166 47 begins
1953 3357 27 29 a
2005 3347 149 40 series

163 3401 51 39 of
249 3402 187 40 studies
470 3413 60 28 on
564 3403 81 38 the
681 3402 395 39 administrative
1111 3405 164 44 aspect
1309 3402 50 39 of
1394 3403 161 48 public
1589 3404 323 46 employment
1946 3403 209 41 services

163 3460 94 38 and
283 3461 392 45 unemployment
700 3459 259 39 insurance
986 3460 50 38 in
1063 3459 727 41 several countries.”—Series
1818 3460 257 41 foreword,

235 3514 132 43 “List
394 3517 50 39 of
469 3516 167 40 official
666 3517 280 39 documents
971 3516 155 40 cited”:
1182 3528 41 37 p.
1254 3517 249 49 [289]-291.

162 3570 50 51 ©
237 3575 116 47 July
373 3575 70 46 26,
468 3574 114 40 1934;
634 3574 66 40 2c.
725 3575 95 39 and
844 3574 81 40 aff.
950 3575 116 47 July
1089 3576 55 39 28;
1197 3575 42 39 A
1260 3576 143 41 74345;
1458 3575 272 41 Industrial
1756 3575 234 41 relations
232 3586 1906 93 counselors,
424 3631 89 40 inc.
586 3630 279 48 (34-22165)

156 3718 328 70 Chideckel,
518 3722 280 64 Maurice,
834 3719 171 55 1876-

232 3798 226 56 Behind
496 3800 94 52 the
629 3816 188 37 screen
878 3799 93 67 [by]
1015 3799 256 53 Maurice
1310 3799 308 56 Chideckel
1661 3846 54 8 ...
1796 3803 139 52 New
1973 3804 180 64 York,

162 3876 120 53 The
308 3878 305 52 American
641 3877 240 53 medical
907 3876 336 70 publishing
1267 3895 297 51 company,
1591 3878 107 55 inc.
1733 3913 14 34 [
1750 3885 18 21 c
1774 3883 150 64 1933]
