2350 4196
1130 4000 97 50 683

173 436 94 52 the
293 437 216 53 United
538 436 188 55 States
753 439 112 51 and
893 436 234 55 Canada
1153 436 249 64 through
1428 436 95 50 the
1549 433 422 54 International
173 453 1967 112 council

268 513 63 52 of
354 513 269 67 religious
647 514 295 52 education
970 515 112 51 and
1106 512 247 53 released
1375 517 57 47 to
1454 513 97 52 the
1573 512 345 52 constituent
171 513 1970 131 denominations.

514 590 81 55 St.
623 592 191 66 Louis,
837 593 134 64 Mo.,
998 590 141 54 Pub.
1167 590 91 52 for
1283 591 96 50 the
1402 588 422 53 International
1851 590 316 54 committee

173 687 71 35 on
276 669 380 67 co-operative
688 668 350 68 publication
1073 667 63 52 of
1167 665 262 54 vacation
1460 667 211 52 church
1700 667 189 52 school
174 667 1969 132 curriculum

316 747 893 67 by the Bethany press [ c 1934]
247 819 84 40 160
365 831 42 36 p.
468 819 127 39 illus.
657 818 55 39 22
716 822 14 20 cm
765 852 7 7 .
837 820 114 48 [The
985 816 321 49 co-operative
1340 817 150 40 series
1524 817 50 39 of
1610 817 181 40 church
1824 817 162 39 school
2024 819 144 48 texts]

247 874 224 41 Includes
500 875 165 40 music.

247 930 348 50 Bibliography
615 944 7 27 :
656 943 42 37 p.
729 933 215 40 156-159.

178 998 51 52 ©
262 1004 112 46 Apr.
406 1004 68 45 18,
537 1004 110 46 1934;
682 1004 66 40 2c.
784 1003 94 40 and
908 1002 82 42 aff.
1023 1004 113 46 May
1168 1003 81 46 14;
1284 1002 41 39 A
1357 1001 171 48 71604;
1563 1002 229 49 Bethany
1822 1010 149 41 press.

255 1059 280 49 (34-15084)

177 1164 270 66 [Gordon,
478 1165 157 66 Saul]

247 1242 154 66 [Law
428 1242 111 52 and
565 1242 312 67 procedure
901 1242 179 52 under
1104 1241 95 52 the
1225 1242 378 66 Bankruptcy
1630 1246 106 60 act]
1816 1241 139 52 New
172 1242 1977 146 Bankruptcy

430 1320 1742 68 act … Special supplement. June 11, 1934. New
172 1398 179 67 York,
384 1398 450 67 Prentice-Hall,
867 1401 126 64 inc.,
1028 1405 17 21 c
1051 1401 147 49 1934.

246 1474 23 37 1
299 1484 41 28 v.
399 1473 55 38 24½
487 1474 14 20 cm
537 1505 7 7 .

247 1528 286 42 Loose-leaf.

180 1596 54 52 ©
260 1600 128 40 June
411 1601 68 44 11,
508 1600 139 45 1934;
676 1600 65 39 2c.
772 1599 126 40 June
924 1599 81 45 18;
1036 1597 80 41 aff.
1146 1597 125 41 June
1298 1598 82 46 21;
1412 1598 39 38 A
1479 1597 169 47 73164;
1680 1597 375 48 Prentice-Hall,
2086 1599 89 38 inc.

173 1760 183 65 Hoke,
385 1760 229 65 Travis,
647 1764 171 51 1892-

247 1839 292 67 Marriage
586 1858 63 33 or
693 1839 74 52 its
813 1839 339 66 equivalent,
1195 1838 73 66 by
1313 1837 206 54 Travis
1562 1839 168 51 Hoke
1775 1838 112 52 and
1931 1839 101 51 Dr,
2080 1837 58 51 X

179 1916 423 68 psychological
641 1934 190 50 games
872 1916 170 52 about
1079 1915 257 67 yourself
1375 1917 112 51 and
1525 1917 95 51 the
1663 1933 205 50 person
1919 1916 89 67 (or

178 1934 1971 128 persons)
371 2013 112 48 you
509 1994 141 52 love.
714 1995 138 52 New
880 1993 178 68 York,
1088 1993 196 56 Simon
1312 1995 112 52 and
1454 1994 285 64 Schuster,
1768 1997 149 50 1934.

251 2066 785 49 3 p. l. , 104 p. 1 illus. 23½c m .
256 2122 1755 49 On cover: How to play the games … and key book to questions.
255 2181 170 39 Issued
465 2181 119 39 with
621 2180 114 39 four
771 2182 98 38 sets
908 2180 50 39 of
993 2180 222 47 question
1251 2180 174 40 blanks
1473 2180 78 48 (16
1588 2181 161 39 sheets
1786 2181 48 39 to
1871 2190 27 30 a
1935 2182 97 46 set)
2079 2181 94 39 and

182 2236 165 40 folded
378 2237 140 40 chart
547 2237 49 38 in
623 2238 92 38 box
754 2235 201 48 (35×27
958 2240 14 20 cm
1013 2236 13 48 )

256 2293 525 41 Contents.—What’s
826 2304 121 36 your
996 2293 449 48 type?—Marriage
1491 2304 54 29 or
1588 2294 65 40 its
1699 2293 480 49 equivalent.—How

184 2349 776 48 well do you know him—her?
183 2402 55 52 ©
265 2409 113 45 May
406 2407 69 47 21,
503 2407 140 47 1934;
675 2408 67 39 2c.
773 2408 113 47 May
914 2408 82 47 24;
1028 2407 82 41 aff.
1141 2409 111 46 May
1282 2409 81 46 23;
1395 2409 42 38 A
1466 2407 170 48 71749;
1672 2408 164 41 Simon
1866 2409 35 39 &
1934 2407 244 42 Schuster,

250 2463 90 41 inc.
411 2464 279 48 (34-15080)

178 2566 157 66 Holt,
361 2568 146 52 Ivan
534 2569 133 63 Lee,
698 2572 170 50 1886-

253 2646 119 52 The
399 2652 196 46 return
624 2648 63 51 of
713 2646 203 67 spring
941 2651 57 48 to
1028 2647 175 52 man’s
1230 2647 140 65 soul,
1396 2648 75 66 by
1500 2648 147 51 Ivan
1674 2649 110 50 Lee
1811 2647 161 52 Holt.
2038 2647 138 53 New

189 2723 156 52 York
376 2725 112 51 and
518 2725 257 65 London,
806 2725 233 66 Harper
1070 2728 44 49 &
1142 2725 277 65 brothers,
1455 2728 150 51 1934.

255 2794 80 49 vii,
364 2796 86 39 119
478 2808 42 36 p.
581 2795 57 40 19½
669 2798 44 21 cm
718 2828 8 7 .

259 2850 160 43 “First
450 2852 225 40 edition.”

187 2905 51 52 ©
269 2911 113 46 May
411 2910 67 47 16,
510 2910 139 46 1934;
682 2910 67 40 2c.
780 2911 114 46 May
923 2911 81 41 16;
1038 2910 80 40 aff.
1150 2912 112 46 May
1293 2911 80 47 18;
1407 2912 41 38 A
1477 2910 170 49 71669;
1681 2912 194 47 Harper
1906 2911 39 40 &
1969 2912 126 39 bros.

265 2966 279 49 (34-15082)

180 3068 227 66 Horler,
440 3071 256 63 Sydney.

251 3144 173 71 Tiger
462 3147 274 55 Standish
773 3167 179 35 comes
988 3149 156 51 back.
1220 3150 159 67 chap.
1420 3153 149 49 1-19.
1664 3152 29 49 [6
1728 3149 377 66 instalments]

269 3221 81 48 (In
376 3217 148 43 News
550 3217 53 43 of
628 3218 84 42 the
739 3218 167 50 world,
933 3219 121 50 Apr.
1084 3221 70 48 22,
1182 3221 71 49 29,
1279 3220 119 51 May
1427 3221 41 49 6,
1498 3221 70 50 13,
1597 3221 71 49 20,
1698 3221 72 49 27,
1799 3219 144 50 1934)

189 3272 1992 55 © 1c. each June 20, 1934; A ad int. 19065; pubd. Apr. 22:, 29, May 6, 13,
255 3333 69 48 20,
351 3335 81 46 27;
465 3335 43 39 S.
535 3335 190 46 Horler,
754 3335 377 48 Bournemouth,
1161 3337 234 46 England.

187 3437 272 65 Hurlbut,
490 3438 262 63 Stephen
782 3438 331 65 Augustus,
1145 3441 81 51 ed.

254 3513 236 54 ‘Hortus
521 3514 336 67 conclusus’;
893 3535 31 32 a
954 3516 167 53 series
1152 3517 61 52 of
1242 3517 316 52 mediaeval
1587 3517 175 53 Latin
1791 3518 222 65 hymns,
2043 3515 139 52 with

181 3593 240 52 selected
458 3593 246 68 English
738 3593 349 69 renderings,
1157 3600 80 62 pt.
1276 3598 80 49 10.
1427 3597 121 51 The
1582 3594 362 54 Eucharistic
1977 3595 204 66 hymns

185 3668 63 52 of
298 3670 81 55 St.
428 3672 248 51 Thomas
723 3671 274 67 Aquinas.
1073 3672 241 53 Printed
1361 3674 74 66 by
1487 3674 252 66 Stephen
1786 3675 70 51 A.
1905 3672 276 53 Hurlbut.

183 3748 401 67 Washington,
614 3751 70 50 D.
719 3750 80 65 C.,
829 3750 120 52 The
981 3750 167 55 Saint
1175 3751 219 54 Albans
1425 3770 176 49 press,
1632 3754 150 48 1934.

261 3821 786 48 2 p. l. , 30 p. facsim. 18½cm.
193 3873 53 52 ©
276 3878 126 39 June
431 3878 69 46 15,
531 3878 140 47 1934;
704 3879 67 39 2c.
804 3880 94 38 and
931 3878 81 41 aff.
1045 3880 125 40 June
1200 3880 80 47 19;
1315 3880 41 38 A
1381 3880 172 46 73133;
1592 3879 43 41 S.
1667 3880 54 39 A.
1754 3879 229 47 Hurlbut,
260 3878 1907 96 Washington.
