2350 4196
1071 3999 131 51 1503

210 433 61 38 At
302 431 121 40 head
457 433 52 37 of
542 432 133 39 title:
712 432 224 47 Hayford
969 430 166 39 Peirce
1167 432 46 38 et
1248 430 172 47 Royall
1455 430 157 47 Tyler.

210 487 898 50 “Bibliographie ½ : v. 2, p. 144-147.
142 541 50 51 ©
291 546 9 37 July
366 545 38 40 9.
435 545 111 38 1934
565 557 8 27 :
605 547 66 39 1c.
699 547 116 38 Nov.
843 546 81 39 20:
957 543 308 48 A-Foreign
1295 544 170 39 26243:
1498 543 240 39 Librairie
1768 544 57 39 de
1854 543 196 41 France.

140 645 384 65 Richardson,
557 649 154 51 Leon
744 649 222 59 Josiah,
1001 653 167 49 1868-

208 723 253 68 Cronies,
519 745 29 32 a
607 724 242 68 poetical
905 724 347 64 miscellany,
1308 725 75 63 by

1438 723 156 53 Leon
1648 724 55 52 J.
1760 723 375 54 Richardson.

139 802 293 65 Berkeley,
470 802 195 67 Calif.,
700 803 119 52 The
858 803 205 54 Sather
1098 808 127 60 gate
1261 801 146 53 book
1440 802 161 64 shop,
1639 804 150 49 1934.

209 876 25 39 5
259 886 44 38 p.
330 874 29 42 l.,
402 874 69 48 75,
504 875 53 49 [1]
585 886 43 37 p.
690 875 114 41 20cm.

210 929 197 43 Edition
436 932 51 39 of
516 943 87 30 one
630 932 257 41 thousand.
945 931 118 41 This
1091 932 40 39 is
1161 930 199 42 number
1389 931 67 38 51.

211 987 395 42 “Translations”
627 1000 8 28 :
668 1000 42 37 p.
748 989 187 48 [55]-75.

145 1042 50 51 ©
234 1046 100 41 Oct.
370 1045 68 41 30.
476 1044 139 42 1934:
653 1048 64 37 2c.
756 1046 116 38 Nov.
908 1045 51 40 5:
998 1044 81 41 aff.
1118 1044 116 40 Nov.
1317 1055 7 28 6;
1364 1044 37 37 A
1439 1044 168 39 77103:
1653 1045 46 38 L.
1738 1045 42 38 J.
1819 1043 318 43 Richardson.

210 1103 249 47 Berkeley.
487 1103 145 39 Calif.
704 1101 279 49 (34-37452)

139 1205 168 65 Ross,
344 1205 181 64 Colin,
562 1210 171 49 1885-

140 1278 2003 151 … Zwischen USA und dem pol; durch Kanada, Neufundland, Labrador und die Arktis; mit 71 abbildungen und einer
140 1437 174 53 karte.
379 1437 257 69 Leipzig,
664 1438 65 52 F.
759 1437 70 53 A.
859 1436 349 68 Brockhaus,
1238 1439 150 50 1934.

205 1509 85 41 310
314 1521 43 38 p.
413 1512 162 45 front.,
604 1510 124 40 illus.
761 1511 157 47 (map)
956 1510 172 48 plates,
1158 1512 119 46 port.
1341 1509 114 40 19cm.

144 1564 1807 54 © May 14, 1934; 1c. Oct. 2: A -Foreign 25872: F. A. Brockhaus.
223 1626 279 48 (34-38513)

141 1728 208 66 Schell,
382 1729 200 55 Erwin
613 1732 261 63 Haskell,
909 1734 170 49 1889-

212 1804 1928 72 The technique of executive control, by Erwin Haskell Schell …
273 1885 95 53 4th
409 1885 103 67 ed.,
550 1903 110 33 rev.
699 1885 108 52 and
846 1885 104 51 enl.
1028 1884 132 55 New
1202 1883 160 52 York
1401 1885 108 51 and
1552 1885 257 67 London,
147 1885 1993 128 McGraw-Hill
298 1962 144 54 book
470 1980 296 50 company,
796 1962 123 68 inc.,
949 1965 148 49 1934.

213 2034 102 47 xiii,
346 2034 82 40 231
460 2045 41 36 p.
561 2034 142 39 19½cm.

147 2091 50 51 ©
224 2095 101 40 Oct.
352 2096 68 40 31.
445 2095 140 39 1934:
613 2095 66 39 2c.
706 2095 117 38 Nov.
852 2095 25 37 2;
931 2094 82 40 aff.
1040 2095 117 40 Nov.
1184 2098 51 36 8:
1265 2096 42 38 A
1331 2095 170 41 77140;
1533 2096 350 40 McGraw-Hill
1915 2098 120 39 book
2062 2108 82 37 co.,

215 2152 87 39 inc.
376 2151 279 47 (34-37666)

143 2253 289 67 Selvidge,
468 2257 220 53 Robert
721 2255 413 66 Washington,
1173 2257 168 53 1872-

216 2330 336 58 Individual
586 2333 340 53 instruction
957 2333 210 66 sheets;
1203 2333 127 53 how
1366 2341 57 46 to
1457 2333 162 55 write
1653 2335 112 53 and
1800 2336 123 52 how
1961 2342 58 46 to
2052 2353 94 34 use

149 2407 1997 73 them, by R. W. Selvidge … Peoria, Ill., The Manual arts
147 2505 153 49 press
352 2490 160 49 [c1934]

147 2556 1979 109 3 p. l., 3-267 p. illus., diagrs. 23½cm. [The Selvidge series of textbooks and instruction manuals]
218 2671 221 50 “Sample
468 2673 292 39 instruction
788 2671 190 41 sheets”
997 2684 9 27 :
1034 2684 43 36 p.
1106 2672 213 44 119-263.

150 2729 50 51 ©
230 2733 126 47 Sept.
381 2732 68 45 22,
475 2732 140 41 1934:
644 2732 66 40 2c.
737 2733 94 38 and
856 2732 80 39 aff.
966 2732 99 40 Oct.
1093 2734 51 46 3;
1173 2733 38 39 A
1235 2732 170 42 76281:
1437 2735 51 37 R.
1519 2736 69 40 W.
1619 2736 234 48 Selvidge,
1880 2735 265 46 Columbia,

218 2792 90 37 Mo.
374 2789 280 49 [Copyright
687 2790 39 38 is
756 2790 205 38 claimed
992 2801 58 27 on
1082 2800 103 29 new
1217 2791 241 48 material]
1532 2791 280 50 (34-37676)

148 2895 236 64 Society
410 2895 65 52 of
502 2894 101 54 the
633 2893 353 56 Cincinnati.

316 2967 1833 80 … Rules of the state societies for admission to membership,
149 3044 1976 148 compiled by Edgar Erskine Hume … Washington, The Society, 1934.
218 3196 55 40 69
301 3207 42 37 p.
405 3196 145 39 25½cm.

224 3252 220 49 “Society
488 3253 51 38 of
583 3254 79 38 the
707 3252 278 40 Cincinnati
1026 3254 51 38 of
1119 3252 214 43 France”
1386 3255 65 48 (p.
1495 3256 169 49 58-67)
1715 3259 47 39 in
1808 3261 200 47 English
2052 3265 91 38 and

152 3310 199 41 French.

154 3367 50 51 ©
236 3371 99 40 Oct.
367 3372 37 43 7,
435 3369 139 41 1934:
606 3370 66 39 2c.
701 3369 93 38 and
825 3368 81 39 aff.
937 3368 117 39 Nov.
1087 3370 50 38 6:
1169 3370 41 39 A
1237 3371 169 46 77116;
1443 3370 190 49 Society
1664 3375 51 38 of
1746 3376 85 38 the
1857 3374 277 44 Cincinnati,

220 3426 334 49 Washington.
626 3425 280 47 (34-37484)

152 3529 185 54 South
373 3533 235 50 eastern
644 3533 270 63 reporter.
986 3529 168 55 Cases
1187 3532 212 66 argued
1434 3533 111 51 and
1580 3534 346 56 determined
1968 3538 51 51 in
2055 3540 93 51 the

221 3614 188 49 courts
457 3609 61 50 of
565 3606 267 68 Georgia,
879 3608 186 51 North
1116 3607 286 68 Carolina,
1452 3609 181 55 South
1682 3614 289 58 Carolina.
222 3618 1905 137 Virginia.
426 3688 157 52 West
616 3684 286 68 Virginia,
933 3685 140 52 with
1099 3684 109 69 key
1235 3688 238 51 number
1504 3691 363 54 annotations.
1950 3713 50 34 v.
2035 3696 113 52 174.

223 3764 337 69 May-July,
593 3765 149 48 1934.
813 3761 80 53 St.
929 3764 163 55 Paul,
1122 3765 156 53 West
1310 3766 338 67 publishing
1677 3786 76 33 co.,
1806 3773 148 49 1934.

292 3840 26 45 xvi,
347 3837 116 40 1005
486 3849 42 36 p.
585 3836 113 40 26cm.

158 3892 49 51 ©
237 3896 100 41 Oct.
365 3894 66 41 10.
463 3892 139 40 1934:
632 3891 64 41 2c.
727 3892 94 39 and
848 3893 79 38 aff.
960 3892 113 39 Nov.
1104 3895 79 38 22:
1216 3895 40 37 A
1285 3894 168 40 78250:
1486 3896 136 40 West
1649 3898 107 45 pub.
1787 3910 66 30 co.
