2350 4196
1072 4010 65 52 79

171 425 1681 54 xiv, 567 p. illus., diagrs. 23 ½ cm. (Half-title: McGraw-Hill
105 426 1976 104 publications
254 489 47 38 in
327 489 80 39 the
432 487 318 48 agricultural
778 486 93 38 and
898 483 242 40 botanical
1167 484 223 45 sciences,
1416 484 53 38 E.
1494 484 71 38 W.
1594 482 207 46 Sinnott,
1827 483 275 48 consulting

102 546 181 46 editor)

175 617 345 47 Bibliography:
585 625 41 37 p.
660 613 217 40 449-532.

108 686 49 51 ©
189 690 109 39 Jan.
329 689 67 40 15,
429 688 138 40 1934;
600 687 65 39 2c.
698 686 106 38 Jan.
839 686 80 43 17;
953 684 81 39 ail.
1067 685 108 38 Jan.
1207 684 80 39 18:
1322 683 39 37 A
1392 682 170 45 68917;
1597 681 349 41 McGraw-Hill
1980 681 122 40 book

172 758 52 28 co.,
280 747 90 38 inc.
441 744 249 47 (34-1777)

105 863 208 65 Sheed,
345 863 246 53 Francis
618 862 239 64 Joseph,
891 861 170 52 1897-

173 942 55 52 A
258 959 133 49 map
424 940 63 52 of
517 939 123 67 life,
671 939 73 67 by
778 940 63 50 F.
874 940 55 52 J.
965 937 199 54 Sheed.
1232 937 137 51 New
1402 936 180 65 York,
1616 935 184 55 Sheed
1832 938 45 50 &
1906 937 199 66 Ward,

106 1021 122 65 inc.,
264 1022 149 50 1933.

175 1095 85 38 147
288 1104 42 37 p.
391 1092 115 40 19cm.

177 1151 226 39 “Printed
433 1149 49 39 in
514 1149 148 40 Great
692 1147 237 40 Britain.”

110 1220 49 50 ©
219 1236 34 27 1c.
284 1224 110 38 Dec.
483 1253 7 9 18,
520 1221 139 40 1933;
692 1221 40 37 A
760 1222 59 37 ad
849 1220 84 39 int.
965 1220 167 40 18545:
1167 1220 139 46 pubd.
1337 1219 117 39 Nov.
1485 1219 51 39 1:
1572 1217 153 40 Sheed
1756 1217 35 39 &
1820 1217 162 46 Ward,
2014 1217 90 39 inc.

188 1280 248 48 (34-1928)

108 1397 265 65 Sinclair,
405 1397 251 65 Gordon,
691 1399 168 49 1900-

178 1469 1926 72 Cannibal quest, by Gordon Sinclair … illustrated with
108 1551 393 70 photographs
547 1552 112 52 and
707 1551 305 68 drawings.
1095 1550 271 67 Toronto,
1412 1549 358 68 Doubleday,
1817 1549 199 53 Doran
2063 1550 44 50 &

108 1629 229 70 Gundy,
368 1630 223 52 limited
648 1632 175 64 [c1933]

176 1703 62 48 ix,
269 1703 85 42 300
384 1714 42 37 p.
489 1703 147 39 front,
668 1703 169 47 (port.)
878 1702 141 46 illus.,
1049 1701 171 47 plates.
1280 1700 117 40 21cm.

176 1760 139 48 Maps
342 1771 59 29 on
431 1759 360 48 lining-papers.

182 1816 126 41 “The
343 1827 112 37 racy
490 1817 164 39 record
689 1816 50 39 of
771 1828 25 28 a
833 1814 223 41 cannibal
1090 1817 140 45 quest
1260 1814 127 40 from
1425 1813 190 47 Sydney
1650 1817 47 37 to
1732 1812 374 49 Afghanistan.”

113 1885 49 51 ©
193 1890 108 38 Jan.
333 1891 66 38 10.
431 1889 139 40 1934;
603 1890 64 37 2c.
700 1888 106 38 Jan.
839 1888 81 39 22:
954 1887 80 39 aff.
1067 1888 108 39 Jan.
1206 1888 54 38 17:
1322 1888 37 36 A
1391 1886 168 41 69117:
1595 1887 50 38 G.
1683 1886 220 46 Sinclair,
178 1886 1912 101 Islington,
306 1946 216 40 Ontario,
552 1945 216 46 Canada.
840 1945 250 47 (34-1853)

109 2063 256 64 Snively,
398 2065 200 63 Harry
629 2063 322 65 Hamilton,
986 2067 323 49 1868-1931.

178 2140 119 53 The
331 2140 174 53 battle
540 2140 63 53 of
633 2141 94 52 the
760 2140 524 67 non-combatants;
1320 2141 94 52 the
1449 2141 194 52 letters
1676 2139 64 54 of
1773 2141 102 51 Dr.
1910 2140 198 67 Harry

108 2216 302 54 Hamilton
442 2217 236 70 Snively
709 2224 58 47 to
799 2220 89 52 his
919 2218 208 69 family
1159 2218 151 53 from
1341 2219 226 68 Russia,
1598 2218 244 67 Poland,
1873 2218 237 64 France,

110 2294 282 70 Belgium,
439 2296 215 68 Persia,
702 2302 119 62 etc.,
868 2297 310 53 assembled
1225 2297 75 69 by
1346 2296 89 54 his
1484 2296 302 70 daughter,
1832 2293 277 71 Marjorie

109 2373 309 54 Knowlton
445 2374 264 70 Snively;
738 2375 189 53 edited
952 2375 74 69 by
1050 2375 55 54 J.
1133 2374 220 69 George
1379 2374 325 54 Frederick.
1767 2375 137 51 New
1931 2373 180 67 York,

110 2451 118 54 The
259 2453 269 53 Business
556 2453 219 66 bourse,
807 2456 150 50 1933.

177 2524 1770 51 4 p. l., 7 p., 2 l., 9-252 p. plates (1 fold.) ports., facsim. 19½cm.
116 2593 49 51 ©
196 2599 108 38 Jan.
335 2599 67 39 15.
433 2598 139 39 1934;
605 2599 65 38 2c.
701 2601 94 37 and
826 2599 80 39 aff.
940 2600 106 38 Jan.
1079 2600 80 38 18:
1193 2600 38 37 A
1262 2599 169 40 68956:
1466 2599 232 39 Business
1730 2599 185 39 bourse.

189 2655 249 48 (34-1854)

112 2771 249 66 Steiner,
392 2773 238 63 Rudolf,
666 2776 324 51 1861-1925.

180 2847 233 54 Human
461 2848 103 53 life
614 2850 57 51 in
720 2851 95 52 the
862 2851 150 69 light
1060 2851 64 52 of
1171 2851 268 68 spiritual
112 2851 1975 144 science—anthroposophy—[by]
496 2927 223 53 Rudolf
755 2927 242 69 Steiner,
1033 2947 98 34 ph.
1170 2949 45 33 d.;
1284 2929 317 53 translated
1640 2928 151 54 from
1828 2929 95 53 the

113 2926 1974 130 original
278 3004 248 55 German
575 3006 74 68 by
697 3005 230 71 Shirley
974 3007 79 52 M.
1104 3008 72 51 K.
1228 3007 263 55 Gandell.
1577 3007 138 53 New
1767 3007 160 53 York
1977 3006 135 68 city,

111 3080 505 71 Anthroposophie
647 3102 176 50 press,
855 3088 149 49 1933.

177 3157 55 39 45
263 3169 42 36 p.
365 3158 143 40 18½cm.

187 3229 126 40 “The
351 3230 251 48 following
641 3231 334 41 observations
1013 3232 189 40 formed
1244 3233 79 39 the
1362 3234 195 38 content
1596 3231 53 41 of
1686 3242 27 29 a
1753 3233 183 37 lecture

1973 3230 25 39 1
115 3230 1980 96 delivered
322 3297 59 28 on
410 3288 79 38 the
518 3287 109 40 16th
658 3288 50 38 of
737 3288 218 44 October,
985 3289 126 43 1916,
1141 3293 51 36 at
1222 3288 226 41 Liestal.”
1453 3289 333 39 —Foreword.

116 3350 49 51 ©
194 3356 107 38 Jan.
329 3358 39 43 4,
397 3356 139 42 1934;
566 3358 65 38 2c.
661 3359 108 38 Jan.
799 3359 50 38 8:
882 3359 79 39 aff.
1025 3371 73 27 Jan.
1129 3360 79 39 12:
1236 3360 44 38 A
1309 3358 169 42 67970:
1511 3357 419 48 Anthroposophie
1960 3366 147 38 press.

191 3412 248 47 (34-1707)

114 3526 195 67 Stone,
341 3531 218 53 Archie
590 3533 332 65 Augustus,
956 3537 170 50 1893-

183 3605 1928 72 Farm machinery, by Archie A. Stone … 2d ed. New York,
114 3681 52 52 J.
195 3679 185 71 Wiley
407 3686 45 49 &
478 3703 142 49 sons,
648 3689 106 51 inc.;
815 3688 256 69 London,
1101 3688 297 68 Chapman
1425 3690 45 49 &
1497 3688 160 66 Hall,
1686 3685 239 70 limited,
1957 3689 148 49 1934.

181 3754 82 48 xii,
300 3756 85 39 466
422 3767 41 37 p.
529 3758 141 48 illus.,
711 3760 151 47 diagr.
924 3761 116 40 21cm.
1112 3761 298 49 (Half-title:
1444 3763 99 38 The
1583 3761 154 48 Wiley
1775 3761 128 39 farm
1941 3760 162 48 series,

112 3811 1369 54 ed. by A. K. Getman … and C. E. Ladd) $3.00
118 3881 1973 115 © Jan. 9. 1934; 2c. and aff. Jan. 11: A 68851: A. A. Stone, Farmingdale, L, I., N. Y. (34-1863)
