<alto xmlns="http://www.loc.gov/standards/alto/ns-v3#" xmlns:xlink="http://www.w3.org/1999/xlink" xmlns:xsi="http://www.w3.org/2001/XMLSchema-instance" xsi:schemaLocation="http://www.loc.gov/standards/alto/ns-v3# http://www.loc.gov/alto/v3/alto-3-0.xsd"><Description>
<MeasurementUnit>pixel</MeasurementUnit>
<sourceImageInformation>
<fileName>1934_v1_Part1.pdf</fileName>
</sourceImageInformation>
<OCRProcessing ID="IdOcr">
<ocrProcessingStep>
<processingDateTime>2019-01-10</processingDateTime>
<processingSoftware>
<softwareCreator>ABBYY</softwareCreator>
<softwareName>ABBYY Recognition Server</softwareName>
<softwareVersion>4.0</softwareVersion>
</processingSoftware>
</ocrProcessingStep>
</OCRProcessing>
</Description>
<Styles>
<ParagraphStyle ID="StyleId-FFFFFFFF-FFFF-FFFF-FFFF-FFFFFFFFFFFF-" ALIGN="Left" LEFT="0." RIGHT="0." FIRSTLINE="0."/>
<ParagraphStyle ID="StyleId-521E1FC6-FE7E-43A4-90E6-A9B61626A263-" ALIGN="Right" LEFT="0." RIGHT="0." FIRSTLINE="0." LINESPACE="13.30000019"/>
<ParagraphStyle ID="StyleId-639B624E-F6F5-47B6-BB1D-34E64B53022F-" ALIGN="Left" LEFT="0." RIGHT="0." FIRSTLINE="-27." LINESPACE="13.43999958"/>
<ParagraphStyle ID="StyleId-100905F9-D385-406B-A5BD-ED5B8FD85431-" ALIGN="Left" LEFT="0." RIGHT="0." FIRSTLINE="0."/>
<ParagraphStyle ID="StyleId-7C9F9BA2-EF3A-4B7F-8486-CCC7B7F49B39-" ALIGN="Left" LEFT="0." RIGHT="0." FIRSTLINE="-27." LINESPACE="18.71999931"/>
<ParagraphStyle ID="StyleId-350780E3-60F2-4605-88F5-BB54F9B87091-" ALIGN="Block" LEFT="0." RIGHT="0." FIRSTLINE="-27." LINESPACE="18.71999931"/>
<ParagraphStyle ID="StyleId-90B16C58-D795-4C77-9B89-30378C515D40-" ALIGN="Left" LEFT="0." RIGHT="0." FIRSTLINE="0." LINESPACE="14.39999962"/>
<ParagraphStyle ID="StyleId-17090E09-AFAF-4086-BD9B-4E99FAE6B057-" ALIGN="Right" LEFT="0." RIGHT="0." FIRSTLINE="-27." LINESPACE="14.39999962"/>
<ParagraphStyle ID="StyleId-8B87B633-89DB-4D72-B1FC-26E4ABD680BC-" ALIGN="Left" LEFT="0." RIGHT="0." FIRSTLINE="-27." LINESPACE="18.47999954"/>
<ParagraphStyle ID="StyleId-42DA7417-CA90-4D71-A57B-06556C38D752-" ALIGN="Left" LEFT="0." RIGHT="0." FIRSTLINE="0." LINESPACE="13.30000019"/>
<ParagraphStyle ID="StyleId-D8EE2A7E-42AE-4E35-98DB-F0F935637AA0-" ALIGN="Block" LEFT="0." RIGHT="0." FIRSTLINE="0." LINESPACE="6.599999905"/>
<ParagraphStyle ID="StyleId-33CD3121-D4F5-43B6-BA96-6382D166E6B8-" ALIGN="Left" LEFT="0." RIGHT="0." FIRSTLINE="0." LINESPACE="15.5"/>
<ParagraphStyle ID="StyleId-1CE52AFA-C319-4DD9-B4B1-F0EBFA2B3F0B-" ALIGN="Block" LEFT="0." RIGHT="0." FIRSTLINE="-21." LINESPACE="18.71999931"/>
<ParagraphStyle ID="StyleId-B74F1B65-92F1-49C5-A5FA-D20442F031F2-" ALIGN="Left" LEFT="0." RIGHT="0." FIRSTLINE="0." LINESPACE="17.70006076"/>
<ParagraphStyle ID="StyleId-79E2924A-215C-40B7-B577-7236BFBAA25E-" ALIGN="Center" LEFT="0." RIGHT="0." FIRSTLINE="0." LINESPACE="7.199999809"/>
</Styles>
<Layout>
<Page ID="Page1390" PHYSICAL_IMG_NR="1390" HEIGHT="4196" WIDTH="2350">
<TopMargin HEIGHT="385" WIDTH="2350" VPOS="0" HPOS="0">
</TopMargin>
<LeftMargin HEIGHT="3743" WIDTH="172" VPOS="385" HPOS="0">
</LeftMargin>
<RightMargin HEIGHT="3743" WIDTH="100" VPOS="385" HPOS="2250">
</RightMargin>
<BottomMargin HEIGHT="68" WIDTH="2350" VPOS="4128" HPOS="0">
</BottomMargin>
<PrintSpace HEIGHT="3743" WIDTH="2078" VPOS="385" HPOS="172">
<TextBlock ID="Page1390_Block1" HEIGHT="101" WIDTH="182" VPOS="4027" HPOS="1149" LANG="en-US" STYLEREFS="StyleId-9ACF0DFC-9A3D-42AB-AF77-7BB353F13E9F-">
<TextLine HEIGHT="47" WIDTH="128" VPOS="4038" HPOS="1182">
<String CONTENT="1390" HEIGHT="47" WIDTH="128" VPOS="4038" HPOS="1182"/>
</TextLine>
</TextBlock>
<TextBlock ID="Page1390_Block2" HEIGHT="3645" WIDTH="2078" VPOS="385" HPOS="172" LANG="en-US" CS="1" STYLEREFS="StyleId-B8C5790B-3E6A-41E6-8C7D-D205A02331A2-">
<Shape>
<Polygon POINTS="186,385 2250,385 2250,4030 172,4030 172,1492 186,1492 186,385"/>
</Shape>
<TextLine HEIGHT="65" WIDTH="482" VPOS="413" HPOS="233" STYLEREFS="StyleId-40E238D9-116A-494A-81EE-2A4300B04FFE-">
<String LANG="en-US" CONTENT="Dodd," HEIGHT="65" WIDTH="184" VPOS="413" HPOS="233"/>
<SP HEIGHT="64" WIDTH="27" VPOS="414" HPOS="418"/>
<String LANG="fi" CONTENT="Ruth" HEIGHT="53" WIDTH="163" VPOS="413" HPOS="446"/>
<SP HEIGHT="52" WIDTH="26" VPOS="413" HPOS="610"/>
<String LANG="fi" CONTENT="M." HEIGHT="56" WIDTH="78" VPOS="414" HPOS="637"/>
</TextLine>
<TextLine HEIGHT="72" WIDTH="1918" VPOS="484" HPOS="307" STYLEREFS="StyleId-5385A81F-AA18-4952-9624-76C8E683EDC9-">
<String CONTENT="Volunteer" HEIGHT="52" WIDTH="311" VPOS="488" HPOS="307"/>
<SP HEIGHT="32" WIDTH="25" VPOS="507" HPOS="619"/>
<String CONTENT="values," HEIGHT="67" WIDTH="208" VPOS="488" HPOS="645"/>
<SP HEIGHT="48" WIDTH="25" VPOS="507" HPOS="854"/>
<String CONTENT="compiled" HEIGHT="68" WIDTH="281" VPOS="488" HPOS="880"/>
<SP HEIGHT="53" WIDTH="25" VPOS="487" HPOS="1162"/>
<String CONTENT="from" HEIGHT="52" WIDTH="154" VPOS="487" HPOS="1188"/>
<SP HEIGHT="33" WIDTH="23" VPOS="505" HPOS="1343"/>
<String CONTENT="articles" HEIGHT="53" WIDTH="225" VPOS="485" HPOS="1367"/>
<SP HEIGHT="46" WIDTH="25" VPOS="491" HPOS="1593"/>
<String CONTENT="that" HEIGHT="52" WIDTH="127" VPOS="485" HPOS="1619"/>
<SP HEIGHT="52" WIDTH="22" VPOS="485" HPOS="1747"/>
<String CONTENT="have" HEIGHT="52" WIDTH="145" VPOS="485" HPOS="1770"/>
<SP HEIGHT="34" WIDTH="24" VPOS="503" HPOS="1916"/>
<String CONTENT="appeared" HEIGHT="69" WIDTH="284" VPOS="484" HPOS="1941"/>
</TextLine>
<TextLine HEIGHT="72" WIDTH="1989" VPOS="561" HPOS="238" STYLEREFS="StyleId-5385A81F-AA18-4952-9624-76C8E683EDC9-">
<String CONTENT="in" HEIGHT="51" WIDTH="59" VPOS="565" HPOS="238"/>
<SP HEIGHT="45" WIDTH="33" VPOS="572" HPOS="298"/>
<String CONTENT="the" HEIGHT="52" WIDTH="94" VPOS="565" HPOS="332"/>
<SP HEIGHT="50" WIDTH="35" VPOS="566" HPOS="427"/>
<String CONTENT="Family," HEIGHT="67" WIDTH="245" VPOS="566" HPOS="463"/>
<SP HEIGHT="48" WIDTH="36" VPOS="585" HPOS="709"/>
<String CONTENT="other" HEIGHT="52" WIDTH="159" VPOS="566" HPOS="746"/>
<SP HEIGHT="48" WIDTH="34" VPOS="585" HPOS="906"/>
<String CONTENT="publications," HEIGHT="68" WIDTH="397" VPOS="565" HPOS="941"/>
<SP HEIGHT="49" WIDTH="37" VPOS="582" HPOS="1339"/>
<String CONTENT="and" HEIGHT="52" WIDTH="112" VPOS="563" HPOS="1377"/>
<SP HEIGHT="52" WIDTH="37" VPOS="563" HPOS="1490"/>
<String CONTENT="unpublished" HEIGHT="69" WIDTH="381" VPOS="561" HPOS="1528"/>
<SP HEIGHT="52" WIDTH="36" VPOS="563" HPOS="1910"/>
<String CONTENT="material," HEIGHT="65" WIDTH="280" VPOS="562" HPOS="1947"/>
</TextLine>
<TextLine HEIGHT="132" WIDTH="1965" VPOS="639" HPOS="238" STYLEREFS="StyleId-5385A81F-AA18-4952-9624-76C8E683EDC9-" CS="1">
<String CONTENT="by" HEIGHT="67" WIDTH="74" VPOS="642" HPOS="238"/>
<SP HEIGHT="67" WIDTH="25" VPOS="642" HPOS="313"/>
<String CONTENT="Ruth" HEIGHT="52" WIDTH="158" VPOS="642" HPOS="339"/>
<SP HEIGHT="51" WIDTH="25" VPOS="643" HPOS="498"/>
<String CONTENT="M." HEIGHT="52" WIDTH="78" VPOS="643" HPOS="524"/>
<SP HEIGHT="52" WIDTH="25" VPOS="643" HPOS="603"/>
<String CONTENT="Dodd." HEIGHT="52" WIDTH="187" VPOS="643" HPOS="629"/>
<SP HEIGHT="52" WIDTH="62" VPOS="643" HPOS="817"/>
<String CONTENT="New" HEIGHT="52" WIDTH="139" VPOS="643" HPOS="880"/>
<SP HEIGHT="51" WIDTH="28" VPOS="644" HPOS="1020"/>
<String CONTENT="York," HEIGHT="67" WIDTH="178" VPOS="642" HPOS="1049"/>
<SP HEIGHT="68" WIDTH="25" VPOS="641" HPOS="1228"/>
<String LANG="fi" CONTENT="N." HEIGHT="54" WIDTH="69" VPOS="641" HPOS="1254"/>
<SP HEIGHT="54" WIDTH="29" VPOS="641" HPOS="1324"/>
<String CONTENT="Y.," HEIGHT="67" WIDTH="89" VPOS="641" HPOS="1354"/>
<SP HEIGHT="67" WIDTH="25" VPOS="641" HPOS="1444"/>
<String CONTENT="Family" HEIGHT="70" WIDTH="230" VPOS="639" HPOS="1470"/>
<SP HEIGHT="51" WIDTH="26" VPOS="658" HPOS="1701"/>
<String CONTENT="welfare" HEIGHT="52" WIDTH="233" VPOS="640" HPOS="1728"/>
<SP HEIGHT="34" WIDTH="29" VPOS="658" HPOS="1962"/>
<String CONTENT="association" HEIGHT="131" WIDTH="1965" VPOS="640" HPOS="238"/>
</TextLine>
<TextLine HEIGHT="68" WIDTH="578" VPOS="719" HPOS="389" STYLEREFS="StyleId-5385A81F-AA18-4952-9624-76C8E683EDC9-" CS="1">
<String CONTENT="of" HEIGHT="53" WIDTH="63" VPOS="719" HPOS="389"/>
<SP HEIGHT="52" WIDTH="25" VPOS="719" HPOS="453"/>
<String CONTENT="America" HEIGHT="53" WIDTH="264" VPOS="720" HPOS="479"/>
<SP HEIGHT="49" WIDTH="31" VPOS="738" HPOS="744"/>
<String CS="1" CONTENT="[c1934]" HEIGHT="64" WIDTH="173" VPOS="723" HPOS="794"/>
</TextLine>
<TextLine HEIGHT="48" WIDTH="302" VPOS="791" HPOS="311">
<String CONTENT="43" HEIGHT="40" WIDTH="55" VPOS="791" HPOS="311"/>
<SP HEIGHT="48" WIDTH="26" VPOS="791" HPOS="367"/>
<String CONTENT="p." HEIGHT="38" WIDTH="43" VPOS="801" HPOS="394"/>
<SP HEIGHT="39" WIDTH="58" VPOS="792" HPOS="438"/>
<String CONTENT="23cm." HEIGHT="41" WIDTH="116" VPOS="792" HPOS="497"/>
</TextLine>
<TextLine HEIGHT="49" WIDTH="995" VPOS="846" HPOS="309">
<String CONTENT="Bibliography" HEIGHT="49" WIDTH="345" VPOS="846" HPOS="309"/>
<SP HEIGHT="35" WIDTH="27" VPOS="859" HPOS="655"/>
<String CONTENT="at" HEIGHT="37" WIDTH="52" VPOS="852" HPOS="683"/>
<SP HEIGHT="37" WIDTH="27" VPOS="852" HPOS="736"/>
<String CONTENT="end" HEIGHT="40" WIDTH="89" VPOS="849" HPOS="764"/>
<SP HEIGHT="39" WIDTH="29" VPOS="849" HPOS="854"/>
<String CONTENT="of" HEIGHT="39" WIDTH="51" VPOS="849" HPOS="884"/>
<SP HEIGHT="40" WIDTH="27" VPOS="849" HPOS="936"/>
<String CONTENT="each" HEIGHT="40" WIDTH="116" VPOS="849" HPOS="964"/>
<SP HEIGHT="39" WIDTH="29" VPOS="849" HPOS="1081"/>
<String CONTENT="section." HEIGHT="39" WIDTH="193" VPOS="849" HPOS="1111"/>
</TextLine>
<TextLine HEIGHT="50" WIDTH="1982" VPOS="903" HPOS="247" CS="1">
<String CONTENT="&#169;" HEIGHT="50" WIDTH="50" VPOS="903" HPOS="247"/>
<SP HEIGHT="50" WIDTH="34" VPOS="903" HPOS="298"/>
<String CS="1" CONTENT="Oct" HEIGHT="39" WIDTH="37" VPOS="907" HPOS="333"/>
<SP HEIGHT="37" WIDTH="45" VPOS="909" HPOS="421"/>
<String CONTENT="4." HEIGHT="37" WIDTH="37" VPOS="909" HPOS="467"/>
<SP HEIGHT="38" WIDTH="33" VPOS="908" HPOS="505"/>
<String CONTENT="1934;" HEIGHT="43" WIDTH="138" VPOS="906" HPOS="539"/>
<SP HEIGHT="41" WIDTH="36" VPOS="908" HPOS="678"/>
<String CONTENT="2c." HEIGHT="39" WIDTH="63" VPOS="908" HPOS="715"/>
<SP HEIGHT="28" WIDTH="33" VPOS="918" HPOS="779"/>
<String CONTENT="and" HEIGHT="37" WIDTH="95" VPOS="909" HPOS="813"/>
<SP HEIGHT="37" WIDTH="32" VPOS="909" HPOS="909"/>
<String CONTENT="aff." HEIGHT="39" WIDTH="81" VPOS="907" HPOS="942"/>
<SP HEIGHT="40" WIDTH="33" VPOS="907" HPOS="1024"/>
<String CONTENT="Oct." HEIGHT="40" WIDTH="98" VPOS="907" HPOS="1058"/>
<SP HEIGHT="38" WIDTH="34" VPOS="906" HPOS="1157"/>
<String CONTENT="6;" HEIGHT="47" WIDTH="50" VPOS="906" HPOS="1192"/>
<SP HEIGHT="46" WIDTH="34" VPOS="907" HPOS="1243"/>
<!-- cceid C729A16B-6C64-1014-8713-889FF4349C01 --><String CONTENT="A" HEIGHT="37" WIDTH="41" VPOS="907" HPOS="1278"/>
<SP HEIGHT="37" WIDTH="34" VPOS="907" HPOS="1320"/>
<String CONTENT="76396:" HEIGHT="39" WIDTH="167" VPOS="905" HPOS="1355"/>
<SP HEIGHT="39" WIDTH="36" VPOS="905" HPOS="1523"/>
<String CONTENT="Family" HEIGHT="47" WIDTH="190" VPOS="905" HPOS="1560"/>
<SP HEIGHT="35" WIDTH="32" VPOS="917" HPOS="1751"/>
<String CONTENT="welfare" HEIGHT="38" WIDTH="200" VPOS="906" HPOS="1784"/>
<SP HEIGHT="28" WIDTH="33" VPOS="916" HPOS="1985"/>
<String CONTENT="assn." HEIGHT="29" WIDTH="126" VPOS="915" HPOS="2019"/>
<SP HEIGHT="25" WIDTH="32" VPOS="919" HPOS="2146"/>
<String CONTENT="of" HEIGHT="37" WIDTH="50" VPOS="907" HPOS="2179"/>
</TextLine>
<TextLine HEIGHT="47" WIDTH="582" VPOS="963" HPOS="314" CS="1">
<String CS="1" CONTENT="America." HEIGHT="37" WIDTH="233" VPOS="965" HPOS="314"/>
<SP HEIGHT="46" WIDTH="70" VPOS="964" HPOS="548"/>
<String CONTENT="(34-35104)" HEIGHT="47" WIDTH="277" VPOS="963" HPOS="619"/>
</TextLine>
<TextLine HEIGHT="67" WIDTH="1017" VPOS="1077" HPOS="239" STYLEREFS="StyleId-40E238D9-116A-494A-81EE-2A4300B04FFE-">
<String LANG="en-US" CONTENT="Douglass," HEIGHT="66" WIDTH="311" VPOS="1077" HPOS="239"/>
<SP HEIGHT="62" WIDTH="28" VPOS="1081" HPOS="551"/>
<String LANG="en-US" CONTENT="Paul" HEIGHT="51" WIDTH="145" VPOS="1081" HPOS="580"/>
<SP HEIGHT="51" WIDTH="27" VPOS="1081" HPOS="726"/>
<String LANG="fi" CONTENT="Franklin," HEIGHT="65" WIDTH="300" VPOS="1079" HPOS="754"/>
<SP HEIGHT="60" WIDTH="31" VPOS="1084" HPOS="1055"/>
<String LANG="en-US" CONTENT="1904-" HEIGHT="49" WIDTH="169" VPOS="1082" HPOS="1087"/>
</TextLine>
<TextLine HEIGHT="69" WIDTH="1919" VPOS="1154" HPOS="314" STYLEREFS="StyleId-5385A81F-AA18-4952-9624-76C8E683EDC9-">
<String CONTENT="The" HEIGHT="52" WIDTH="119" VPOS="1155" HPOS="314"/>
<SP HEIGHT="34" WIDTH="43" VPOS="1174" HPOS="434"/>
<String CONTENT="economic" HEIGHT="52" WIDTH="281" VPOS="1156" HPOS="478"/>
<SP HEIGHT="51" WIDTH="44" VPOS="1157" HPOS="760"/>
<String CONTENT="independence" HEIGHT="67" WIDTH="416" VPOS="1156" HPOS="805"/>
<SP HEIGHT="34" WIDTH="44" VPOS="1173" HPOS="1222"/>
<String CONTENT="of" HEIGHT="53" WIDTH="63" VPOS="1154" HPOS="1267"/>
<SP HEIGHT="52" WIDTH="42" VPOS="1154" HPOS="1331"/>
<String CONTENT="Poland;" HEIGHT="65" WIDTH="251" VPOS="1154" HPOS="1374"/>
<SP HEIGHT="47" WIDTH="49" VPOS="1172" HPOS="1626"/>
<String CONTENT="a" HEIGHT="33" WIDTH="28" VPOS="1172" HPOS="1676"/>
<SP HEIGHT="35" WIDTH="47" VPOS="1172" HPOS="1705"/>
<String CONTENT="study" HEIGHT="67" WIDTH="170" VPOS="1156" HPOS="1753"/>
<SP HEIGHT="67" WIDTH="42" VPOS="1156" HPOS="1924"/>
<String CONTENT="in" HEIGHT="50" WIDTH="60" VPOS="1156" HPOS="1967"/>
<SP HEIGHT="46" WIDTH="43" VPOS="1160" HPOS="2028"/>
<String CONTENT="trade" HEIGHT="51" WIDTH="161" VPOS="1155" HPOS="2072"/>
</TextLine>
<TextLine HEIGHT="70" WIDTH="1788" VPOS="1231" HPOS="244" STYLEREFS="StyleId-5385A81F-AA18-4952-9624-76C8E683EDC9-" CS="1">
<String CONTENT="adjustments" HEIGHT="67" WIDTH="376" VPOS="1231" HPOS="244"/>
<SP HEIGHT="46" WIDTH="25" VPOS="1239" HPOS="621"/>
<String CONTENT="to" HEIGHT="46" WIDTH="57" VPOS="1239" HPOS="647"/>
<SP HEIGHT="48" WIDTH="27" VPOS="1252" HPOS="705"/>
<String CONTENT="political" HEIGHT="66" WIDTH="257" VPOS="1234" HPOS="733"/>
<SP HEIGHT="51" WIDTH="26" VPOS="1234" HPOS="991"/>
<String CONTENT="objectives," HEIGHT="68" WIDTH="319" VPOS="1233" HPOS="1018"/>
<SP HEIGHT="67" WIDTH="24" VPOS="1232" HPOS="1338"/>
<String CONTENT="by" HEIGHT="68" WIDTH="76" VPOS="1232" HPOS="1363"/>
<SP HEIGHT="68" WIDTH="24" VPOS="1232" HPOS="1440"/>
<String CONTENT="Paul" HEIGHT="52" WIDTH="147" VPOS="1232" HPOS="1465"/>
<SP HEIGHT="52" WIDTH="25" VPOS="1232" HPOS="1613"/>
<String CONTENT="F." HEIGHT="51" WIDTH="63" VPOS="1233" HPOS="1639"/>
<SP HEIGHT="52" WIDTH="28" VPOS="1232" HPOS="1703"/>
<String CONTENT="Douglass." HEIGHT="68" WIDTH="300" VPOS="1232" HPOS="1732"/>
</TextLine>
<TextLine HEIGHT="149" WIDTH="1966" VPOS="1230" HPOS="241" STYLEREFS="StyleId-5385A81F-AA18-4952-9624-76C8E683EDC9-" CS="1">
<String CONTENT="Cincinnati," HEIGHT="136" WIDTH="1966" VPOS="1230" HPOS="241"/>
<SP HEIGHT="54" WIDTH="25" VPOS="1312" HPOS="475"/>
<String CONTENT="The" HEIGHT="52" WIDTH="120" VPOS="1311" HPOS="501"/>
<SP HEIGHT="52" WIDTH="25" VPOS="1311" HPOS="622"/>
<String CONTENT="Ruter" HEIGHT="52" WIDTH="180" VPOS="1311" HPOS="648"/>
<SP HEIGHT="50" WIDTH="26" VPOS="1329" HPOS="829"/>
<String CONTENT="press," HEIGHT="50" WIDTH="173" VPOS="1329" HPOS="856"/>
<SP HEIGHT="61" WIDTH="30" VPOS="1315" HPOS="1030"/>
<String CONTENT="1934." HEIGHT="50" WIDTH="147" VPOS="1313" HPOS="1061"/>
</TextLine>
<TextLine HEIGHT="49" WIDTH="747" VPOS="1381" HPOS="319" CS="1">
<String CONTENT="134" HEIGHT="40" WIDTH="82" VPOS="1381" HPOS="319"/>
<SP HEIGHT="47" WIDTH="34" VPOS="1383" HPOS="402"/>
<String CONTENT="p." HEIGHT="37" WIDTH="40" VPOS="1393" HPOS="437"/>
<SP HEIGHT="37" WIDTH="60" VPOS="1385" HPOS="478"/>
<String CONTENT="illus." HEIGHT="40" WIDTH="124" VPOS="1383" HPOS="539"/>
<SP HEIGHT="44" WIDTH="31" VPOS="1384" HPOS="664"/>
<String CONTENT="(map)" HEIGHT="46" WIDTH="156" VPOS="1384" HPOS="696"/>
<SP HEIGHT="46" WIDTH="68" VPOS="1384" HPOS="853"/>
<String CS="1" CONTENT="23&#189;cm." HEIGHT="39" WIDTH="144" VPOS="1384" HPOS="922"/>
</TextLine>
<TextLine HEIGHT="65" WIDTH="1982" VPOS="1423" HPOS="248" CS="1">
<String CONTENT="&#169;" HEIGHT="50" WIDTH="52" VPOS="1438" HPOS="248"/>
<SP HEIGHT="50" WIDTH="27" VPOS="1438" HPOS="301"/>
<String CONTENT="Oct." HEIGHT="39" WIDTH="98" VPOS="1443" HPOS="329"/>
<SP HEIGHT="37" WIDTH="25" VPOS="1444" HPOS="428"/>
<String CONTENT="15." HEIGHT="36" WIDTH="68" VPOS="1444" HPOS="454"/>
<SP HEIGHT="36" WIDTH="24" VPOS="1444" HPOS="523"/>
<String CONTENT="1934:" HEIGHT="40" WIDTH="139" VPOS="1441" HPOS="548"/>
<SP HEIGHT="37" WIDTH="26" VPOS="1444" HPOS="688"/>
<String CONTENT="2c." HEIGHT="37" WIDTH="64" VPOS="1444" HPOS="715"/>
<SP HEIGHT="27" WIDTH="28" VPOS="1454" HPOS="780"/>
<String CONTENT="and" HEIGHT="37" WIDTH="92" VPOS="1444" HPOS="809"/>
<SP HEIGHT="37" WIDTH="27" VPOS="1444" HPOS="902"/>
<String CONTENT="aff." HEIGHT="39" WIDTH="78" VPOS="1442" HPOS="930"/>
<SP HEIGHT="39" WIDTH="29" VPOS="1442" HPOS="1009"/>
<String CONTENT="Oct." HEIGHT="39" WIDTH="99" VPOS="1442" HPOS="1039"/>
<SP HEIGHT="36" WIDTH="27" VPOS="1444" HPOS="1139"/>
<String CONTENT="16:" HEIGHT="38" WIDTH="79" VPOS="1442" HPOS="1167"/>
<SP HEIGHT="37" WIDTH="29" VPOS="1443" HPOS="1247"/>
<!-- cceid C729DE9A-6C64-1014-8713-889FF4349C01 --><String CONTENT="A" HEIGHT="36" WIDTH="39" VPOS="1443" HPOS="1277"/>
<SP HEIGHT="36" WIDTH="26" VPOS="1443" HPOS="1317"/>
<String CS="1" CONTENT="76556:" HEIGHT="39" WIDTH="139" VPOS="1441" HPOS="1344"/>
<SP HEIGHT="38" WIDTH="30" VPOS="1442" HPOS="1511"/>
<String LANG="fr" CONTENT="P." HEIGHT="38" WIDTH="48" VPOS="1442" HPOS="1542"/>
<SP HEIGHT="39" WIDTH="28" VPOS="1441" HPOS="1591"/>
<String CONTENT="F." HEIGHT="40" WIDTH="50" VPOS="1441" HPOS="1620"/>
<SP HEIGHT="39" WIDTH="26" VPOS="1442" HPOS="1671"/>
<String CONTENT="Douglass." HEIGHT="45" WIDTH="254" VPOS="1441" HPOS="1698"/>
<SP HEIGHT="38" WIDTH="28" VPOS="1441" HPOS="1953"/>
<String CONTENT="Poultnly." HEIGHT="62" WIDTH="248" VPOS="1423" HPOS="1982"/>
</TextLine>
<TextLine HEIGHT="42" WIDTH="424" VPOS="1499" HPOS="320" CS="1">
<String LANG="fr" CS="1" CONTENT="Vt." HEIGHT="37" WIDTH="72" VPOS="1499" HPOS="320"/>
<SP HEIGHT="34" WIDTH="72" VPOS="1505" HPOS="393"/>
<String LANG="en-US" CONTENT="(34-35097)" HEIGHT="42" WIDTH="278" VPOS="1499" HPOS="466"/>
</TextLine>
<TextLine HEIGHT="70" WIDTH="1988" VPOS="1613" HPOS="249" STYLEREFS="StyleId-5385A81F-AA18-4952-9624-76C8E683EDC9-" LANG="de" CS="1">
<String CONTENT="Ergebnisse" HEIGHT="63" WIDTH="358" VPOS="1613" HPOS="249"/>
<SP HEIGHT="51" WIDTH="36" VPOS="1617" HPOS="608"/>
<String CONTENT="der" HEIGHT="51" WIDTH="98" VPOS="1617" HPOS="645"/>
<SP HEIGHT="32" WIDTH="35" VPOS="1636" HPOS="744"/>
<String CONTENT="exakten" HEIGHT="51" WIDTH="234" VPOS="1617" HPOS="780"/>
<SP HEIGHT="32" WIDTH="38" VPOS="1635" HPOS="1015"/>
<String CS="1" CONTENT="naturwissenschaften." HEIGHT="51" WIDTH="652" VPOS="1616" HPOS="1054"/>
<SP HEIGHT="50" WIDTH="71" VPOS="1618" HPOS="1707"/>
<String CONTENT="Hrsg," HEIGHT="65" WIDTH="175" VPOS="1618" HPOS="1779"/>
<SP HEIGHT="33" WIDTH="37" VPOS="1633" HPOS="1955"/>
<String CONTENT="von" HEIGHT="32" WIDTH="108" VPOS="1633" HPOS="1993"/>
<SP HEIGHT="51" WIDTH="37" VPOS="1614" HPOS="2102"/>
<String CONTENT="der" HEIGHT="51" WIDTH="97" VPOS="1614" HPOS="2140"/>
</TextLine>
<TextLine HEIGHT="69" WIDTH="1921" VPOS="1692" HPOS="316" STYLEREFS="StyleId-5385A81F-AA18-4952-9624-76C8E683EDC9-" LANG="de" CS="1">
<String CONTENT="sehriftleitung" HEIGHT="69" WIDTH="430" VPOS="1692" HPOS="316"/>
<SP HEIGHT="66" WIDTH="63" VPOS="1695" HPOS="747"/>
<String CONTENT="der" HEIGHT="50" WIDTH="97" VPOS="1695" HPOS="811"/>
<SP HEIGHT="38" WIDTH="64" VPOS="1706" HPOS="909"/>
<String CS="1" CONTENT="&#8220;Naturwissenschaften&quot;." HEIGHT="53" WIDTH="737" VPOS="1693" HPOS="974"/>
<SP HEIGHT="45" WIDTH="104" VPOS="1699" HPOS="1712"/>
<String CONTENT="13." HEIGHT="46" WIDTH="76" VPOS="1698" HPOS="1817"/>
<SP HEIGHT="50" WIDTH="63" VPOS="1694" HPOS="1894"/>
<String CONTENT="bd." HEIGHT="50" WIDTH="91" VPOS="1693" HPOS="1958"/>
<SP HEIGHT="50" WIDTH="72" VPOS="1692" HPOS="2050"/>
<String CONTENT="Mit" HEIGHT="50" WIDTH="114" VPOS="1692" HPOS="2123"/>
</TextLine>
<TextLine HEIGHT="67" WIDTH="1419" VPOS="1772" HPOS="320" STYLEREFS="StyleId-5385A81F-AA18-4952-9624-76C8E683EDC9-" LANG="de" CS="1">
<String CONTENT="205" HEIGHT="51" WIDTH="98" VPOS="1773" HPOS="320"/>
<SP HEIGHT="45" WIDTH="30" VPOS="1779" HPOS="419"/>
<String LANG="fr" CS="1" CONTENT="abbi" HEIGHT="32" WIDTH="27" VPOS="1790" HPOS="450"/>
<String CONTENT="ldungen." HEIGHT="66" WIDTH="265" VPOS="1772" HPOS="584"/>
<SP HEIGHT="49" WIDTH="76" VPOS="1773" HPOS="850"/>
<String CONTENT="Berlin." HEIGHT="51" WIDTH="215" VPOS="1773" HPOS="927"/>
<SP HEIGHT="52" WIDTH="29" VPOS="1775" HPOS="1143"/>
<String CONTENT="J." HEIGHT="52" WIDTH="53" VPOS="1775" HPOS="1173"/>
<SP HEIGHT="51" WIDTH="34" VPOS="1773" HPOS="1227"/>
<String CONTENT="Springer." HEIGHT="66" WIDTH="295" VPOS="1773" HPOS="1262"/>
<SP HEIGHT="45" WIDTH="32" VPOS="1780" HPOS="1558"/>
<String CONTENT="1934." HEIGHT="50" WIDTH="148" VPOS="1775" HPOS="1591"/>
</TextLine>
<TextLine HEIGHT="49" WIDTH="1238" VPOS="1844" HPOS="318" LANG="de" CS="1">
<String CONTENT="2" HEIGHT="34" WIDTH="25" VPOS="1848" HPOS="318"/>
<SP HEIGHT="44" WIDTH="25" VPOS="1848" HPOS="344"/>
<String CONTENT="p." HEIGHT="36" WIDTH="39" VPOS="1856" HPOS="370"/>
<SP HEIGHT="39" WIDTH="27" VPOS="1846" HPOS="410"/>
<String CS="1" CONTENT="l.," HEIGHT="7" WIDTH="7" VPOS="1877" HPOS="460"/>
<SP HEIGHT="38" WIDTH="24" VPOS="1846" HPOS="482"/>
<String CONTENT="873." HEIGHT="38" WIDTH="97" VPOS="1846" HPOS="507"/>
<SP HEIGHT="28" WIDTH="30" VPOS="1865" HPOS="605"/>
<String CS="1" CONTENT="[1]" HEIGHT="29" WIDTH="53" VPOS="1864" HPOS="636"/>
<SP HEIGHT="37" WIDTH="27" VPOS="1855" HPOS="690"/>
<String CONTENT="p." HEIGHT="36" WIDTH="39" VPOS="1855" HPOS="718"/>
<SP HEIGHT="37" WIDTH="54" VPOS="1845" HPOS="758"/>
<String CONTENT="illus." HEIGHT="38" WIDTH="141" VPOS="1845" HPOS="813"/>
<SP/>
<String LANG="en-US" CS="1" CONTENT="t"/>
<String CS="1" CONTENT="ables," HEIGHT="38" WIDTH="144" VPOS="1846" HPOS="1007"/>
<SP HEIGHT="37" WIDTH="27" VPOS="1847" HPOS="1152"/>
<String CONTENT="diagrs." HEIGHT="46" WIDTH="176" VPOS="1845" HPOS="1180"/>
<SP HEIGHT="40" WIDTH="55" VPOS="1844" HPOS="1357"/>
<String CONTENT="24" HEIGHT="40" WIDTH="55" VPOS="1844" HPOS="1413"/>
<String LANG="en-US" CS="1" CONTENT="&#189;"/>
<String CONTENT="cm." HEIGHT="35" WIDTH="56" VPOS="1847" HPOS="1500"/>
</TextLine>
<TextLine HEIGHT="47" WIDTH="651" VPOS="1901" HPOS="323">
<String LANG="en-US" CONTENT="Contains" HEIGHT="38" WIDTH="232" VPOS="1902" HPOS="323"/>
<SP HEIGHT="37" WIDTH="31" VPOS="1903" HPOS="556"/>
<String LANG="fr" CONTENT="bibliographies." HEIGHT="47" WIDTH="386" VPOS="1901" HPOS="588"/>
</TextLine>
<TextLine HEIGHT="51" WIDTH="1842" VPOS="1954" HPOS="257" CS="1">
<String LANG="de" CONTENT="&#169;" HEIGHT="51" WIDTH="49" VPOS="1954" HPOS="257"/>
<SP HEIGHT="51" WIDTH="28" VPOS="1954" HPOS="307"/>
<String LANG="en-US" CS="1" CONTENT="Aug." HEIGHT="38" WIDTH="117" VPOS="1960" HPOS="336"/>
<SP HEIGHT="40" WIDTH="30" VPOS="1958" HPOS="454"/>
<String LANG="de" CONTENT="29." HEIGHT="39" WIDTH="67" VPOS="1957" HPOS="485"/>
<SP HEIGHT="36" WIDTH="31" VPOS="1960" HPOS="553"/>
<String LANG="de" CONTENT="1934:" HEIGHT="41" WIDTH="138" VPOS="1957" HPOS="585"/>
<SP/>
<String LANG="de" CS="1" CONTENT="1c."/>
<SP/>
<String LANG="de" CS="1" CONTENT="N"/>
<String LANG="el" CONTENT="&#959;&#957;." HEIGHT="29" WIDTH="69" VPOS="1969" HPOS="901"/>
<SP HEIGHT="38" WIDTH="32" VPOS="1960" HPOS="971"/>
<String LANG="el" CONTENT="10:" HEIGHT="36" WIDTH="79" VPOS="1960" HPOS="1004"/>
<SP HEIGHT="36" WIDTH="35" VPOS="1960" HPOS="1084"/>
<!-- cceid C72A1B43-6C64-1014-8713-889FF4349C01 --><String LANG="fr" CONTENT="A" HEIGHT="36" WIDTH="37" VPOS="1960" HPOS="1120"/>
<String LANG="el" CONTENT="&#8212;" HEIGHT="3" WIDTH="59" VPOS="1982" HPOS="1158"/>
<String LANG="en-US" CONTENT="Foreign" HEIGHT="38" WIDTH="205" VPOS="1959" HPOS="1220"/>
<SP HEIGHT="41" WIDTH="30" VPOS="1956" HPOS="1426"/>
<String LANG="en-US" CONTENT="26118:" HEIGHT="40" WIDTH="169" VPOS="1956" HPOS="1457"/>
<SP HEIGHT="38" WIDTH="35" VPOS="1958" HPOS="1627"/>
<String LANG="en-US" CONTENT="Julius" HEIGHT="38" WIDTH="160" VPOS="1958" HPOS="1663"/>
<SP HEIGHT="37" WIDTH="33" VPOS="1956" HPOS="1824"/>
<String LANG="en-US" CONTENT="Springer." HEIGHT="46" WIDTH="241" VPOS="1956" HPOS="1858"/>
</TextLine>
<TextLine HEIGHT="63" WIDTH="649" VPOS="2076" HPOS="257" STYLEREFS="StyleId-40E238D9-116A-494A-81EE-2A4300B04FFE-">
<String CONTENT="Fetter," HEIGHT="62" WIDTH="219" VPOS="2077" HPOS="257"/>
<SP HEIGHT="62" WIDTH="27" VPOS="2077" HPOS="477"/>
<String CONTENT="Theodore" HEIGHT="52" WIDTH="300" VPOS="2076" HPOS="505"/>
<SP HEIGHT="51" WIDTH="29" VPOS="2077" HPOS="806"/>
<String CONTENT="A." HEIGHT="54" WIDTH="70" VPOS="2077" HPOS="836"/>
</TextLine>
<TextLine HEIGHT="139" WIDTH="1959" VPOS="2149" HPOS="257" STYLEREFS="StyleId-5385A81F-AA18-4952-9624-76C8E683EDC9-" CS="1">
<String CONTENT="Southwestern" HEIGHT="53" WIDTH="416" VPOS="2151" HPOS="327"/>
<SP HEIGHT="51" WIDTH="34" VPOS="2151" HPOS="744"/>
<String CONTENT="freight" HEIGHT="68" WIDTH="214" VPOS="2151" HPOS="779"/>
<SP HEIGHT="47" WIDTH="32" VPOS="2157" HPOS="994"/>
<String CONTENT="rates," HEIGHT="61" WIDTH="162" VPOS="2158" HPOS="1027"/>
<SP HEIGHT="67" WIDTH="28" VPOS="2152" HPOS="1190"/>
<String CONTENT="by" HEIGHT="68" WIDTH="72" VPOS="2152" HPOS="1219"/>
<SP HEIGHT="67" WIDTH="30" VPOS="2153" HPOS="1292"/>
<String CONTENT="Theodore" HEIGHT="53" WIDTH="292" VPOS="2152" HPOS="1323"/>
<SP HEIGHT="53" WIDTH="28" VPOS="2152" HPOS="1616"/>
<String CONTENT="A." HEIGHT="50" WIDTH="67" VPOS="2152" HPOS="1645"/>
<SP HEIGHT="51" WIDTH="34" VPOS="2151" HPOS="1713"/>
<String CONTENT="Fetter" HEIGHT="52" WIDTH="191" VPOS="2151" HPOS="1748"/>
<SP HEIGHT="33" WIDTH="36" VPOS="2169" HPOS="1940"/>
<String CS="1" CONTENT="&#8230;"/>
<SP HEIGHT="52" WIDTH="70" VPOS="2149" HPOS="2032"/>
<String CONTENT="Boston," HEIGHT="139" WIDTH="1959" VPOS="2149" HPOS="257"/>
</TextLine>
<TextLine HEIGHT="69" WIDTH="1309" VPOS="2228" HPOS="396" STYLEREFS="StyleId-5385A81F-AA18-4952-9624-76C8E683EDC9-">
<String CONTENT="The" HEIGHT="53" WIDTH="119" VPOS="2230" HPOS="396"/>
<SP HEIGHT="55" WIDTH="30" VPOS="2228" HPOS="516"/>
<String CONTENT="Christopher" HEIGHT="68" WIDTH="372" VPOS="2228" HPOS="547"/>
<SP HEIGHT="49" WIDTH="27" VPOS="2248" HPOS="920"/>
<String CONTENT="publishing" HEIGHT="67" WIDTH="330" VPOS="2230" HPOS="948"/>
<SP HEIGHT="66" WIDTH="27" VPOS="2230" HPOS="1279"/>
<String CONTENT="house" HEIGHT="53" WIDTH="171" VPOS="2230" HPOS="1307"/>
<SP HEIGHT="49" WIDTH="33" VPOS="2248" HPOS="1479"/>
<String CONTENT="[c1934]" HEIGHT="65" WIDTH="192" VPOS="2232" HPOS="1513"/>
</TextLine>
<TextLine HEIGHT="47" WIDTH="600" VPOS="2301" HPOS="324" CS="1">
<String CONTENT="151" HEIGHT="39" WIDTH="83" VPOS="2301" HPOS="324"/>
<SP HEIGHT="46" WIDTH="26" VPOS="2302" HPOS="408"/>
<String CONTENT="p." HEIGHT="36" WIDTH="42" VPOS="2312" HPOS="435"/>
<SP HEIGHT="42" WIDTH="53" VPOS="2301" HPOS="478"/>
<String CONTENT="3" HEIGHT="40" WIDTH="24" VPOS="2301" HPOS="532"/>
<SP HEIGHT="40" WIDTH="26" VPOS="2301" HPOS="557"/>
<String CONTENT="maps." HEIGHT="37" WIDTH="149" VPOS="2311" HPOS="584"/>
<SP HEIGHT="39" WIDTH="57" VPOS="2301" HPOS="734"/>
<String CS="1" CONTENT="20&#189;cm." HEIGHT="40" WIDTH="132" VPOS="2301" HPOS="792"/>
</TextLine>
<TextLine HEIGHT="105" WIDTH="1964" VPOS="2358" HPOS="258" CS="1">
<String CONTENT="&#8220;This" HEIGHT="37" WIDTH="143" VPOS="2360" HPOS="328"/>
<SP HEIGHT="29" WIDTH="29" VPOS="2369" HPOS="472"/>
<String CONTENT="study" HEIGHT="45" WIDTH="144" VPOS="2359" HPOS="502"/>
<SP HEIGHT="35" WIDTH="31" VPOS="2369" HPOS="647"/>
<String CONTENT="was" HEIGHT="28" WIDTH="99" VPOS="2369" HPOS="679"/>
<SP HEIGHT="29" WIDTH="32" VPOS="2368" HPOS="779"/>
<String CONTENT="originally" HEIGHT="48" WIDTH="256" VPOS="2358" HPOS="812"/>
<SP HEIGHT="36" WIDTH="31" VPOS="2370" HPOS="1069"/>
<String CONTENT="prepared" HEIGHT="46" WIDTH="234" VPOS="2361" HPOS="1101"/>
<SP HEIGHT="38" WIDTH="30" VPOS="2361" HPOS="1336"/>
<String CONTENT="as" HEIGHT="29" WIDTH="53" VPOS="2371" HPOS="1367"/>
<SP HEIGHT="29" WIDTH="30" VPOS="2371" HPOS="1421"/>
<String CONTENT="a" HEIGHT="28" WIDTH="23" VPOS="2371" HPOS="1452"/>
<SP HEIGHT="35" WIDTH="37" VPOS="2364" HPOS="1476"/>
<String CONTENT="thesis" HEIGHT="38" WIDTH="151" VPOS="2361" HPOS="1514"/>
<SP HEIGHT="29" WIDTH="31" VPOS="2368" HPOS="1666"/>
<String CONTENT="entitled" HEIGHT="38" WIDTH="201" VPOS="2361" HPOS="1698"/>
<SP HEIGHT="38" WIDTH="34" VPOS="2361" HPOS="1900"/>
<String CONTENT="&#8216;The" HEIGHT="38" WIDTH="112" VPOS="2360" HPOS="1935"/>
<SP HEIGHT="29" WIDTH="33" VPOS="2369" HPOS="2048"/>
<String CONTENT="southwestern" HEIGHT="96" WIDTH="1964" VPOS="2359" HPOS="258"/>
<SP HEIGHT="38" WIDTH="31" VPOS="2416" HPOS="461"/>
<String CONTENT="freight" HEIGHT="47" WIDTH="183" VPOS="2416" HPOS="493"/>
</TextLine>
<TextLine HEIGHT="103" WIDTH="1964" VPOS="2416" HPOS="256" CS="1">
<String CS="1" CONTENT="rate" HEIGHT="37" WIDTH="103" VPOS="2418" HPOS="709"/>
<SP HEIGHT="28" WIDTH="28" VPOS="2427" HPOS="813"/>
<String CONTENT="structure&#8217;." HEIGHT="39" WIDTH="273" VPOS="2416" HPOS="842"/>
<SP HEIGHT="37" WIDTH="56" VPOS="2417" HPOS="1116"/>
<String CONTENT="It" HEIGHT="38" WIDTH="44" VPOS="2417" HPOS="1173"/>
<SP HEIGHT="35" WIDTH="30" VPOS="2420" HPOS="1218"/>
<String CONTENT="was" HEIGHT="29" WIDTH="99" VPOS="2426" HPOS="1249"/>
<SP HEIGHT="29" WIDTH="31" VPOS="2426" HPOS="1349"/>
<String CONTENT="accepted" HEIGHT="44" WIDTH="224" VPOS="2419" HPOS="1381"/>
<SP HEIGHT="37" WIDTH="28" VPOS="2419" HPOS="1606"/>
<String CONTENT="in" HEIGHT="36" WIDTH="48" VPOS="2419" HPOS="1635"/>
<SP HEIGHT="37" WIDTH="29" VPOS="2418" HPOS="1684"/>
<String CONTENT="1931" HEIGHT="38" WIDTH="109" VPOS="2417" HPOS="1714"/>
<SP HEIGHT="36" WIDTH="34" VPOS="2419" HPOS="1824"/>
<String CONTENT="in" HEIGHT="37" WIDTH="47" VPOS="2419" HPOS="1859"/>
<SP HEIGHT="36" WIDTH="30" VPOS="2428" HPOS="1907"/>
<String CONTENT="partial" HEIGHT="47" WIDTH="180" VPOS="2417" HPOS="1938"/>
<SP HEIGHT="39" WIDTH="28" VPOS="2416" HPOS="2119"/>
<String CONTENT="fulfillment" HEIGHT="96" WIDTH="1964" VPOS="2416" HPOS="256"/>
<SP HEIGHT="35" WIDTH="28" VPOS="2476" HPOS="458"/>
<String CONTENT="of" HEIGHT="38" WIDTH="49" VPOS="2473" HPOS="487"/>
<SP HEIGHT="39" WIDTH="26" VPOS="2473" HPOS="537"/>
<String CONTENT="the" HEIGHT="38" WIDTH="80" VPOS="2474" HPOS="564"/>
<SP HEIGHT="29" WIDTH="25" VPOS="2483" HPOS="645"/>
<String CONTENT="requirements" HEIGHT="46" WIDTH="349" VPOS="2473" HPOS="671"/>
</TextLine>
<TextLine HEIGHT="104" WIDTH="1970" VPOS="2472" HPOS="253" CS="1">
<String CONTENT="for" HEIGHT="39" WIDTH="78" VPOS="2472" HPOS="1046"/>
<SP HEIGHT="35" WIDTH="27" VPOS="2477" HPOS="1125"/>
<String CONTENT="the" HEIGHT="38" WIDTH="81" VPOS="2474" HPOS="1153"/>
<SP HEIGHT="37" WIDTH="28" VPOS="2475" HPOS="1235"/>
<String CONTENT="degree" HEIGHT="45" WIDTH="168" VPOS="2475" HPOS="1264"/>
<SP HEIGHT="29" WIDTH="28" VPOS="2484" HPOS="1433"/>
<String CONTENT="of" HEIGHT="37" WIDTH="50" VPOS="2475" HPOS="1462"/>
<SP HEIGHT="37" WIDTH="28" VPOS="2475" HPOS="1513"/>
<String CONTENT="master" HEIGHT="36" WIDTH="180" VPOS="2477" HPOS="1542"/>
<SP HEIGHT="25" WIDTH="27" VPOS="2485" HPOS="1723"/>
<String CONTENT="of" HEIGHT="37" WIDTH="49" VPOS="2475" HPOS="1751"/>
<SP HEIGHT="37" WIDTH="26" VPOS="2475" HPOS="1801"/>
<String CONTENT="science" HEIGHT="38" WIDTH="183" VPOS="2475" HPOS="1828"/>
<SP HEIGHT="38" WIDTH="28" VPOS="2475" HPOS="2012"/>
<String CONTENT="in" HEIGHT="37" WIDTH="47" VPOS="2475" HPOS="2041"/>
<SP HEIGHT="37" WIDTH="29" VPOS="2475" HPOS="2089"/>
<String CONTENT="business" HEIGHT="95" WIDTH="1970" VPOS="2475" HPOS="253"/>
<SP HEIGHT="29" WIDTH="29" VPOS="2540" HPOS="364"/>
<String CONTENT="administration" HEIGHT="38" WIDTH="396" VPOS="2531" HPOS="394"/>
<SP HEIGHT="29" WIDTH="27" VPOS="2540" HPOS="791"/>
<String CONTENT="at" HEIGHT="36" WIDTH="51" VPOS="2533" HPOS="819"/>
<SP HEIGHT="39" WIDTH="27" VPOS="2530" HPOS="871"/>
<String CONTENT="Washington" HEIGHT="46" WIDTH="319" VPOS="2530" HPOS="899"/>
</TextLine>
<TextLine HEIGHT="47" WIDTH="991" VPOS="2531" HPOS="1247">
<String CONTENT="university." HEIGHT="44" WIDTH="285" VPOS="2532" HPOS="1247"/>
<SP HEIGHT="40" WIDTH="57" VPOS="2531" HPOS="1533"/>
<String CONTENT="Early" HEIGHT="47" WIDTH="148" VPOS="2531" HPOS="1591"/>
<SP HEIGHT="46" WIDTH="31" VPOS="2532" HPOS="1740"/>
<String CONTENT="in" HEIGHT="37" WIDTH="46" VPOS="2532" HPOS="1772"/>
<SP HEIGHT="36" WIDTH="30" VPOS="2533" HPOS="1819"/>
<String CONTENT="1933" HEIGHT="39" WIDTH="111" VPOS="2531" HPOS="1850"/>
<SP HEIGHT="40" WIDTH="31" VPOS="2531" HPOS="1962"/>
<String CONTENT="a" HEIGHT="29" WIDTH="23" VPOS="2542" HPOS="1994"/>
<SP HEIGHT="36" WIDTH="32" VPOS="2542" HPOS="2018"/>
<String CONTENT="portion" HEIGHT="46" WIDTH="187" VPOS="2532" HPOS="2051"/>
</TextLine>
<TextLine HEIGHT="48" WIDTH="1931" VPOS="2587" HPOS="256" CS="1">
<String CONTENT="of" HEIGHT="39" WIDTH="50" VPOS="2588" HPOS="256"/>
<SP HEIGHT="38" WIDTH="23" VPOS="2588" HPOS="307"/>
<String CONTENT="it" HEIGHT="37" WIDTH="38" VPOS="2589" HPOS="331"/>
<SP HEIGHT="35" WIDTH="21" VPOS="2591" HPOS="370"/>
<String CONTENT="was" HEIGHT="29" WIDTH="99" VPOS="2598" HPOS="392"/>
<SP HEIGHT="36" WIDTH="23" VPOS="2598" HPOS="492"/>
<String CONTENT="published" HEIGHT="46" WIDTH="252" VPOS="2588" HPOS="516"/>
<SP HEIGHT="38" WIDTH="25" VPOS="2588" HPOS="769"/>
<String CONTENT="under" HEIGHT="38" WIDTH="152" VPOS="2588" HPOS="795"/>
<SP HEIGHT="35" WIDTH="26" VPOS="2590" HPOS="948"/>
<String CONTENT="the" HEIGHT="38" WIDTH="77" VPOS="2587" HPOS="975"/>
<SP HEIGHT="35" WIDTH="26" VPOS="2590" HPOS="1053"/>
<String CONTENT="title" HEIGHT="38" WIDTH="104" VPOS="2588" HPOS="1080"/>
<SP HEIGHT="32" WIDTH="25" VPOS="2594" HPOS="1185"/>
<String CONTENT="'The" HEIGHT="39" WIDTH="113" VPOS="2587" HPOS="1211"/>
<SP HEIGHT="38" WIDTH="21" VPOS="2588" HPOS="1325"/>
<String CONTENT="Texas" HEIGHT="39" WIDTH="159" VPOS="2588" HPOS="1347"/>
<SP HEIGHT="28" WIDTH="24" VPOS="2599" HPOS="1507"/>
<String CONTENT="common" HEIGHT="29" WIDTH="214" VPOS="2598" HPOS="1532"/>
<SP HEIGHT="37" WIDTH="27" VPOS="2598" HPOS="1747"/>
<String CS="1" CONTENT="points&#8217;.&quot;&#183;&#8212;" HEIGHT="47" WIDTH="279" VPOS="2588" HPOS="1775"/>
<String LANG="fr" CS="1" CONTENT="Pref." HEIGHT="39" WIDTH="129" VPOS="2587" HPOS="2058"/>
</TextLine>
<TextLine HEIGHT="49" WIDTH="707" VPOS="2643" HPOS="326" CS="1">
<String CS="1" CONTENT="Bibliography:" HEIGHT="48" WIDTH="346" VPOS="2644" HPOS="326"/>
<SP HEIGHT="37" WIDTH="36" VPOS="2654" HPOS="701"/>
<String CONTENT="p." HEIGHT="37" WIDTH="42" VPOS="2654" HPOS="738"/>
<SP HEIGHT="38" WIDTH="37" VPOS="2645" HPOS="781"/>
<String CONTENT="143-145." HEIGHT="39" WIDTH="214" VPOS="2643" HPOS="819"/>
</TextLine>
<TextLine HEIGHT="51" WIDTH="1981" VPOS="2701" HPOS="261" CS="1">
<String CONTENT="&#169;" HEIGHT="51" WIDTH="49" VPOS="2701" HPOS="261"/>
<SP HEIGHT="51" WIDTH="28" VPOS="2701" HPOS="311"/>
<String CONTENT="Sept." HEIGHT="46" WIDTH="124" VPOS="2706" HPOS="340"/>
<SP HEIGHT="36" WIDTH="24" VPOS="2707" HPOS="465"/>
<String CONTENT="20." HEIGHT="42" WIDTH="69" VPOS="2704" HPOS="490"/>
<SP HEIGHT="40" WIDTH="25" VPOS="2706" HPOS="560"/>
<String CONTENT="1934:" HEIGHT="40" WIDTH="138" VPOS="2703" HPOS="586"/>
<SP HEIGHT="39" WIDTH="27" VPOS="2703" HPOS="725"/>
<String CONTENT="2c." HEIGHT="38" WIDTH="63" VPOS="2703" HPOS="753"/>
<SP HEIGHT="27" WIDTH="27" VPOS="2714" HPOS="817"/>
<String CONTENT="and" HEIGHT="38" WIDTH="94" VPOS="2703" HPOS="845"/>
<SP HEIGHT="38" WIDTH="25" VPOS="2703" HPOS="940"/>
<String CONTENT="aff." HEIGHT="38" WIDTH="80" VPOS="2703" HPOS="966"/>
<SP HEIGHT="39" WIDTH="28" VPOS="2703" HPOS="1047"/>
<String CONTENT="Sept." HEIGHT="45" WIDTH="124" VPOS="2703" HPOS="1076"/>
<SP HEIGHT="39" WIDTH="25" VPOS="2701" HPOS="1201"/>
<String CS="1" CONTENT="24:" HEIGHT="39" WIDTH="49" VPOS="2701" HPOS="1227"/>
<SP HEIGHT="37" WIDTH="29" VPOS="2704" HPOS="1308"/>
<!-- cceid C72A5329-6C64-1014-8713-889FF4349C01 --><String CONTENT="A" HEIGHT="37" WIDTH="38" VPOS="2704" HPOS="1338"/>
<SP HEIGHT="38" WIDTH="27" VPOS="2704" HPOS="1377"/>
<String CONTENT="76079:" HEIGHT="41" WIDTH="167" VPOS="2702" HPOS="1405"/>
<SP HEIGHT="40" WIDTH="29" VPOS="2703" HPOS="1573"/>
<String CONTENT="Christopher" HEIGHT="47" WIDTH="314" VPOS="2703" HPOS="1603"/>
<SP HEIGHT="37" WIDTH="25" VPOS="2713" HPOS="1918"/>
<String CONTENT="pub." HEIGHT="46" WIDTH="107" VPOS="2704" HPOS="1944"/>
<SP HEIGHT="37" WIDTH="27" VPOS="2704" HPOS="2052"/>
<String CONTENT="house." HEIGHT="37" WIDTH="162" VPOS="2704" HPOS="2080"/>
</TextLine>
<TextLine HEIGHT="47" WIDTH="277" VPOS="2761" HPOS="339">
<String CONTENT="(34-35451)" HEIGHT="47" WIDTH="277" VPOS="2761" HPOS="339"/>
</TextLine>
<TextLine HEIGHT="66" WIDTH="825" VPOS="2863" HPOS="259" STYLEREFS="StyleId-40E238D9-116A-494A-81EE-2A4300B04FFE-" CS="1">
<String CS="1" CONTENT="Fitler," HEIGHT="64" WIDTH="200" VPOS="2865" HPOS="259"/>
<SP HEIGHT="61" WIDTH="30" VPOS="2868" HPOS="460"/>
<String CONTENT="Mrs." HEIGHT="50" WIDTH="136" VPOS="2868" HPOS="491"/>
<SP HEIGHT="50" WIDTH="32" VPOS="2865" HPOS="628"/>
<String CONTENT="Mary" HEIGHT="61" WIDTH="173" VPOS="2865" HPOS="661"/>
<SP HEIGHT="62" WIDTH="27" VPOS="2864" HPOS="835"/>
<String CONTENT="Biddle." HEIGHT="54" WIDTH="221" VPOS="2863" HPOS="863"/>
</TextLine>
<TextLine HEIGHT="69" WIDTH="1911" VPOS="2940" HPOS="331" STYLEREFS="StyleId-5385A81F-AA18-4952-9624-76C8E683EDC9-" CS="1">
<String CONTENT="The" HEIGHT="52" WIDTH="119" VPOS="2942" HPOS="331"/>
<SP HEIGHT="52" WIDTH="42" VPOS="2942" HPOS="451"/>
<String CONTENT="big" HEIGHT="67" WIDTH="96" VPOS="2942" HPOS="494"/>
<SP HEIGHT="49" WIDTH="40" VPOS="2960" HPOS="591"/>
<String CONTENT="wharf," HEIGHT="55" WIDTH="206" VPOS="2940" HPOS="632"/>
<SP HEIGHT="55" WIDTH="39" VPOS="2940" HPOS="839"/>
<String CONTENT="by" HEIGHT="67" WIDTH="73" VPOS="2940" HPOS="879"/>
<SP HEIGHT="64" WIDTH="41" VPOS="2943" HPOS="953"/>
<String CONTENT="Mary" HEIGHT="64" WIDTH="168" VPOS="2943" HPOS="995"/>
<SP HEIGHT="64" WIDTH="43" VPOS="2943" HPOS="1164"/>
<String CONTENT="Biddle" HEIGHT="52" WIDTH="208" VPOS="2941" HPOS="1208"/>
<SP HEIGHT="49" WIDTH="39" VPOS="2944" HPOS="1417"/>
<String CS="1" CONTENT="Fitler," HEIGHT="66" WIDTH="199" VPOS="2942" HPOS="1457"/>
<SP HEIGHT="47" WIDTH="41" VPOS="2961" HPOS="1657"/>
<String CONTENT="with" HEIGHT="52" WIDTH="140" VPOS="2941" HPOS="1699"/>
<SP HEIGHT="67" WIDTH="40" VPOS="2942" HPOS="1840"/>
<String CONTENT="pictures" HEIGHT="68" WIDTH="248" VPOS="2941" HPOS="1881"/>
<SP HEIGHT="53" WIDTH="41" VPOS="2941" HPOS="2130"/>
<String CONTENT="by" HEIGHT="67" WIDTH="70" VPOS="2941" HPOS="2172"/>
</TextLine>
<TextLine HEIGHT="146" WIDTH="1961" VPOS="3018" HPOS="260" STYLEREFS="StyleId-5385A81F-AA18-4952-9624-76C8E683EDC9-" CS="1">
<String CONTENT="Courtney" HEIGHT="67" WIDTH="288" VPOS="3019" HPOS="262"/>
<SP HEIGHT="66" WIDTH="41" VPOS="3020" HPOS="551"/>
<String CONTENT="Allen." HEIGHT="50" WIDTH="185" VPOS="3020" HPOS="593"/>
<SP HEIGHT="51" WIDTH="75" VPOS="3018" HPOS="779"/>
<String CONTENT="New" HEIGHT="52" WIDTH="135" VPOS="3018" HPOS="855"/>
<SP HEIGHT="51" WIDTH="43" VPOS="3020" HPOS="991"/>
<String CONTENT="York" HEIGHT="52" WIDTH="162" VPOS="3019" HPOS="1035"/>
<SP HEIGHT="51" WIDTH="41" VPOS="3019" HPOS="1198"/>
<String CONTENT="and" HEIGHT="51" WIDTH="111" VPOS="3020" HPOS="1240"/>
<SP HEIGHT="51" WIDTH="40" VPOS="3020" HPOS="1352"/>
<String CONTENT="London." HEIGHT="52" WIDTH="257" VPOS="3020" HPOS="1393"/>
<SP HEIGHT="51" WIDTH="40" VPOS="3021" HPOS="1651"/>
<String CONTENT="Harper" HEIGHT="65" WIDTH="232" VPOS="3021" HPOS="1692"/>
<SP HEIGHT="50" WIDTH="42" VPOS="3022" HPOS="1925"/>
<String CONTENT="&amp;" HEIGHT="50" WIDTH="44" VPOS="3022" HPOS="1968"/>
<SP HEIGHT="53" WIDTH="39" VPOS="3019" HPOS="2013"/>
<String CONTENT="brothers," HEIGHT="145" WIDTH="1961" VPOS="3019" HPOS="260"/>
<SP HEIGHT="59" WIDTH="31" VPOS="3105" HPOS="363"/>
<String CONTENT="1934." HEIGHT="52" WIDTH="147" VPOS="3100" HPOS="395"/>
</TextLine>
<TextLine HEIGHT="50" WIDTH="1302" VPOS="3169" HPOS="331" CS="1">
<String LANG="fr" CONTENT="vit" HEIGHT="38" WIDTH="67" VPOS="3173" HPOS="331"/>
<SP HEIGHT="37" WIDTH="22" VPOS="3182" HPOS="399"/>
<String LANG="fr" CONTENT="p.," HEIGHT="37" WIDTH="56" VPOS="3182" HPOS="422"/>
<SP HEIGHT="46" WIDTH="27" VPOS="3172" HPOS="479"/>
<String CONTENT="1" HEIGHT="37" WIDTH="23" VPOS="3172" HPOS="507"/>
<SP HEIGHT="37" WIDTH="24" VPOS="3172" HPOS="531"/>
<String CS="1" CONTENT="l.," HEIGHT="7" WIDTH="7" VPOS="3203" HPOS="577"/>
<SP HEIGHT="40" WIDTH="24" VPOS="3170" HPOS="600"/>
<String CONTENT="274" HEIGHT="39" WIDTH="84" VPOS="3170" HPOS="625"/>
<SP HEIGHT="45" WIDTH="26" VPOS="3171" HPOS="710"/>
<String CONTENT="p." HEIGHT="35" WIDTH="39" VPOS="3181" HPOS="737"/>
<SP HEIGHT="38" WIDTH="23" VPOS="3170" HPOS="777"/>
<String CS="1" CONTENT="incl." HEIGHT="39" WIDTH="77" VPOS="3170" HPOS="801"/>
<SP HEIGHT="40" WIDTH="24" VPOS="3169" HPOS="911"/>
<String CONTENT="front.," HEIGHT="45" WIDTH="162" VPOS="3169" HPOS="936"/>
<SP HEIGHT="44" WIDTH="26" VPOS="3170" HPOS="1099"/>
<String CONTENT="illus.," HEIGHT="45" WIDTH="140" VPOS="3170" HPOS="1126"/>
<SP HEIGHT="37" WIDTH="26" VPOS="3180" HPOS="1267"/>
<String CONTENT="plates." HEIGHT="45" WIDTH="170" VPOS="3172" HPOS="1294"/>
<SP HEIGHT="40" WIDTH="52" VPOS="3170" HPOS="1465"/>
<String CONTENT="21cm." HEIGHT="40" WIDTH="115" VPOS="3170" HPOS="1518"/>
</TextLine>
<TextLine HEIGHT="47" WIDTH="674" VPOS="3226" HPOS="330">
<String CONTENT="Illustrated" HEIGHT="39" WIDTH="286" VPOS="3228" HPOS="330"/>
<SP HEIGHT="39" WIDTH="30" VPOS="3228" HPOS="617"/>
<String CONTENT="lining-papers." HEIGHT="47" WIDTH="356" VPOS="3226" HPOS="648"/>
</TextLine>
<TextLine HEIGHT="42" WIDTH="412" VPOS="3282" HPOS="333">
<String CONTENT="&#8220;First" HEIGHT="39" WIDTH="160" VPOS="3285" HPOS="333"/>
<SP HEIGHT="36" WIDTH="26" VPOS="3288" HPOS="494"/>
<String CONTENT="edition.&#8221;" HEIGHT="41" WIDTH="224" VPOS="3282" HPOS="521"/>
</TextLine>
<TextLine HEIGHT="50" WIDTH="1868" VPOS="3338" HPOS="265" CS="1">
<String CONTENT="&#169;" HEIGHT="50" WIDTH="52" VPOS="3338" HPOS="265"/>
<SP HEIGHT="50" WIDTH="29" VPOS="3338" HPOS="318"/>
<String CONTENT="Oct." HEIGHT="38" WIDTH="99" VPOS="3342" HPOS="348"/>
<SP HEIGHT="38" WIDTH="30" VPOS="3340" HPOS="448"/>
<String CONTENT="25." HEIGHT="39" WIDTH="67" VPOS="3340" HPOS="479"/>
<SP HEIGHT="37" WIDTH="30" VPOS="3342" HPOS="547"/>
<String CS="1" CONTENT="1934:" HEIGHT="40" WIDTH="109" VPOS="3338" HPOS="578"/>
<SP HEIGHT="37" WIDTH="31" VPOS="3340" HPOS="717"/>
<String CONTENT="2c." HEIGHT="37" WIDTH="62" VPOS="3340" HPOS="749"/>
<SP HEIGHT="39" WIDTH="33" VPOS="3339" HPOS="812"/>
<String CONTENT="Oct." HEIGHT="39" WIDTH="99" VPOS="3339" HPOS="846"/>
<SP HEIGHT="37" WIDTH="31" VPOS="3340" HPOS="946"/>
<String CS="1" CONTENT="23:" HEIGHT="37" WIDTH="52" VPOS="3340" HPOS="978"/>
<SP HEIGHT="27" WIDTH="33" VPOS="3350" HPOS="1058"/>
<String CONTENT="aff." HEIGHT="40" WIDTH="78" VPOS="3339" HPOS="1092"/>
<SP HEIGHT="40" WIDTH="31" VPOS="3339" HPOS="1171"/>
<String CONTENT="Oct." HEIGHT="39" WIDTH="98" VPOS="3339" HPOS="1203"/>
<SP HEIGHT="37" WIDTH="31" VPOS="3340" HPOS="1302"/>
<String CS="1" CONTENT="27:" HEIGHT="38" WIDTH="54" VPOS="3340" HPOS="1334"/>
<SP HEIGHT="36" WIDTH="33" VPOS="3342" HPOS="1415"/>
<!-- cceid C72A88ED-6C64-1014-8713-889FF4349C01 --><String CONTENT="A" HEIGHT="36" WIDTH="39" VPOS="3342" HPOS="1449"/>
<SP HEIGHT="37" WIDTH="30" VPOS="3342" HPOS="1489"/>
<String CS="1" CONTENT="75967:" HEIGHT="40" WIDTH="140" VPOS="3339" HPOS="1520"/>
<SP HEIGHT="38" WIDTH="34" VPOS="3341" HPOS="1687"/>
<String CONTENT="Harper" HEIGHT="46" WIDTH="192" VPOS="3341" HPOS="1722"/>
<SP HEIGHT="39" WIDTH="30" VPOS="3340" HPOS="1915"/>
<String CONTENT="&amp;" HEIGHT="39" WIDTH="34" VPOS="3340" HPOS="1946"/>
<SP HEIGHT="39" WIDTH="28" VPOS="3340" HPOS="1981"/>
<String CONTENT="bros." HEIGHT="38" WIDTH="123" VPOS="3340" HPOS="2010"/>
</TextLine>
<TextLine HEIGHT="45" WIDTH="277" VPOS="3397" HPOS="342">
<String CONTENT="(34-35318)" HEIGHT="45" WIDTH="277" VPOS="3397" HPOS="342"/>
</TextLine>
<TextLine HEIGHT="64" WIDTH="596" VPOS="3499" HPOS="265" STYLEREFS="StyleId-40E238D9-116A-494A-81EE-2A4300B04FFE-">
<String CONTENT="Fitzgerald," HEIGHT="64" WIDTH="350" VPOS="3499" HPOS="265"/>
<SP HEIGHT="62" WIDTH="27" VPOS="3500" HPOS="616"/>
<String CONTENT="Pitt" HEIGHT="52" WIDTH="126" VPOS="3499" HPOS="644"/>
<SP HEIGHT="52" WIDTH="26" VPOS="3499" HPOS="771"/>
<String CONTENT="L." HEIGHT="54" WIDTH="63" VPOS="3499" HPOS="798"/>
</TextLine>
<TextLine HEIGHT="67" WIDTH="1819" VPOS="3576" HPOS="428" STYLEREFS="StyleId-5385A81F-AA18-4952-9624-76C8E683EDC9-" CS="1">
<String CS="1" CONTENT="The" HEIGHT="33" WIDTH="25" VPOS="3596" HPOS="428"/>
<SP HEIGHT="52" WIDTH="40" VPOS="3577" HPOS="454"/>
<String CONTENT="black" HEIGHT="52" WIDTH="164" VPOS="3576" HPOS="495"/>
<SP HEIGHT="53" WIDTH="36" VPOS="3576" HPOS="660"/>
<String CONTENT="spearman," HEIGHT="50" WIDTH="318" VPOS="3593" HPOS="697"/>
<SP HEIGHT="37" WIDTH="39" VPOS="3594" HPOS="1016"/>
<String CONTENT="a" HEIGHT="33" WIDTH="28" VPOS="3594" HPOS="1056"/>
<SP HEIGHT="33" WIDTH="42" VPOS="3594" HPOS="1085"/>
<String CONTENT="story" HEIGHT="62" WIDTH="153" VPOS="3581" HPOS="1128"/>
<SP HEIGHT="48" WIDTH="40" VPOS="3595" HPOS="1282"/>
<String CONTENT="of" HEIGHT="51" WIDTH="62" VPOS="3576" HPOS="1323"/>
<SP HEIGHT="52" WIDTH="38" VPOS="3576" HPOS="1386"/>
<String CONTENT="the" HEIGHT="52" WIDTH="93" VPOS="3578" HPOS="1425"/>
<SP HEIGHT="52" WIDTH="38" VPOS="3578" HPOS="1519"/>
<String CONTENT="builders" HEIGHT="52" WIDTH="252" VPOS="3578" HPOS="1558"/>
<SP HEIGHT="35" WIDTH="38" VPOS="3595" HPOS="1811"/>
<String CONTENT="of" HEIGHT="53" WIDTH="64" VPOS="3576" HPOS="1850"/>
<SP HEIGHT="52" WIDTH="37" VPOS="3576" HPOS="1915"/>
<String CONTENT="the" HEIGHT="51" WIDTH="94" VPOS="3577" HPOS="1953"/>
<SP HEIGHT="47" WIDTH="39" VPOS="3594" HPOS="2048"/>
<String CONTENT="great" HEIGHT="59" WIDTH="159" VPOS="3582" HPOS="2088"/>
</TextLine>
<TextLine HEIGHT="62" WIDTH="1197" VPOS="3654" HPOS="264" STYLEREFS="StyleId-5385A81F-AA18-4952-9624-76C8E683EDC9-" CS="1">
<String CONTENT="mounds," HEIGHT="51" WIDTH="256" VPOS="3655" HPOS="264"/>
<SP HEIGHT="51" WIDTH="34" VPOS="3655" HPOS="521"/>
<String CS="1" CONTENT="by" HEIGHT="51" WIDTH="34" VPOS="3655" HPOS="556"/>
<SP HEIGHT="52" WIDTH="35" VPOS="3656" HPOS="629"/>
<String CONTENT="Pitt" HEIGHT="51" WIDTH="122" VPOS="3656" HPOS="665"/>
<SP HEIGHT="50" WIDTH="35" VPOS="3655" HPOS="788"/>
<String CONTENT="L." HEIGHT="53" WIDTH="62" VPOS="3655" HPOS="824"/>
<SP HEIGHT="52" WIDTH="37" VPOS="3656" HPOS="887"/>
<String CONTENT="Fitzgerald;" HEIGHT="62" WIDTH="357" VPOS="3654" HPOS="925"/>
<SP HEIGHT="34" WIDTH="39" VPOS="3674" HPOS="1283"/>
<String CONTENT="with" HEIGHT="51" WIDTH="138" VPOS="3655" HPOS="1323"/>
</TextLine>
<TextLine HEIGHT="146" WIDTH="1955" VPOS="3654" HPOS="265" STYLEREFS="StyleId-5385A81F-AA18-4952-9624-76C8E683EDC9-" CS="1">
<String CONTENT="illustrations" HEIGHT="52" WIDTH="377" VPOS="3656" HPOS="1499"/>
<SP HEIGHT="52" WIDTH="34" VPOS="3655" HPOS="1877"/>
<String CS="1" CONTENT="by" HEIGHT="51" WIDTH="34" VPOS="3655" HPOS="1912"/>
<SP HEIGHT="49" WIDTH="33" VPOS="3659" HPOS="1988"/>
<String CONTENT="the" HEIGHT="52" WIDTH="94" VPOS="3654" HPOS="2022"/>
<SP HEIGHT="33" WIDTH="36" VPOS="3671" HPOS="2117"/>
<String LANG="fr" CONTENT="au" HEIGHT="33" WIDTH="66" VPOS="3671" HPOS="2154"/>
<String CONTENT="thor." HEIGHT="51" WIDTH="143" VPOS="3733" HPOS="265"/>
<SP HEIGHT="50" WIDTH="75" VPOS="3734" HPOS="409"/>
<String CONTENT="Philadelphia." HEIGHT="65" WIDTH="423" VPOS="3732" HPOS="485"/>
<SP HEIGHT="50" WIDTH="33" VPOS="3733" HPOS="909"/>
<String CONTENT="Macrae-Smith" HEIGHT="53" WIDTH="444" VPOS="3731" HPOS="943"/>
<SP HEIGHT="54" WIDTH="35" VPOS="3733" HPOS="1388"/>
<String CONTENT="company," HEIGHT="49" WIDTH="295" VPOS="3751" HPOS="1424"/>
<SP HEIGHT="52" WIDTH="33" VPOS="3737" HPOS="1720"/>
<String CONTENT="1934." HEIGHT="49" WIDTH="147" VPOS="3736" HPOS="1754"/>
</TextLine>
<TextLine HEIGHT="49" WIDTH="941" VPOS="3804" HPOS="339" STYLEREFS="StyleId-5385A81F-AA18-4952-9624-76C8E683EDC9-" CS="1">
<String CONTENT="viii" HEIGHT="39" WIDTH="83" VPOS="3806" HPOS="339"/>
<SP HEIGHT="47" WIDTH="27" VPOS="3806" HPOS="423"/>
<String CS="1" CONTENT="p.," HEIGHT="36" WIDTH="27" VPOS="3817" HPOS="451"/>
<SP HEIGHT="39" WIDTH="27" VPOS="3807" HPOS="506"/>
<String CONTENT="1" HEIGHT="37" WIDTH="24" VPOS="3807" HPOS="534"/>
<SP/>
<String CS="1" CONTENT="l.,"/>
<SP/>
<String CONTENT="13-272" HEIGHT="39" WIDTH="169" VPOS="3805" HPOS="657"/>
<SP HEIGHT="46" WIDTH="27" VPOS="3805" HPOS="827"/>
<String CONTENT="p." HEIGHT="36" WIDTH="42" VPOS="3815" HPOS="855"/>
<SP HEIGHT="39" WIDTH="54" VPOS="3804" HPOS="898"/>
<String CONTENT="illus." HEIGHT="39" WIDTH="125" VPOS="3804" HPOS="953"/>
<SP HEIGHT="35" WIDTH="58" VPOS="3807" HPOS="1079"/>
<String CS="1" CONTENT="19&#189;cm." HEIGHT="39" WIDTH="142" VPOS="3804" HPOS="1138"/>
</TextLine>
<TextLine HEIGHT="41" WIDTH="415" VPOS="3860" HPOS="338">
<String CONTENT="&#8220;First" HEIGHT="39" WIDTH="159" VPOS="3862" HPOS="338"/>
<SP HEIGHT="37" WIDTH="30" VPOS="3864" HPOS="498"/>
<String CONTENT="edition.&#8221;" HEIGHT="41" WIDTH="224" VPOS="3860" HPOS="529"/>
</TextLine>
<TextLine HEIGHT="51" WIDTH="1922" VPOS="3915" HPOS="269" CS="1">
<String CONTENT="&#169;" HEIGHT="51" WIDTH="51" VPOS="3915" HPOS="269"/>
<SP HEIGHT="51" WIDTH="31" VPOS="3915" HPOS="321"/>
<String CONTENT="Oct." HEIGHT="39" WIDTH="99" VPOS="3919" HPOS="353"/>
<SP HEIGHT="39" WIDTH="27" VPOS="3918" HPOS="453"/>
<String CONTENT="22." HEIGHT="39" WIDTH="68" VPOS="3918" HPOS="481"/>
<SP HEIGHT="37" WIDTH="30" VPOS="3920" HPOS="550"/>
<String CONTENT="1934:" HEIGHT="39" WIDTH="137" VPOS="3917" HPOS="581"/>
<SP HEIGHT="38" WIDTH="31" VPOS="3918" HPOS="719"/>
<String CONTENT="2c." HEIGHT="38" WIDTH="64" VPOS="3918" HPOS="751"/>
<SP HEIGHT="39" WIDTH="32" VPOS="3917" HPOS="816"/>
<String CONTENT="Oct." HEIGHT="39" WIDTH="99" VPOS="3917" HPOS="849"/>
<SP HEIGHT="40" WIDTH="28" VPOS="3916" HPOS="949"/>
<String CONTENT="29:" HEIGHT="39" WIDTH="79" VPOS="3916" HPOS="978"/>
<SP HEIGHT="27" WIDTH="33" VPOS="3928" HPOS="1058"/>
<String CONTENT="aff." HEIGHT="39" WIDTH="80" VPOS="3916" HPOS="1092"/>
<SP HEIGHT="40" WIDTH="28" VPOS="3916" HPOS="1173"/>
<String CONTENT="Oct." HEIGHT="40" WIDTH="97" VPOS="3916" HPOS="1202"/>
<SP HEIGHT="38" WIDTH="33" VPOS="3917" HPOS="1300"/>
<String CS="1" CONTENT="27:" HEIGHT="39" WIDTH="53" VPOS="3917" HPOS="1334"/>
<SP HEIGHT="37" WIDTH="33" VPOS="3919" HPOS="1415"/>
<!-- cceid C72AC7E3-6C64-1014-8713-889FF4349C01 --><String CONTENT="A" HEIGHT="37" WIDTH="37" VPOS="3919" HPOS="1449"/>
<SP HEIGHT="38" WIDTH="29" VPOS="3919" HPOS="1487"/>
<String CS="1" CONTENT="75981:" HEIGHT="39" WIDTH="138" VPOS="3918" HPOS="1517"/>
<SP HEIGHT="38" WIDTH="34" VPOS="3919" HPOS="1686"/>
<String CONTENT="Macrae-Smith" HEIGHT="40" WIDTH="372" VPOS="3917" HPOS="1721"/>
<SP HEIGHT="38" WIDTH="31" VPOS="3917" HPOS="2094"/>
<String CONTENT="co." HEIGHT="30" WIDTH="65" VPOS="3925" HPOS="2126"/>
</TextLine>
<TextLine HEIGHT="44" WIDTH="275" VPOS="3975" HPOS="349">
<String CONTENT="(34-35313)" HEIGHT="44" WIDTH="275" VPOS="3975" HPOS="349"/>
</TextLine>
</TextBlock>
</PrintSpace>
</Page>
</Layout>
</alto>