2350 4196
1142 4007 132 52 1704

288 447 25 37 2
342 454 43 38 p.
484 443 55 41 34
568 455 43 36 p.
672 443 125 41 illus.
828 444 127 47 (incl.
990 443 158 47 maps)
1220 442 55 38 25
1280 444 43 19 cm
1329 473 5 8 .

268 502 143 40 ‘‘This
449 503 40 38 is
527 502 80 39 the
645 501 171 40 second
856 501 51 38 of
943 512 25 28 a
1010 500 149 40 series
1195 500 50 37 of
1283 495 271 49 pamphlets
1595 493 226 49 designed
1862 496 47 36 to
1949 493 109 48 help
2099 494 80 40 the

191 558 216 41 children
434 559 52 39 of
509 556 327 43 Westchester
860 554 425 49 county.’'—Pref.,
1311 564 43 37 p.
1386 552 54 50 [2]
1471 552 52 40 of
1548 560 152 32 cover.

198 626 50 52 ©
283 632 108 38 Dec.
425 633 37 39 (5.
497 629 112 41 1934
629 642 6 27 :
671 631 65 39 2c.
769 631 94 39 and
897 630 79 38 aff.
1010 630 110 39 Dec.
1153 628 24 40 8
1196 640 7 28 ;
1241 630 40 36 A
1314 627 139 39 78453
1473 637 7 30 ;
1517 625 57 38 H.
1608 624 48 40 L.
1693 623 163 43 Hultz.
1891 624 115 40 New
2038 623 141 40 York.

273 686 280 46 (34-42113)

197 790 161 59 Keal,
390 790 303 63 Margaret
723 790 52 53 J.

270 866 52 49 A
349 864 163 54 chart
535 863 63 54 of
622 862 243 69 English
891 862 313 68 literature,
1231 859 279 69 prepared
1537 859 73 67 by
1636 856 292 69 Margaret
1955 857 53 53 J.
2036 856 146 53 Keal

203 930 1978 83 and John H. Clarke; assisted by Bennett Weaver … New
206 1018 176 58 York,
410 1019 61 50 F.
502 1016 55 55 S.
590 1016 196 56 Crofts
811 1019 45 49 &
883 1035 96 38 co.,
1007 1019 150 50 1934.

267 1095 54 37 14
349 1103 39 37 p.
446 1091 135 42 front.
624 1091 125 48 (fold.
793 1092 135 48 map)
967 1091 115 40 fold.
1113 1090 94 42 tab.
1264 1088 25 39 28
1324 1091 41 21 cm
1373 1123 6 6 .

201 1160 50 52 ©
280 1164 117 48 Aug.
429 1165 66 39 15,
524 1162 137 42 1934;
693 1164 63 38 2c.
790 1164 114 46 Aug.
936 1162 80 41 22;
1050 1162 76 39 aff.
1160 1164 114 45 Aug.
1306 1159 50 40 21
1379 1173 7 27 ;
1419 1162 36 36 A
1487 1160 143 40 74638
1649 1172 7 28 ;
1693 1160 47 39 F.
1776 1162 41 37 S.
1849 1159 164 40 Crofts
2040 1162 36 36 &
2104 1169 82 34 co.,

267 1224 89 36 inc.
428 1218 278 50 (34-42023)

198 1323 248 67 Krutch,
477 1323 219 64 Joseph
725 1324 197 53 Wood.
957 1327 168 50 1893-

268 1398 136 54 Was
447 1399 228 67 Europe
717 1417 29 33 a
789 1397 244 54 success?
1117 1398 88 69 By
1246 1397 215 68 Joseph
1504 1395 183 53 Wood
1729 1394 242 54 Krutch.
2053 1394 134 52 New

202 1476 175 66 York,
407 1475 213 53 Farrar
648 1477 40 48 &
720 1474 296 55 Rinehart.
1046 1474 395 55 incorporated
1479 1507 12 33 [
1497 1479 17 21 c
1519 1475 134 49 1934
1658 1505 12 34 ]

269 1546 488 50 4 p. l., 88 p. 21 cm .
275 1602 452 45 CONTENTS.—Was
751 1602 190 50 Europe
967 1615 25 28 a
1019 1600 606 44 success?—Communism
1653 1603 92 38 and
1766 1602 80 40 the
1866 1601 77 40 old
1963 1610 229 39 pagan.—

235 1672 74 28 Jam
369 1658 606 47 to-morrow.—-Literature
1008 1662 93 39 and
1136 1657 495 51 Utopia.—Jingoism
1665 1661 95 37 and
1798 1660 79 39 the
1915 1658 125 41 class
2075 1667 112 30 war.

205 1728 50 53 ©
283 1732 107 39 Dec.
423 1734 64 39 14.
518 1732 139 47 1934;
688 1734 65 38 2c.
784 1733 106 38 Dec.
996 1746 7 26 18;
1036 1742 79 29 aff.
1149 1732 104 39 Dec.
1286 1732 79 39 15:
1400 1734 38 35 A
1469 1731 166 41 77726:
1668 1732 40 38 J.
1741 1732 67 39 W.
1841 1730 203 48 Krutch,
2075 1731 117 40 New

278 1789 135 39 York.
486 1787 277 49 (34-42010)

203 1894 175 63 Lane,
407 1892 195 56 Janet.

286 1968 148 52 Four
464 1967 273 70 carriage,
765 1968 256 53 madam!
1102 1969 51 49 A
1181 1967 172 68 guide
1379 1975 57 45 to
1464 1969 147 67 good
1644 1974 245 63 posture,
1918 1967 74 67 by
2020 1968 173 54 Janet

207 2046 176 60 Lane;
437 2045 286 70 drawings
771 2047 73 66 by
890 2044 258 55 Howard
1196 2046 216 52 Butler.
1489 2045 137 53 New
1676 2045 177 68 York,
1900 2046 55 52 J.
2003 2043 187 72 Wiley

204 2127 44 50 &
283 2142 145 48 sons,
461 2124 135 65 inc.;
634 2122 254 60 London,
926 2122 296 68 Chapman
1258 2126 44 48 &
1400 2123 94 66 Hall,
1530 2123 239 58 limited,
1808 2125 147 50 1934.

279 2187 1859 68 ix p.. 1 l., 80 p.. 1 l., 81-130 p. front., illus.. plates. 20½ cm . $1.75
210 2263 50 53 ©
304 2275 104 31 Nov.
439 2270 68 39 27.
539 2268 138 38 1934:
711 2269 65 37 2c.
810 2268 106 39 Dec.
953 2270 50 37 1:
1039 2279 78 27 aff.
1152 2267 112 40 Nov.
1299 2267 80 41 30;
1415 2270 35 36 A
1488 2267 133 41 77401
1648 2280 6 27 :
1693 2267 39 39 J.
1769 2267 142 42 Lane.
1946 2266 248 45 Flushing,

278 2326 45 36 L.
356 2327 44 37 I..
429 2325 53 37 N.
518 2325 44 38 Y.
636 2324 279 43 (34-42348)

230 2427 165 60 [Leaf,
426 2428 210 52 Munro]
694 2431 166 50 1905-

281 2504 95 65 Lo,
413 2503 90 53 the
533 2521 138 48 poor
702 2501 228 69 Indian,
961 2502 71 69 by
1065 2501 140 53 Man
1261 2506 213 65 [pseud.]
1513 2501 322 55 illustrated
1866 2503 73 67 by
1974 2503 92 52 the
210 2521 1959 112 author.

429 2570 1546 87 New York, Leaf, Mahony, Seidel & Stokes [ c 1934]
278 2648 1265 59 5 p. l ., 84. [1] p. incl. front., illus., plates. 20 cm .
213 2720 50 52 ©
300 2724 105 40 Dec.
439 2726 38 38 4.
515 2723 138 42 1934;
689 2726 64 37 2c.
789 2725 92 39 and
916 2724 79 39 aff.
1033 2724 105 40 Dec.
1175 2726 49 40 7;
1264 2727 34 36 A
1336 2725 167 41 78449:
1542 2726 131 40 Leaf.
1762 2727 170 41 Mahony.
1973 2726 153 39 Seidel
2164 2726 34 39 &

280 2781 183 39 Stokes.
535 2780 278 46 (34-42687)

212 2882 164 64 Lent,
408 2882 204 63 Henry
641 2883 209 63 Bolles,
883 2887 170 49 1901-

332 2960 66 52 The
505 2956 482 72 Waldorf-Astoria;
1023 2978 30 33 a
1085 2959 151 53 brief
1265 2959 283 57 chronicle
1581 2960 63 54 of
1675 2980 30 33 a
1736 2962 207 66 unique
211 2961 1964 127 institution

365 3054 123 35 now
525 3036 260 69 entering
821 3036 71 52 its
925 3035 135 54 fifth
1098 3037 222 67 decade,
1355 3038 73 65 by
1461 3036 202 70 Henry
1702 3040 67 51 B.
1806 3039 160 52 Lent.
2067 3038 134 53 [New

224 3115 148 49 York]
497 3115 102 50 Priv.
651 3114 156 65 print.
877 3113 93 52 for
1016 3111 174 56 Hotel
1242 3112 527 59 Waldorf-Astoria
1823 3116 379 65 corporation.

212 3194 146 48 1934.

281 3252 1572 69 5 p. l. . 13-128, [6] p. incl. front., illus., ports, pl. 25 cm .
284 3317 185 42 “Books
501 3319 144 40 about
679 3320 78 38 the
792 3317 491 44 Waldorf-Astoria”:
1317 3331 41 37 p.
1393 3319 112 50 [130]

217 3374 1981 68 © Nov. l. 1934: 2c. and aff. Dec. 10: A 77580; Hotel Waldorf-Astoria
283 3447 318 47 corporation.
673 3446 278 47 (34-42188.)

215 3550 169 62 Leys,
417 3551 223 62 Wayne
673 3548 206 55 Albert
913 3548 220 56 Risser.

285 3625 397 55 Introduction
716 3632 56 45 to
805 3624 170 55 social
1009 3625 228 68 studies,
1269 3627 73 65 by
1374 3626 219 68 Wayne
1625 3629 69 51 A.
1728 3629 68 51 R.
1829 3627 161 67 Leys,
2112 3671 7 7 PH.
2193 3669 8 8 D.

238 3702 266 68 [Chicago,
535 3710 17 19 c
558 3705 149 63 1934]

318 3773 25 39 161
438 3807 7 5 p.
507 3773 53 39 23
565 3776 43 20 cm
613 3807 7 5 .

287 3826 243 44 “Selected
554 3828 362 49 bibliography"
945 3831 49 38 at
1017 3831 90 38 end
1137 3830 48 37 of
1208 3833 123 36 most
1359 3831 49 37 of
1433 3832 80 39 the
1540 3832 236 48 chapters.

221 3882 51 51 ©
303 3887 106 38 Dec.
443 3901 35 25 5.
511 3887 136 40 1934:
681 3890 63 37 2c.
776 3889 93 38 and
901 3892 79 35 aff.
1013 3888 109 39 Dec.
1155 3888 79 46 10;
1265 3890 40 37 A
1339 3888 167 42 77578:
1539 3891 67 38 W.
1641 3891 50 39 A.
1723 3891 53 37 B.
1812 3891 135 47 Levs,
1978 3888 219 49 Chicago.

298 3941 276 44 (31-42374)
