2350 4196
1153 4000 100 50 482

207 371 425 67 Buckingham,
663 375 287 52 Burdette
980 375 166 63 Ross,
1178 374 169 53 1876-

281 446 1915 76 The children’s bookshelf … by B. R. Buckingham and
211 528 352 69 Marguerite
606 529 65 51 P.
719 528 212 67 Dolch;
978 529 378 54 illustrations
1401 531 74 67 by
1519 530 293 67 Margaret
1858 529 64 54 C.
1969 530 229 68 Hoopes

213 607 111 52 and
359 606 269 53 Florence
665 607 54 53 J.
757 608 246 66 Hoopes.
1077 610 229 64 Boston,
1341 609 135 50 New
1515 607 161 53 York
1718 613 136 60 [etc.]
1897 608 154 54 Ginn
2088 609 110 51 and

208 686 509 65 company [ c 1934]
282 756 25 40 8
338 768 41 28 v.
441 756 125 41 illus.
597 756 133 48 (part
761 759 110 46 col.)
913 759 177 48 diagrs.
1153 758 170 42 18½19
1328 761 42 22 cm
1375 792 8 7 .

288 814 114 49 [Vol.
439 812 41 50 2]
520 815 120 47 Play
675 816 132 45 days,
845 826 26 29 a
909 816 191 48 primer,
1139 818 57 46 by
1234 817 51 40 B.
1324 818 54 39 R.
1418 817 332 48 Buckingham
1789 817 94 38 and
1922 817 180 41 Bertha
2142 819 57 39 H.

216 870 358 49 Buckingham:
615 883 54 37 [V.
703 870 100 52 3-8]
838 873 233 48 compiled
1104 874 60 47 by
1198 874 50 39 B.
1284 875 52 38 R.
1372 873 334 49 Buckingham
1739 874 123 46 only.

555 940 123 29 CONTENTS.—[v.
701 928 38 50 1]
767 930 125 40 Let's
913 931 124 48 play,
1060 941 25 29 a
1110 930 422 50 pre-primer.—[v.
1551 929 25 39 2]
1614 929 118 48 Play
1750 932 133 45 days,
1904 941 27 29 a
1950 933 250 47 primer.—

220 1006 58 28 [v.
306 986 41 50 3]
376 987 205 49 Playing
606 987 359 49 together.—[v.
990 986 28 40 4]
1062 988 263 49 Munching
1351 988 280 49 Peter.—[v.
1660 987 42 49 5]
1730 989 99 40 The
1857 992 136 45 great
2022 990 181 39 idea.—

220 1064 58 29 [v.
309 1044 40 48 6]
383 1045 101 40 The
515 1044 267 49 elephant’s
813 1045 301 48 friend.—[v.
1147 1044 39 49 7]
1222 1045 53 39 In
1312 1056 25 28 a
1372 1057 141 36 green
1546 1045 296 49 valley.—[v.
1876 1045 41 50 8]
1952 1048 99 41 The
210 1053 1976 101 masquerade.

249 1193 7 7 v.
285 1161 38 44 1,
356 1157 50 50 ©
438 1161 105 39 Feb.
576 1161 37 39 6.
644 1160 139 41 1934;
815 1161 65 38 2c.
911 1161 121 39 Mar.
1061 1161 54 39 13:
1176 1159 79 41 aff.
1286 1161 120 39 Mar.
1437 1161 80 39 14:
1550 1172 40 27 v.
1621 1161 38 40 2.
1694 1157 51 51 ©
1776 1162 110 40 Feb.
1917 1164 51 40 1;
2002 1174 40 28 v.
2073 1166 39 45 3,
2146 1160 51 51 ©

286 1217 108 40 Feb.
429 1218 81 39 28:
546 1229 38 26 v.
620 1218 40 45 4,
696 1212 50 52 ©
781 1218 110 38 Feb.
925 1217 54 39 20:
1041 1228 40 28 v.
1117 1217 37 44 5,
1192 1213 50 50 ©
1278 1218 121 39 Mar.
1432 1219 51 38 1;
1522 1229 40 27 v.
1598 1218 37 39 6.
1673 1214 51 51 ©
1762 1219 105 40 Feb.
1906 1221 49 38 7:
1992 1233 42 26 v.
2070 1221 37 44 7,
2146 1216 51 52 ©

290 1274 108 39 Feb.
437 1274 79 40 15:
557 1285 42 27 v.
637 1274 38 40 8,
715 1268 51 53 ©
807 1274 108 39 Feb.
953 1273 81 40 28:
1075 1274 65 40 2c.
1178 1274 117 39 each
1333 1275 93 37 and
1467 1273 103 40 affs.
1611 1275 120 40 Mar.
1771 1276 80 44 14;
1892 1276 83 38 AA
2013 1275 185 43 140589,

284 1331 39 39 A
354 1331 330 42 70636-70640,
716 1329 153 47 70646,
902 1330 167 39 70647:
1104 1330 124 40 Ginn
1258 1331 38 39 &
1323 1341 65 29 co.
1460 1330 278 48 (34-10075)

209 1419 224 64 Butler,
461 1417 280 57 Nicholas
770 1422 263 63 Murray,
1065 1423 169 50 1862-

285 1497 261 51 Between
574 1501 111 48 two
714 1496 234 67 worlds;
981 1496 464 68 interpretations
1474 1495 62 53 of
1564 1496 95 52 the
1688 1514 99 50 age
1818 1496 58 52 in
1907 1496 182 54 which
2121 1516 79 34 we

214 1569 1925 75 live; essays and addresses, by Nicholas Murray Butler …
214 1650 137 53 New
380 1652 177 66 York,
584 1651 255 67 London,
868 1651 60 54 C.
960 1650 310 56 Scribner’s
1297 1669 144 39 sons,
1473 1653 148 50 1934.

283 1733 76 38 xv,
387 1724 85 40 450
501 1735 43 37 p.
605 1724 186 41 facsim.
822 1725 80 49 ([7]
935 1725 67 46 p.)
1076 1723 54 39 19½
1164 1726 14 22 cm
1211 1755 8 8 .

219 1779 51 51 ©
299 1783 112 48 Apr.
442 1785 67 38 17,
541 1783 138 40 1934;
711 1782 64 41 2c.
808 1784 113 47 Apr.
951 1782 53 39 19;
1064 1782 80 40 aff.
1176 1783 109 46 Apr.
1317 1782 80 40 18:
1431 1782 41 38 A
1501 1781 167 41 71281:
1704 1782 200 40 Charles
1938 1781 263 42 Scribner's

284 1850 125 31 sons.
479 1839 280 48 (34-10046)

212 1912 257 67 Cleaver,
501 1916 203 52 James
732 1912 286 67 Madison,
1050 1917 168 50 1860-

287 1990 446 55 Constitutional
768 1993 234 66 liberty;
1042 2014 30 33 a
1106 1991 152 54 brief
1292 1996 298 48 statement
1628 1991 64 52 of
1725 1993 95 50 the
1854 1996 201 49 nature
2092 1990 111 52 and

216 2088 219 35 sources
483 2069 64 53 of
593 2072 212 51 human
856 2070 268 52 freedom.
1217 2069 388 68 Proclaiming
1655 2070 94 52 the
1801 2070 110 51 evil
1960 2067 64 54 of
2074 2068 130 52 ‘‘tax

218 2147 153 53 free”
400 2149 194 51 bonds.
672 2147 272 69 Showing
977 2148 92 52 the
1102 2147 432 67 idiosyncrasies
1565 2147 64 53 of
1659 2147 239 68 judicial
1932 2146 272 53 taxation.

218 2224 399 69 Commenting
652 2244 154 50 upon
841 2226 215 53 certain
1092 2225 275 54 decisions
1403 2225 63 53 of
1502 2226 95 52 the
1637 2225 274 68 Supreme
1947 2231 158 47 court
2143 2223 63 53 of

215 2304 97 53 the
344 2304 217 53 United
600 2303 185 56 States
820 2305 128 51 that
982 2304 255 53 overrule
1272 2305 96 51 the
1403 2304 309 68 principles
1749 2302 64 54 of
1848 2304 94 52 the
216 2298 1964 141 Constitution.
512 2382 52 50 A
615 2381 109 53 few
773 2389 305 46 comments
1127 2400 148 50 upon
1328 2383 93 51 the
1472 2382 318 54 conditions
1839 2383 124 51 that
2011 2380 193 53 obtain

215 2454 1966 155 under our judicial government … By J. M. Cleaver. [Moline, Ill., c 1934]
284 2608 440 50 3 p. l., 96 p. 23½cm.
222 2663 50 51 ©
303 2669 119 38 Mar.
454 2667 67 46 16,
551 2667 139 41 1934;
723 2667 64 40 2c.
820 2669 94 38 and
944 2667 80 40 aff.
1058 2668 118 39 Mar.
1207 2669 52 38 23:
1321 2668 39 38 A
1392 2668 139 40 70785;
1593 2668 42 40 J.
1669 2668 60 38 M.
1763 2668 212 41 Cleaver,
2010 2666 189 42 Moline,

288 2724 75 39 Ill.
435 2724 279 46 (34-10245)

216 2796 178 66 Cohn,
426 2798 170 53 Clara
628 2797 268 67 (Yiebig)
936 2801 167 50 1860-

214 2871 1968 138 … Insel der hoffnung, roman. Stuttgart und Berlin, Deutsche
375 2952 462 70 verlags-anstalt
877 2987 11 32 [
894 2960 18 21 c
917 2957 149 63 1933]

288 3024 97 49 290,
421 3027 54 48 [1]
507 3037 42 37 p.
611 3025 54 41 19½
698 3029 43 21 cm
746 3061 7 6 .

290 3082 61 41 At
378 3084 123 39 head
529 3083 50 40 of
605 3084 136 41 title:
768 3082 144 42 Clara
941 3084 179 49 Yiebig.

222 3137 1963 112 © Nov. 14, 1933; 1c. Jan. 9, 1934; A-Foreign 23326: Deutsche verlagsanstalt. (34-10081)
215 3273 84 52 De
329 3274 229 63 Frame,
586 3274 167 54 Joan.

291 3342 1910 75 No fuss, by Joan de Frame … London, J. Long, limited
247 3428 149 64 [1934]

288 3494 86 42 288
404 3506 42 38 p.
506 3494 55 41 19
564 3497 43 22 cm
613 3529 7 7 .

222 3552 1980 55 © 1c. Apr. 14, 1934; A ad int. 18847: pubd. Feb. 16; Joan de Frame,
288 3612 265 47 Loughton,
587 3613 165 45 Essex,
785 3614 235 46 England.
1089 3613 279 48 (34-10274)

217 3685 184 65 Faris,
433 3685 164 54 Lillie
628 3686 186 65 Anne,
849 3690 167 50 1868-

288 3758 116 55 Old
428 3761 324 53 Testament
779 3764 215 66 stories,
1022 3764 182 52 retold
1234 3764 92 52 for
1356 3765 256 52 children
1640 3766 72 66 by
1742 3764 170 51 Lillie
1939 3762 70 52 A.
2039 3759 165 54 Faris

276 3833 1927 77 … illustrated by W. Fletcher White. New York, The Platt &
216 3914 671 69 Munk co., inc. [ c 1934]
