2350 4196
1200 4021 101 49 164

237 385 1040 65 Bun ī n, Ī van Aleks i͡e ev ī ch, 1870-
308 462 1916 63 The well of da vs [ by] Ivan Bunin … Translated from the
241 541 244 54 Russian
511 542 74 66 by
612 541 142 55 Gleb
785 543 206 54 Struve
1019 543 110 51 and
1156 540 244 53 Hamish
1426 539 182 53 Miles.
1686 541 136 51 New
1851 541 178 62 York,
2059 540 66 52 A.
2155 540 68 52 A.

240 619 222 67 Knopf,
492 624 147 48 1934.

311 691 831 49 4 p. l., 3-305, [1] p., 1 l. 19½cm.
315 748 145 40 “This
486 749 41 38 is
555 759 25 28 a
610 747 292 41 translation
929 748 125 38 from
1083 747 80 39 the
1191 745 211 39 Russian
1431 745 146 39 Zhizn
1604 744 260 40 Arsenieva
1887 755 8 28 :
1924 744 154 39 Istoki
2107 746 119 46 dney

253 804 123 47 (The
403 804 86 41 life
519 805 50 39 of
596 804 260 40 Arseniev:
885 804 100 39 The
1013 804 106 38 well
1149 803 50 38 of
1229 801 180 48 days)”

317 859 162 42 “First
510 861 254 39 American
796 860 196 40 edition.”

241 928 50 50 ©
321 932 111 39 Feb.
460 932 38 38 5.
527 931 113 39 1934;
697 932 65 38 2c.
793 931 107 38 Feb.
933 932 24 37 7;
1016 929 79 40 aff.
1126 930 107 38 Feb.
1265 929 53 39 20;
1378 929 39 38 A
1446 928 168 40 70352:
1647 928 171 40 Alfred
1847 929 53 39 A.
1930 927 178 48 Knopf,
2139 928 89 40 inc.

316 988 277 47 (34-27024)

244 1090 341 53 California.
659 1092 245 51 District
935 1098 184 45 courts
1151 1091 60 66 of
1239 1090 221 67 appeal.

314 1168 1916 68 Reports of cases determined … from May 15, 1933, to June
243 1249 83 54 23,
365 1250 148 48 1933.
592 1247 307 66 Randolph
933 1249 69 51 Y.
1038 1245 284 69 Whiting,
1359 1251 271 62 reporter.
1705 1246 200 65 Henry
1942 1247 63 49 F.
244 1245 1965 146 Wrigley,

393 1324 260 55 William
698 1327 64 49 F.
809 1327 278 49 Traverso,
1149 1327 147 51 Wm.
1342 1324 337 66 Nankervis,
1723 1324 70 67 jr.
1841 1325 268 51 assistant
242 1342 1965 128 reporters.
555 1420 50 34 V.
637 1406 113 48 132.
830 1402 113 54 San
976 1402 318 57 Francisco,
1325 1401 583 60 Bancroft-Whitney
1939 1420 294 49 company,

246 1485 149 48 1934.

311 1556 164 39 xxxiv,
508 1556 83 39 924
622 1567 41 35 l).
724 1554 143 40 22½cm.

245 1621 53 50 ©
327 1625 107 38 Feb.
466 1625 38 40 9.
535 1624 139 39 1934;
706 1624 66 40 2c.
803 1626 94 37 and
928 1623 80 40 aff.
1040 1624 109 39 Feb.
1179 1623 54 39 19;
1293 1624 41 37 A
1363 1623 141 39 69476;
1565 1623 486 47 Bancroft-Whitney
2082 1633 66 29 co.

247 1783 309 65 Carmody,
591 1784 243 53 Francis
863 1784 237 64 Xavier,
1134 1787 322 49 1871-1928.

319 1861 363 54 Cumulative
721 1862 358 67 supplement
1120 1868 57 45 to
1220 1862 286 67 Carmody
1514 1862 37 51 ’s
1594 1864 137 50 New
1772 1862 161 52 York
1972 1862 261 67 practice.

249 1939 1984 69 V. 1-5, 7 and 8 (parts 1 and 2) … For use during 1934.
249 2017 322 56 Rochester,
609 2020 69 50 N.
717 2020 90 53 Y.,
844 2018 120 53 The
1000 2021 265 64 Lawyers
1303 2019 380 66 co-operative
1722 2018 333 68 publishing
247 2036 1966 127 company,
450 2099 147 51 1934.

406 2170 214 39 8 v . 23½cm.
318 2227 154 38 These
500 2227 274 46 pamphlets
805 2236 82 29 are
920 2229 46 36 to
999 2227 54 38 be
1085 2226 135 39 fitted
1252 2226 101 39 into
1387 2227 80 39 the
1499 2227 199 47 pockets
1728 2229 49 36 at
1810 2228 79 38 the
1922 2227 121 39 back
2075 2227 50 39 of
2158 2226 79 40 the

247 2284 214 39 volumes
489 2284 50 38 of
568 2284 79 37 the
675 2285 73 37 set
776 2285 47 37 to
852 2283 157 39 which
1038 2284 112 45 they
1178 2284 181 47 belong.

251 2338 50 50 ©
328 2341 108 39 Feb.
463 2341 37 45 5,
526 2340 113 39 1934
658 2351 6 29 :
693 2340 67 39 2c.
785 2341 117 38 each
929 2341 93 38 and
1048 2339 79 40 aff.
1156 2341 107 38 Feb.
1291 2341 54 38 14;
1399 2341 40 38 A
1466 2340 140 40 70222;
1663 2341 228 47 Lawyers
1917 2341 321 47 co-operative

316 2399 105 45 pub.
453 2408 67 28 co.
586 2394 67 51 [©
684 2397 245 39 additions
958 2397 94 39 and
1082 2397 249 48 revisions]

251 2500 164 64 Carr,
444 2500 154 52 John
628 2499 276 56 Dickson.

321 2578 121 50 The
480 2577 160 66 eight
675 2576 62 52 of
776 2579 230 65 swords,
1046 2578 73 66 by
1160 2578 152 54 John
1354 2578 252 53 Dickson
1647 2580 158 54 Carr.
1881 2580 137 51 New
2058 2581 180 65 York,

251 2655 253 65 London,
535 2655 232 65 Harper
794 2659 45 48 &
867 2655 275 66 brothers,
1172 2660 147 49 1934.

322 2726 562 48 3 p. l., 225 p. 19½cm.
326 2784 38 38 A
391 2783 192 47 Harper
611 2784 160 38 sealed
797 2785 213 46 mystery
1037 2785 132 46 story
1207 2783 65 48 (p.
1300 2783 201 41 159-225
1529 2785 187 48 sealed)

326 2838 160 42 “First
516 2839 226 41 edition.”

254 2894 50 50 ©
335 2898 110 39 Feb.
475 2898 67 45 21,
574 2898 113 39 1934;
744 2897 66 40 2c.
842 2898 110 38 Feb.
982 2898 54 39 23;
1097 2898 78 39 aff.
1208 2899 109 38 Feb.
1348 2899 55 37 24;
1461 2899 40 38 A
1532 2898 140 40 69561;
1736 2900 43 39 J.
1810 2900 55 40 D.
1899 2899 132 49 Carr,
321 2900 1919 94 Union-town.
495 2955 80 38 Pa.
649 2954 247 47 (34-3536)

255 3055 218 65 Childs,
503 3058 268 63 Marquis
796 3057 273 66 William,
1097 3062 170 49 1903-

417 3133 1826 72 … Sweden : where capitalism is controlled. New York, The
250 3212 157 53 John
436 3212 131 66 Day
596 3229 279 50 company
912 3216 190 63 [c1934]

322 3285 55 39 32
409 3296 42 36 p.
512 3285 115 39 29cm.
698 3284 98 48 (On
827 3295 160 30 cover:
1018 3287 99 37 The
1151 3287 124 39 John
1309 3287 108 47 Day
1449 3289 272 46 pamphlets.
1796 3300 72 28 no.
1901 3288 79 47 39)

323 3341 64 39 At
415 3342 124 39 head
569 3342 51 38 of
649 3341 107 40 title
775 3353 8 28 :
817 3343 217 46 Marquis
1065 3344 69 38 W.
1166 3342 179 41 Childs.

257 3394 50 51 ©
342 3400 107 38 Jan.
484 3400 67 40 25.
586 3399 139 41 1934;
761 3399 66 38 2c.
863 3399 107 39 Jan.
1005 3400 55 39 27;
1123 3399 78 40 aff.
1238 3400 108 39 Feb.
1383 3401 52 45 1;
1471 3401 40 38 A
1545 3402 169 46 69303;
1752 3404 62 38 M.
1848 3404 70 39 W.
1956 3402 179 48 Childs,
2174 3403 65 40 St.

323 3455 156 39 Louis.
553 3455 247 47 (34-3510)

258 3556 193 64 Clark,
480 3558 229 53 Marion
741 3558 66 56 G.

259 3633 1963 151 Westward to the Pacific, by Marion G. Clark … Pennsylvania ed. New York, Chicago [etc.] C. Scribner’s sons [c1934]
330 3781 94 47 xiv,
453 3783 83 39 616
566 3795 42 36 p.
669 3784 140 46 illus.,
839 3785 178 47 diagrs.
1081 3784 113 41 19cm.

330 3837 222 42 Includes
587 3840 389 48 bibliographies.

259 3890 50 50 ©
337 3895 109 41 Feb.
470 3897 38 39 2.
535 3897 113 40 1934;
703 3899 65 39 2c.
795 3898 108 40 Feb.
931 3900 53 38 17;
1040 3899 79 40 aff.
1148 3899 107 40 Feb.
1283 3900 55 39 19;
1392 3901 40 38 A
1458 3901 141 40 69483;
1657 3902 140 40 Chas.
1829 3903 265 40 Scribner's
2119 3914 123 29 sons.

338 3952 248 48 (34-3530)
