2350 4196
1123 4000 96 54 678

261 444 859 49 47 p. incl. front, (port.) 19 ½ cm .
264 499 265 42 Genevieve
563 502 236 47 Knupfer,
832 504 263 46 chairman,
1128 502 241 40 Editorial
1402 503 284 39 committee,
1776 501 31 47 cf.
1842 512 41 36 p.
1912 504 70 38 47.

265 555 314 42 ‘"Foreword”
624 559 194 46 signed:
870 559 237 41 Gertrude
1153 560 54 39 R.
1252 561 53 38 B.
1351 558 252 48 Richards,
1648 569 84 29 ph.
1777 569 53 38 d.,
1874 561 209 37 lecturer
2127 560 47 39 in

194 609 214 50 history …
262 666 347 50 Bibliography
628 681 8 28 :
667 681 41 37 p.
735 671 158 41 44-45.

192 720 52 51 ©
268 725 114 47 Apr.
408 726 68 46 27,
503 727 140 47 1934;
672 728 65 39 2c.
766 729 114 46 May
906 729 24 38 5
949 740 7 34 ;
988 729 79 39 aff.
1097 731 112 45 May
1234 730 26 39 3
1279 740 8 35 ;
1318 730 39 37 A
1384 728 141 40 71532
1544 739 8 36 ;
1583 728 258 40 President
1866 730 94 38 and
1987 729 189 40 fellows

258 782 52 38 of
337 783 230 40 Harvard
597 785 190 47 college,
819 785 300 48 Cambridge,
1145 787 146 38 Mass.
1368 783 278 50 (34-14551)

184 882 226 65 Milton,
441 886 172 64 John,
648 890 323 54 1608-1674.

323 960 1854 71 … Milton’s minor poems; with descriptive poetry of the 18th,
193 1038 1981 72 19th and 20th centuries, edited by Kenneth W. Wright … New
199 1114 937 73 York, Noble and Noble [ c 1934]
261 1186 82 48 xii,
379 1187 86 40 167
497 1199 42 36 p.
575 1189 107 40 incl.
715 1189 147 41 front,
893 1190 170 48 (port.)
1134 1193 23 36 1
1193 1191 125 40 illus.
1383 1191 57 39 19½
1471 1193 43 20 cm
1520 1224 7 7 .
1600 1189 214 47 (Noble’s
1849 1193 326 45 comparative

190 1243 222 48 classics)

262 1301 99 39 The
396 1302 288 48 descriptive
719 1313 161 37 poems
915 1314 81 30 are
1031 1305 59 46 by
1125 1304 183 48 George
1342 1305 198 48 Crabbe,
1576 1305 218 40 William
1827 1305 347 51 Wordsworth,

194 1358 183 47 Rupert
405 1360 201 47 Brooke,
636 1361 134 38 Edna
803 1361 65 40 St.
899 1360 204 40 Vincent
1131 1361 168 46 Millay
1329 1363 94 37 and
1455 1363 175 38 others.

190 1415 51 51 ©
269 1420 111 46 Apr.
407 1419 68 42 13.
503 1419 138 45 1934;
670 1420 66 39 2c.
765 1421 113 45 May
904 1420 54 39 19
977 1431 7 34 ;
1015 1420 79 39 aff.
1124 1419 113 48 May
1262 1420 55 39 25
1336 1431 7 34 ;
1374 1422 41 36 A
1442 1420 141 39 71773
1603 1431 7 35 ;
1640 1421 151 39 Noble
1819 1422 37 38 &
1880 1421 162 39 Noble.
2124 1417 51 51 [©

260 1478 180 45 poetry,
469 1487 146 36 pages
642 1476 54 39 67
724 1480 47 35 to
800 1476 66 47 82,
895 1478 95 38 and
1018 1478 209 46 sonnets,
1255 1487 145 36 pages
1429 1476 89 40 159
1540 1478 47 38 to
1616 1477 98 48 162]

271 1532 277 48 (34-14569)

182 1633 171 64 Mott,
384 1635 198 52 Frank
615 1634 243 62 Luther,
890 1640 170 48 1886-
1271 1636 82 52 ed.

263 1709 166 55 News
461 1712 196 52 stories
689 1711 63 51 of
788 1714 161 62 1933;
986 1730 29 32 a
1052 1711 290 53 collection
1379 1711 61 51 of
1473 1729 146 34 some
1653 1710 62 52 of
1749 1711 93 51 the
1877 1710 119 53 best
2028 1728 148 35 news

192 1789 112 52 and
334 1788 219 52 feature
584 1790 199 52 stories
811 1789 64 52 of
905 1789 225 52 various
1161 1794 160 62 types
1352 1788 186 52 which
1570 1788 285 68 appeared
1886 1788 60 51 in
189 1787 1962 131 American
339 1884 354 51 newspapers

718 1867 59 51 in
803 1869 150 65 1933,
976 1866 187 53 edited
1184 1867 73 68 by
1284 1865 194 52 Frank
1502 1866 218 55 Luther
1741 1866 153 53 Mott…
2008 1865 111 52 and
2145 1887 30 33 a

190 1941 1985 71 staff of co-operating editors … Iowa City, Ia., The Clio press.
194 2025 148 48 1934.

258 2092 86 41 340
376 2105 42 36 p.
479 2093 56 40 20½
567 2096 43 20 cm
616 2124 7 8 .

189 2150 50 51 ©
268 2155 113 46 May
407 2153 68 47 19,
503 2153 114 40 1934
635 2165 7 35 ;
673 2154 65 39 2c.
768 2155 94 38 and
889 2153 81 40 aff.
997 2154 113 47 May
1137 2154 81 46 21;
1249 2154 40 38 A
1316 2154 169 46 71722;
1517 2154 102 41 Clio
1648 2166 149 36 press.

266 2210 278 49 (34-14885)

183 2315 278 52 National
493 2316 221 52 council
746 2316 62 51 of
840 2316 272 52 teachers
1143 2316 62 51 of
1236 2316 437 56 mathematics.

179 2392 1972 147 … The ninth vearbook. Relational and functional thinking
312 2472 60 50 in
403 2471 411 62 mathematics,
845 2472 74 66 by
950 2471 251 52 Herbert
1230 2473 223 51 Russell
1485 2474 266 65 Hamley,
1782 2490 97 33 ph.
1913 2490 47 32 d.
2036 2472 138 51 New

182 2550 162 52 York
373 2551 132 66 city,
535 2553 227 50 Bureau
793 2548 63 53 of
883 2548 398 68 publications,
1309 2551 277 50 Teachers
1616 2550 226 67 college,
1875 2548 299 56 Columbia

181 2627 333 67 university,
546 2631 148 48 1934.

257 2700 958 49 4 p. l. , 215 p. illus., diagrs. 23½ cm .
190 2754 52 51 ©
272 2760 120 37 Mar.
424 2758 68 40 22.
525 2756 139 47 1934;
699 2757 67 39 2c.
800 2757 124 40 June
956 2756 82 46 21;
1073 2755 81 40 aff.
1188 2756 124 40 June
1344 2757 54 39 20
1418 2768 8 35 ;
1462 2757 41 38 A
1533 2755 170 48 72898;
1739 2756 116 39 Natl.
1904 2755 186 40 council
2122 2756 52 39 of

255 2816 219 38 teachers
506 2814 51 39 of
585 2812 353 48 mathematics,
969 2813 117 38 New
1116 2812 142 39 York.

179 2902 292 64 Norelius,
504 2903 153 65 Eric,
689 2907 323 49 1833-1916.

260 2979 179 68 Early
475 2978 104 53 life
615 2978 62 52 of
711 2978 135 52 Eric
880 2977 263 53 Norelius
1191 2979 364 66 (1833-1862)
1638 2977 55 50 A
1727 2976 292 52 Lutheran
192 2974 1957 149 pioneer;

385 3056 90 53 his
512 3074 123 34 own
671 3062 153 61 story
860 3054 269 52 rendered
1166 3056 118 51 into
1318 3054 245 68 English
1602 3055 74 68 by
1712 3054 246 67 Emeroy

192 3052 1956 136 Johnson.
370 3134 158 53 Rock
556 3133 214 66 Island,
801 3132 111 67 Ill.,
938 3132 335 66 Augustana
1302 3132 147 52 book
1478 3150 252 49 concern,
1761 3133 148 49 1934.

257 3205 97 47 319,
390 3206 53 48 [1]
474 3216 42 36 p.
573 3204 147 40 front,
750 3203 169 48 (port.)
984 3203 56 39 20
1043 3206 43 21 cm
1092 3237 7 7 .

261 3262 252 39 “Memoirs
544 3261 50 39 of
620 3262 84 39 Dr.
731 3260 224 40 Norelius
984 3271 124 28 were
1137 3260 109 40 first
1271 3261 253 47 published
1553 3263 49 37 in
1631 3263 80 38 the
1745 3261 217 41 Swedish
1991 3262 176 39 church

189 3317 1978 51 periodical, Augustana … The translated work … appeared, serially, in
191 3372 1961 102 the Lutheran companion … With only a few changes of minor importance
360 3434 81 39 the
469 3435 191 45 present
690 3431 133 39 work
852 3431 40 39 is
923 3430 226 39 identical
1182 3430 119 40 with
1331 3432 80 38 the
1444 3432 226 39 Memoirs
1702 3443 52 30 as
1787 3433 188 47 printed
2008 3432 48 39 in
2090 3433 78 39 the

189 3492 247 39 Lutheran
470 3487 660 49 companion.”—Foreword.

190 3548 50 51 ©
268 3553 76 38 May
404 3551 67 44 24,
498 3548 138 41 1934;
665 3549 64 38 2c.
757 3548 93 38 and
877 3545 80 40 aff.
985 3547 114 45 May
1122 3545 79 46 28;
1230 3545 42 38 A
1296 3546 168 46 71815;
1493 3548 286 46 Augustana
1806 3548 122 39 book
1955 3556 214 31 concern.

270 3607 277 49 (34-14901)

184 3698 128 62 Orr,
343 3697 172 63 John,
547 3700 167 49 1884-

262 3764 1846 76 English deism: its roots and its fruits, by John Orr …
193 3850 197 53 Grand
419 3848 235 67 Rapids,
682 3845 191 68 Mich.,
901 3845 145 51 Wm.
1077 3844 65 50 B.
1175 3843 313 53 Eerdmans
1516 3844 333 68 publishing
1877 3860 290 50 company,

193 3930 148 49 1934.
