2350 4196
1115 4007 132 46 1310

205 387 229 62 Ramin,
468 386 238 55 Robert.

284 460 210 53 Gustaf
530 460 366 69 Gründgens;
935 462 210 52 bikinis
1179 462 147 51 eines
1360 460 298 66 künstlers,
1693 479 107 33 von
1837 460 213 54 Robert
215 461 1954 129 Ramin.

417 539 214 67 Berlin,
663 539 195 53 Scherl
897 574 14 33 [
916 548 16 19 c
939 543 131 48 1933
1077 573 13 33 ]

288 609 83 49 [48]
410 620 42 36 p.
489 611 108 38 incl.
633 611 146 39 front,
811 612 169 46 (port.)
1027 612 125 39 illus.
1218 611 54 39 19
1276 614 42 19 crn
1324 643 7 7 .
1431 613 275 46 (Half-title:
1744 613 296 39 Illustrierte
2076 612 118 38 film-
214 666 202 48 bücher)

284 724 217 39 Portrait
531 735 58 28 on
619 735 152 30 cover.

213 794 1982 51 © Dec. 13. 1933: 1c. Mar. 13. 1934: A-Foreign 24056: August Scherl.
280 866 39 35 g.
399 888 6 5 m.
435 856 37 37 b.
502 856 42 36 h.
617 855 277 41 (34-33448)

204 954 146 66 Ray,
381 955 208 55 Milton
621 957 212 65 Smith,
868 960 169 49 1881-

284 1033 118 53 The
450 1033 346 64 Farallones,
842 1034 120 51 The
1008 1033 231 67 painted
1288 1032 196 67 world,
1532 1033 111 50 and
1693 1034 158 50 other
1901 1050 184 43 poems
2135 1031 62 52 of

210 1111 321 54 California;
603 1113 139 53 with
781 1112 324 69 fifty-three
1138 1112 397 66 illustrations,
1573 1112 112 52 and
1724 1112 139 52 with
1903 1131 30 33 a
207 1114 1966 144 supplementary
501 1191 221 68 history

755 1192 112 52 and
904 1191 344 68 description
1286 1189 64 53 of
1385 1190 96 52 the
1517 1190 349 65 Farallones,
1902 1190 296 66 including

208 1267 1928 148 notes on their plant, bird, and animal life, by Milton S. Ray … San Francisco, Printed by
1064 1347 55 54 J.
1146 1346 76 52 H.
1250 1346 176 67 Nash,
1457 1349 149 49 1934.

282 1418 25 38 2
338 1429 42 29 v.
437 1418 86 39 col.
550 1417 189 48 fronts.,
769 1420 168 45 plates,
971 1421 145 45 ports.
1175 1418 53 39 29½
1261 1420 42 20 cm
1310 1451 7 7 .

284 1475 92 40 “Of
400 1475 99 39 this
523 1474 121 40 book
669 1477 95 37 two
790 1475 242 40 thousand
1058 1476 156 46 copies
1243 1476 123 38 have
1391 1476 115 37 been
1536 1475 232 46 printed.”
1826 1476 115 37 This
1971 1487 114 35 copy
2115 1483 72 32 not

212 1533 260 39 numbered;
531 1532 240 39 inscribed
800 1531 263 40 “Printer's
1092 1531 159 47 copy".

618 1588 950 43 CONTENTS.—v. 1. Text.—v. 2. The illustrations.
212 1657 50 50 ©
298 1663 112 45 Apr.
444 1661 68 41 28.
548 1661 139 39 1934:
725 1660 66 41 2c.
828 1661 117 39 each
979 1660 99 40 Oct.
1116 1660 24 37 2:
1207 1661 79 38 aff.
1328 1659 126 47 Sept.
1490 1660 55 38 29;
1610 1661 40 37 A
1687 1660 138 39 76303:
1894 1661 60 39 M.
1994 1660 43 40 S.
2074 1660 119 46 Ray,

283 1718 95 39 San
407 1719 269 38 Francisco.
750 1717 277 49 (34-33102)

204 1820 287 65 Reinfeld,
521 1821 169 64 Fred,
721 1822 81 51 ed.

278 1897 70 53 A.
395 1898 282 52 Alekhine
724 1918 79 32 vs.
850 1899 68 51 E.
966 1899 70 51 D.
1083 1898 405 68 Bogoljubow;
1539 1897 225 53 world’s
1811 1897 153 52 chess
211 1896 1958 146 championship,

543 1978 150 64 1934,
738 1976 188 52 edited
972 1977 34 51 by
1091 1977 148 51 Fred
1285 1975 273 53 Reinfeld
1604 1976 110 51 and
1759 1976 230 51 Reuben
2037 1975 155 51 Fine.

211 2052 422 68 Philadelphia,
663 2053 191 52 David
886 2053 231 67 McKay
1149 2071 294 50 company,
1477 2057 149 48 1934.

277 2127 55 38 56
369 2137 41 37 p.
472 2126 125 39 illus.
660 2125 53 39 23
718 2129 13 19 cm
766 2158 8 7 .

214 2179 48 51 ©
290 2185 116 39 Aug.
436 2184 67 39 13.
531 2182 112 39 1934:
698 2184 65 38 2c.
794 2185 93 37 and
915 2183 80 39 aff.
1026 2183 124 46 Sept.
1180 2185 54 37 27:
1291 2185 39 37 A
1361 2183 141 40 75502:
1561 2184 158 39 David
1748 2184 153 39 McKay
1963 2194 67 29 co.

289 2239 276 43 (34-33097)

201 2341 253 65 Renard,
485 2341 219 66 Pierre,
739 2345 168 49 1862-

203 2417 1991 147 Leçons d’initiation mathématique, par Pierre Renard … A l’usage des cours professionnels, écoles de métiers, cours
206 2572 370 69 d’apprentis,
607 2579 99 46 etc.
771 2574 184 67 Paris,
984 2574 227 67 Dunod,
1244 2578 147 50 1934.

274 2645 25 38 2
328 2656 41 36 p.
436 2678 6 12 l.,
477 2646 174 49 [Vii]-x,
729 2664 25 29 [1],
785 2645 84 41 283
896 2655 42 38 p.
1000 2646 175 48 diagrs.
1236 2646 52 39 21
1295 2649 45 21 cm
1343 2679 8 8 .

211 2701 1568 50 © .Tune 28. 1934: 1c. Sept. 17: A- Foreign 25566: Dunod.
289 2761 277 46 (34-33828)

200 2859 307 67 Richards,
540 2863 204 65 Grant,
778 2864 167 54 1872-

277 2939 225 53 Author
531 2940 264 69 hunting,
828 2942 72 66 by
932 2960 70 33 an
1034 2943 93 51 old
1158 2943 236 68 literary
1423 2948 321 63 sportsman;
1807 2944 292 50 memories
2131 2940 61 53 of

205 3034 160 49 years
400 3025 164 59 spent
600 3018 213 68 mainly
850 3020 58 50 in
944 3020 350 69 publishing,
1331 3022 325 65 1897-1925,
1695 3022 70 66 by

1802 3020 187 54 Grant
208 3020 1961 127 Richards:
423 3095 136 51 with
611 3100 292 47 seventeen
956 3095 392 55 illustrations.
1437 3100 255 55 London,
1743 3100 77 50 H.
1874 3099 318 52 Hamilton.

208 3175 147 49 1934.

278 3244 94 40 xiv.
403 3244 82 39 295
516 3256 40 36 p.
618 3244 161 47 front.,
810 3246 170 46 plates,
1009 3252 161 42 ports.,
1199 3248 188 40 facsim.
1449 3249 53 39 21½
1538 3253 13 19 cm
1586 3284 6 6 .

279 3301 46 37 "I
373 3302 130 39 dealt
547 3301 116 39 with
708 3302 79 40 the
829 3312 140 36 years
1013 3303 111 39 1872
1168 3311 46 33 to
1258 3305 111 40 1896
1413 3307 46 37 in
1504 3307 253 40 Memories
1800 3307 49 39 of
1889 3318 28 28 a
1959 3309 226 47 misspent

206 3357 385 48 youth.”—Pref.

211 3412 50 50 ©
293 3419 62 36 1c.
390 3416 125 47 Sept.
547 3417 66 39 28.
644 3415 137 38 1934:
815 3417 38 36 A
883 3417 59 37 ad
974 3416 82 38 int.
1090 3415 166 41 19404:
1289 3420 141 44 pubd.
1464 3420 123 47 Sept.
1622 3421 81 39 13:
1738 3421 452 41 Coward-McCann.

278 3472 102 40 inc.
461 3483 69 28 New
565 3473 141 38 York.
780 3472 276 45 (34-33643)

201 3571 315 67 Robinson,
547 3576 201 52 James
779 3576 255 59 Harvey,
1070 3579 167 49 1863-

280 3651 121 52 Our
433 3652 177 52 world
640 3652 174 66 today
846 3652 111 52 and
987 3653 324 68 yesterday;
1345 3674 29 33 a
1403 3657 221 66 history
1655 3657 63 53 of
1746 3657 232 53 modern
209 3655 1957 126 civilization.
446 3730 73 65 by
552 3729 190 53 James
776 3729 234 66 Harvey
1041 3730 289 54 Robinson
1364 3733 110 52 and
1506 3734 205 53 Emma
1742 3735 196 52 Peters
1971 3734 217 64 Smith;

213 3806 132 50 with
395 3805 94 53 the
538 3805 405 53 collaboration
992 3806 62 51 of
1100 3807 191 54 James
1337 3810 200 67 Henry
1585 3812 290 52 Breasted.
1959 3813 230 63 Boston,

208 3882 136 50 New
377 3883 160 51 York
589 3888 99 47 [etc.]
742 3883 152 54 Ginn
925 3884 107 51 and
1065 3902 275 52 company
1375 3921 12 32 [
1393 3893 18 21 c
1415 3890 134 50 1934
1554 3922 13 32 ]
