2350 4196
1188 3995 66 49 40

202 367 154 63 Hay,
381 368 148 52 Sara
554 367 364 54 Henderson.

273 441 167 53 Field
480 440 64 53 of
581 442 180 52 honor
808 441 89 69 [by]
965 441 143 55 Sara
1147 441 338 52 Henderson
1526 441 154 68 Hay,
1722 459 30 34 a
1796 440 293 53 collection
2131 438 64 53 of

204 536 191 50 poems
443 520 202 51 chosen
696 518 152 53 from
898 519 99 52 207
1050 518 205 53 entries
1306 519 60 51 in
1417 519 97 51 the
1562 517 437 69 Kaleidograph
2048 517 146 53 book

204 596 356 67 publication
587 601 218 48 contest
832 595 93 54 for
957 599 150 49 1933.
1173 594 218 68 Dallas,
1423 596 154 66 Tex.,
1608 596 121 52 The
1759 594 435 69 Kaleidograph

205 677 385 64 press [ c 1933]
274 764 51 38 xi
352 774 56 37 p.,
438 764 24 38 1
511 793 22 16 l.,
563 763 144 40 15-87
734 773 42 37 p.
833 762 59 40 19½
921 765 43 19 cm
972 794 7 7 .

209 829 1988 51 © Nov. 15. 1933; 2c. Jan. 15. 1934; aff. Jan. 17; A 6 9019; Kaleidograph
276 900 149 37 press.
499 890 248 47 (34-1275)

208 1009 219 64 Hayes,
458 1009 190 52 Leslie
680 1009 209 64 David,
923 1011 171 50 1876-

276 1085 1581 68 Empirical design, by Leslie D. Hayes … 4th ed.
207 1086 1969 145 Morgantown,
403 1165 89 52 W.
523 1165 124 66 Va.,
675 1164 65 51 L.
769 1165 71 52 D.
870 1164 212 66 Hayes,
1113 1166 149 49 1933.

279 1238 953 48 1 p. l., 105 p. illus., diagrs. 23½cm.
282 1310 245 39 “Planned
556 1309 259 48 especially
845 1311 47 37 to
923 1312 124 37 meet
1077 1309 81 39 the
1187 1309 145 39 needs
1362 1309 51 39 of
1443 1309 81 40 the
1554 1309 174 39 second
1758 1319 116 37 year
1904 1308 222 40 students
2156 1307 50 40 in

210 1367 80 39 the
319 1367 319 46 Department
669 1366 50 39 of
748 1366 221 39 machine
1000 1365 166 47 design
1196 1366 51 39 of
1279 1365 190 40 Cornell
1501 1364 506 48 university.”—Pref.

215 1432 50 51 ©
296 1437 111 38 Dec.
437 1436 68 46 30,
535 1436 139 46 1933;
706 1437 66 38 2c.
804 1437 94 38 and
928 1436 80 39 aff.
1041 1436 107 39 Jan.
1178 1436 69 47 11,
1278 1435 139 47 1934;
1449 1436 43 38 A
1520 1435 169 44 68816;
1723 1436 50 39 L.
1805 1437 56 37 D.
1893 1436 177 46 Hayes.
2152 1429 51 51 [©

282 1493 210 40 revision
525 1494 93 39 and
651 1503 104 29 new
787 1490 193 50 matte]
1053 1492 249 47 (34—1393)

214 1611 357 64 Heckseher,
599 1611 279 64 Maurice,
904 1613 73 62 jr.

284 1686 210 69 Tragic
532 1685 194 70 fugue,
765 1706 31 33 a
834 1689 137 67 play
1008 1688 59 51 in
1105 1688 156 52 three
1301 1687 272 69 episodes,
1611 1687 75 69 by
1726 1687 258 53 Maurice
214 1686 1968 145 Heckseher,

428 1764 69 68 jr.
598 1765 138 51 [New
777 1765 179 66 York]
1002 1766 122 50 The
1160 1764 214 53 Ashlar
1413 1783 174 50 press,
1628 1768 150 50 1933.

284 1839 647 48 3 p. l., 57 p., 1 l. 21½cm.
219 1905 1989 52 © Dec. 23, 1933; 1c. and aff. Jan. 4, 1934; 1c. Jan. 12; A 69006; Ashlar
287 1976 147 36 press,
466 1966 117 40 Glen
613 1967 152 40 Head.
843 2000 7 7 N.
880 1967 52 38 Y.
1005 1967 248 48 (34-1274)

218 2084 265 65 Henney,
512 2083 200 67 Keith,
749 2088 170 49 1896-

285 2160 1920 70 Principles of radio, by Keith Henney … 2d ed. New
219 2239 175 67 York,
420 2240 54 52 J.
498 2239 152 54 Wiley
712 2242 45 49 &
781 2259 145 48 sons,
951 2241 135 65 inc.;
1114 2241 255 68 London,
1397 2240 298 68 Chapman
1719 2244 46 49 &
1788 2242 159 65 Hall,
1972 2240 239 67 limited,

220 2320 148 48 1934.

292 2391 81 47 xii,
402 2391 83 40 491
516 2403 43 37 p.
616 2392 143 46 illus.,
789 2393 178 47 diagrs.
1027 2393 55 39 20
1086 2395 42 20 cm
1134 2424 7 8 .
1262 2392 129 50 $3.50

288 2462 174 39 Tables
500 2473 60 28 on
596 2463 360 47 lining-papers.

225 2528 1988 53 © Jan. 15, 1934; 2c. Jan. 18 ; aff. Jan. 17 ; A 69048; K. Henney, New
290 2589 144 38 York.
508 2589 248 47 (34-1392)

225 2705 278 66 Huntley,
540 2708 222 64 George
794 2709 250 64 Arthur,
1080 2713 167 48 1865-

297 2783 261 54 Oriental
595 2785 300 67 windows;
936 2788 280 67 arresting
1254 2788 338 67 missionary
1631 2789 216 65 stories,
1886 2788 73 67 by
1997 2787 219 68 George

226 2862 1991 71 A. Huntley … Philadelphia, Boston [etc.] The Judson press
229 2943 170 64 [1933]

319 3013 941 51 8 p. l., 155 p. front., plates. 20 cm .
229 3080 50 50 ©
310 3084 99 40 Oct.
439 3085 67 40 25.
536 3086 139 46 1933;
707 3087 64 39 2c.
803 3089 93 38 and
925 3087 82 41 aff.
1037 3089 107 38 Jan.
1174 3089 38 45 3,
1241 3088 139 46 1934;
1412 3089 40 38 A
1481 3089 168 47 68723;
1683 3090 186 39 Judson
1898 3099 148 38 press.

309 3141 248 47 (34-1372)

227 3260 264 52 Indiana.
566 3264 307 64 Appellate
906 3271 174 45 court.

302 3338 1912 73 Reports of cases decided … with tables of cases reported
232 3416 111 50 and
371 3415 165 67 cited,
567 3421 237 48 statutes
837 3419 148 51 cited
1016 3420 111 50 and
1158 3421 316 66 construed,
1505 3421 111 51 and
1649 3438 72 33 an
1750 3420 187 52 index.
2013 3422 203 50 Emma

231 3494 77 51 M.
346 3495 155 64 May,
538 3491 198 55 official
774 3502 282 61 reporter;
1097 3499 146 50 Paul
1279 3499 69 51 V.
1384 3495 242 69 Wycoff,
1662 3498 278 67 Marjorie
1976 3499 241 66 Wilcox,

232 3572 169 66 Mary
446 3572 197 67 Spain,
687 3573 309 53 assistants,
1074 3591 49 36 v.
1168 3577 79 48 94.
1325 3577 174 50 From
1539 3578 261 64 January
1842 3579 83 65 29,
1968 3579 151 63 1932,
2159 3583 57 46 to

233 3651 150 53 June
423 3652 82 56 24,
548 3652 149 49 1932.
774 3651 413 67 Indianapolis.
1227 3655 146 51 Wm.
1415 3656 65 49 B.
1524 3652 258 53 Burford
1821 3654 260 67 printing
2121 3672 96 48 co.,

234 3730 151 49 1933.

299 3800 131 45 xxix,
462 3801 82 38 727
574 3812 39 35 p.
672 3801 145 40 22½cm.

235 3867 51 51 ©
321 3872 124 46 Sept.
478 3872 37 44 6,
548 3871 138 45 1933;
719 3874 65 37 2c.
818 3874 91 37 and
944 3873 80 39 aff.
1057 3874 106 38 Jan.
1196 3873 67 46 12,
1296 3873 139 46 1934;
1470 3874 41 38 A
1542 3874 167 47 67958;
1747 3874 136 40 State
1915 3875 50 39 of
1997 3875 221 47 Indiana,

309 3928 340 47 indianapolis.
