2350 4296
1062 4003 133 51 1001

143 357 452 66 Aristophanes.

217 434 338 69 Lysistrata,
609 437 75 54 by
739 436 440 67 Aristophanes;
1241 452 30 33 a
1327 453 122 33 new
1504 433 225 54 version
1780 434 77 66 by
1911 433 226 55 Gilbert

149 513 221 68 Seldes;
401 513 141 54 with
569 533 31 33 a
628 512 209 70 special
866 512 386 54 introduction
1280 512 75 67 by
1379 513 111 50 Mr.
1522 511 194 56 Seldes

1746 513 111 50 and
148 508 1963 140 illustrations
318 594 75 66 by
416 592 180 53 Pablo
620 593 244 53 Picasso.
941 592 136 51 New
1103 589 177 68 York,
1306 591 120 52 The
1451 589 251 54 Limited

1725 590 243 53 editions
1991 590 144 66 club,

150 673 147 51 1934.

218 740 97 51 117,
347 744 53 47 [1]
432 752 41 37 p.
500 743 108 39 incl.
638 744 141 47 illus.,
808 744 169 47 plates.
1038 741 115 42 30cm.

221 799 156 48 “Copy
404 800 229 39 number:
662 800 250 48 copyright
942 810 130 36 copy,
1103 799 50 38 of
1179 799 98 39 this
1305 797 183 40 edition
1516 798 51 38 of
1593 796 291 49 Lysistrata.
1945 798 193 41 Fifteen

149 857 218 40 hundred
401 857 157 47 copies
592 867 125 30 were
749 858 192 47 printed
972 857 78 39 for
1082 855 235 41 members
1351 856 49 38 of
1433 856 82 38 the
1546 854 209 40 Limited
1789 855 208 41 editions
2031 857 107 40 club

149 913 126 40 from
314 914 80 39 the
431 914 220 48 etchings
686 916 92 39 and
818 913 246 47 drawings
1100 912 138 40 made
1274 912 295 47 exclusively
1606 913 79 39 for
1723 913 98 39 this
1860 913 181 39 edition
2080 914 58 48 by

150 965 1940 55 Pablo Picasso, who signs this copy: Picasso. This edition has been …
149 1025 753 52 printed … on Rives paper.”
220 1081 168 42 Issued
417 1085 50 39 in
495 1085 105 39 box.

148 1136 50 51 ©
231 1141 126 40 June
388 1141 68 42 20.
492 1142 111 39 1034:
665 1142 65 40 2c.
765 1143 115 47 July
914 1143 80 45 18;
1030 1142 82 41 aff.
1146 1142 116 47 July
1292 1142 81 46 25;
1408 1142 40 38 A
1481 1142 170 45 74311;
1687 1142 208 40 Limited
1929 1142 209 42 éditions

212 1198 121 46 club,
367 1199 88 39 inc.
520 1199 280 49 [Copyright
834 1200 39 39 is
906 1200 202 39 claimed
1143 1209 58 30 on
1234 1199 343 47 introduction,
1612 1198 233 49 etchings,
1878 1199 260 48 drawings,

215 1254 208 50 designs]
497 1256 279 49 (34-22548)

139 1341 178 68 Asch,
352 1344 257 66 Shalom,
648 1349 170 50 1880-

271 1420 1867 74 … Der trost des Volkes; roman. Deutsch von Siegfried
143 1498 267 56 Schmitz.
488 1500 224 67 Zürich,
757 1502 331 52 Bibliothek
1132 1499 495 71 zeitgenössischer
1671 1502 201 68 werke,
1920 1507 147 48 1934.

210 1572 606 51 473, [1] p., 1 l. 20 ½c m.
212 1631 61 39 At
302 1631 125 39 head
453 1632 51 38 of
533 1631 107 40 title:
701 1631 220 41 Schalom
951 1632 141 42 Asch.

212 1686 141 42 “1.-5.
387 1689 250 39 tausend.”

145 1741 1975 112 © Apr. 12, 1934; 1c. July 3: A -Foreign 25087; Bibliothek zeitgenössischer werke, verlags a.-g. (34-23070)
138 1872 298 70 Beamish,
465 1877 192 54 Annie
687 1878 273 55 O’Meara
989 1881 69 52 de
1088 1878 105 56 Vic
1221 1881 300 64 Beamish,
1553 1884 171 50 1883-

142 1950 1968 153 Cocktail (pup de luxe) by Noel de Vic Beamish … London, Hutchinson & co., ltd. [1934]
215 2102 83 40 157
324 2114 42 37 p.
398 2104 107 41 incl.
535 2104 164 48 front.,
728 2105 127 41 illus.
915 2105 117 41 22cm.

144 2156 1991 60 © 1c. July 21, 1934; A ad int. 19176; pubd. May 25; A. O. de Vic B.
214 2218 242 48 Beamish,
489 2220 203 47 Cannes,
724 2221 197 40 France.
994 2222 278 49 (34-24295)

136 2289 351 71 Blanchard,
518 2295 279 66 Maurice,
830 2300 170 50 1883-

206 2370 1930 77 Pr é cis d'épidémiologie; médecine préventive et hygiène
136 2448 2001 79 coloniales, par 1c docteur Maurice Blanchard … Paris, Vigot
138 2526 194 68 frères,
366 2531 147 51 1934.

215 2602 1215 52 2 p. l., [7]-415, [1] p. incl. illus., tables. 23cm.
143 2654 1991 60 © Mar. 5, 1934; 1c. May 35; A- Foreign 24663; Vigot frères, éditeurs.
225 2716 279 47 (34-22740)

134 2787 328 68 Bogardus,
493 2792 205 53 James
727 2793 249 64 Furnas,
1009 2798 169 51 1896-

207 2867 1928 78 Europe; a geographical survey, by J. F. Bogardus … New
137 2944 160 53 York
324 2947 111 50 and
463 2946 256 68 London,
746 2948 233 66 Harper
1006 2951 45 50 &
1078 2950 274 67 brothers,
1383 2955 147 49 1934.

206 3017 102 49 xiii,
342 3019 83 39 713
457 3029 43 37 p.
561 3018 127 40 illus.
718 3019 134 47 (incl.
886 3023 161 47 maps)
1090 3022 177 49 diagrs.
1327 3025 117 41 24cm.

206 3075 117 48 Map
356 3086 60 29 on
449 3074 139 40 front
620 3075 335 48 lining-paper.

208 3131 162 42 “First
404 3133 227 40 edition.”

206 3188 349 49 Bibliography
582 3191 52 39 at
660 3191 92 39 end
778 3191 50 38 of
855 3193 127 38 most
1008 3192 49 39 of
1087 3193 82 39 the
1195 3194 241 49 chapters.

143 3241 51 51 ©
222 3246 116 48 July
365 3247 38 47 5,
432 3247 114 39 1934;
602 3247 66 39 2c.
698 3247 115 47 July
841 3248 52 46 5;
925 3248 79 39 aff.
1036 3249 115 48 July
1179 3252 28 38 7;
1263 3253 40 37 A
1332 3254 169 46 74156;
1535 3255 193 49 Harper
1758 3258 35 39 &
1822 3259 123 39 bros.

220 3300 280 50 (34-22565)

132 3373 280 68 Brebner,
439 3379 153 52 John
623 3379 250 64 Bartlet,
906 3383 170 49 1895-
1288 3386 84 52 ed.

204 3453 241 55 Classics
479 3455 63 53 of
575 3457 94 51 the
702 3462 239 47 western
974 3461 198 67 world,
1205 3463 189 53 edited
1427 3466 73 67 by
1533 3468 56 54 J.
1624 3470 224 51 Bartlet
1883 3472 252 51 Brebner

135 3533 111 53 and
283 3535 276 52 members
597 3534 64 51 of
698 3537 97 50 the
830 3536 225 69 faculty
1094 3539 63 51 of
1196 3542 302 54 Columbia
1537 3547 228 68 college,

1805 3548 139 52 with
133 3545 1977 125 forewords
362 3613 74 67 by
481 3613 157 55 John
683 3613 244 54 Erskine
973 3617 111 51 and
1131 3618 237 55 Everett
1412 3624 163 51 Dean
1618 3625 236 53 Martin.
1932 3629 70 51 2d
2049 3629 83 53 ed.

132 3706 112 38 rev.
322 3689 269 68 Chicago,
622 3691 305 54 American
960 3693 216 70 library
1209 3699 356 69 association,
1600 3706 148 51 1934.

206 3764 83 41 128
320 3775 41 38 p,
451 3764 114 41 18½cm.

206 3821 159 40 Blank
395 3831 145 37 pages
570 3821 77 38 for
681 3820 203 42 “Notes”
926 3823 249 49 (121-126)

142 3872 50 53 ©
234 3879 113 45 May
385 3877 69 47 15,
494 3876 139 46 1934;
675 3877 68 41 2:c.
783 3879 112 48 May
932 3879 83 47 21;
1058 3880 80 41 aff.
1180 3884 115 47 July
1336 3887 80 45 11;
1459 3888 40 38 A
1541 3889 169 49 73568;
1753 3892 156 42 Amer.
1953 3895 186 46 library

205 3943 127 31 assn.
407 3933 280 50 (34-27146)
