<alto xmlns="http://www.loc.gov/standards/alto/ns-v3#" xmlns:xlink="http://www.w3.org/1999/xlink" xmlns:xsi="http://www.w3.org/2001/XMLSchema-instance" xsi:schemaLocation="http://www.loc.gov/standards/alto/ns-v3# http://www.loc.gov/alto/v3/alto-3-0.xsd"><Description>
<MeasurementUnit>pixel</MeasurementUnit>
<sourceImageInformation>
<fileName>1934_v1_Part1.pdf</fileName>
</sourceImageInformation>
<OCRProcessing ID="IdOcr">
<ocrProcessingStep>
<processingDateTime>2019-01-10</processingDateTime>
<processingSoftware>
<softwareCreator>ABBYY</softwareCreator>
<softwareName>ABBYY Recognition Server</softwareName>
<softwareVersion>4.0</softwareVersion>
</processingSoftware>
</ocrProcessingStep>
</OCRProcessing>
</Description>
<Styles>
<ParagraphStyle ID="StyleId-FFFFFFFF-FFFF-FFFF-FFFF-FFFFFFFFFFFF-" ALIGN="Left" LEFT="0." RIGHT="0." FIRSTLINE="0."/>
<ParagraphStyle ID="StyleId-521E1FC6-FE7E-43A4-90E6-A9B61626A263-" ALIGN="Right" LEFT="0." RIGHT="0." FIRSTLINE="0." LINESPACE="13.30000019"/>
<ParagraphStyle ID="StyleId-639B624E-F6F5-47B6-BB1D-34E64B53022F-" ALIGN="Left" LEFT="0." RIGHT="0." FIRSTLINE="-27." LINESPACE="13.43999958"/>
<ParagraphStyle ID="StyleId-100905F9-D385-406B-A5BD-ED5B8FD85431-" ALIGN="Left" LEFT="0." RIGHT="0." FIRSTLINE="0."/>
<ParagraphStyle ID="StyleId-7C9F9BA2-EF3A-4B7F-8486-CCC7B7F49B39-" ALIGN="Left" LEFT="0." RIGHT="0." FIRSTLINE="-27." LINESPACE="18.71999931"/>
<ParagraphStyle ID="StyleId-350780E3-60F2-4605-88F5-BB54F9B87091-" ALIGN="Block" LEFT="0." RIGHT="0." FIRSTLINE="-27." LINESPACE="18.71999931"/>
<ParagraphStyle ID="StyleId-90B16C58-D795-4C77-9B89-30378C515D40-" ALIGN="Left" LEFT="0." RIGHT="0." FIRSTLINE="0." LINESPACE="14.39999962"/>
<ParagraphStyle ID="StyleId-17090E09-AFAF-4086-BD9B-4E99FAE6B057-" ALIGN="Right" LEFT="0." RIGHT="0." FIRSTLINE="-27." LINESPACE="14.39999962"/>
<ParagraphStyle ID="StyleId-8B87B633-89DB-4D72-B1FC-26E4ABD680BC-" ALIGN="Left" LEFT="0." RIGHT="0." FIRSTLINE="-27." LINESPACE="18.47999954"/>
<ParagraphStyle ID="StyleId-42DA7417-CA90-4D71-A57B-06556C38D752-" ALIGN="Left" LEFT="0." RIGHT="0." FIRSTLINE="0." LINESPACE="13.30000019"/>
<ParagraphStyle ID="StyleId-D8EE2A7E-42AE-4E35-98DB-F0F935637AA0-" ALIGN="Block" LEFT="0." RIGHT="0." FIRSTLINE="0." LINESPACE="6.599999905"/>
<ParagraphStyle ID="StyleId-33CD3121-D4F5-43B6-BA96-6382D166E6B8-" ALIGN="Left" LEFT="0." RIGHT="0." FIRSTLINE="0." LINESPACE="15.5"/>
<ParagraphStyle ID="StyleId-1CE52AFA-C319-4DD9-B4B1-F0EBFA2B3F0B-" ALIGN="Block" LEFT="0." RIGHT="0." FIRSTLINE="-21." LINESPACE="18.71999931"/>
<ParagraphStyle ID="StyleId-B74F1B65-92F1-49C5-A5FA-D20442F031F2-" ALIGN="Left" LEFT="0." RIGHT="0." FIRSTLINE="0." LINESPACE="17.70006076"/>
<ParagraphStyle ID="StyleId-79E2924A-215C-40B7-B577-7236BFBAA25E-" ALIGN="Center" LEFT="0." RIGHT="0." FIRSTLINE="0." LINESPACE="7.199999809"/>
</Styles>
<Layout>
<Page ID="Page359" PHYSICAL_IMG_NR="359" HEIGHT="4196" WIDTH="2350">
<TopMargin HEIGHT="351" WIDTH="2350" VPOS="0" HPOS="0">
</TopMargin>
<LeftMargin HEIGHT="3720" WIDTH="163" VPOS="351" HPOS="0">
</LeftMargin>
<RightMargin HEIGHT="3720" WIDTH="160" VPOS="351" HPOS="2190">
</RightMargin>
<BottomMargin HEIGHT="125" WIDTH="2350" VPOS="4071" HPOS="0">
</BottomMargin>
<PrintSpace HEIGHT="3720" WIDTH="2027" VPOS="351" HPOS="163">
<TextBlock ID="Page359_Block1" HEIGHT="85" WIDTH="162" VPOS="3986" HPOS="1098" LANG="en-US" STYLEREFS="StyleId-B226B03D-8FEF-4D00-BEEE-EA08E7DFA44F-">
<TextLine HEIGHT="50" WIDTH="99" VPOS="3999" HPOS="1127">
<String CONTENT="359" HEIGHT="50" WIDTH="99" VPOS="3999" HPOS="1127"/>
</TextLine>
</TextBlock>
<TextBlock ID="Page359_Block2" HEIGHT="3646" WIDTH="2027" VPOS="351" HPOS="163" LANG="en-US" CS="1" STYLEREFS="StyleId-B3E468A2-BFF9-451D-A0C8-7489C40FAB07-">
<TextLine HEIGHT="65" WIDTH="882" VPOS="357" HPOS="176" STYLEREFS="StyleId-8BA7D72E-770E-4EEB-92D3-7209CE000A71-">
<String LANG="fr" CONTENT="Jacobs," HEIGHT="65" WIDTH="230" VPOS="357" HPOS="176"/>
<SP HEIGHT="63" WIDTH="30" VPOS="359" HPOS="407"/>
<String LANG="fr" CONTENT="Milton" HEIGHT="54" WIDTH="209" VPOS="357" HPOS="438"/>
<SP HEIGHT="53" WIDTH="32" VPOS="359" HPOS="648"/>
<String LANG="en-US" CONTENT="Cecil," HEIGHT="65" WIDTH="169" VPOS="357" HPOS="681"/>
<SP HEIGHT="61" WIDTH="36" VPOS="361" HPOS="851"/>
<String LANG="fr" CONTENT="1901-" HEIGHT="48" WIDTH="170" VPOS="360" HPOS="888"/>
</TextLine>
<TextLine HEIGHT="71" WIDTH="1929" VPOS="430" HPOS="243" STYLEREFS="StyleId-F6C32865-4E68-4D71-A6AE-9E8CF1BE0B52-">
<String LANG="fr" CONTENT="New" HEIGHT="53" WIDTH="138" VPOS="433" HPOS="243"/>
<SP HEIGHT="51" WIDTH="29" VPOS="434" HPOS="382"/>
<String LANG="fr" CONTENT="York" HEIGHT="52" WIDTH="163" VPOS="433" HPOS="412"/>
<SP HEIGHT="52" WIDTH="28" VPOS="433" HPOS="576"/>
<String LANG="en-US" CONTENT="law" HEIGHT="51" WIDTH="109" VPOS="434" HPOS="605"/>
<SP HEIGHT="33" WIDTH="30" VPOS="452" HPOS="715"/>
<String LANG="en-US" CONTENT="of" HEIGHT="53" WIDTH="63" VPOS="432" HPOS="746"/>
<SP HEIGHT="53" WIDTH="30" VPOS="432" HPOS="810"/>
<String LANG="fr" CONTENT="accidents;" HEIGHT="67" WIDTH="311" VPOS="433" HPOS="841"/>
<SP HEIGHT="48" WIDTH="34" VPOS="452" HPOS="1153"/>
<String LANG="fr" CONTENT="a" HEIGHT="33" WIDTH="30" VPOS="452" HPOS="1188"/>
<SP HEIGHT="46" WIDTH="31" VPOS="439" HPOS="1219"/>
<String LANG="en-US" CONTENT="text" HEIGHT="46" WIDTH="121" VPOS="439" HPOS="1251"/>
<SP HEIGHT="53" WIDTH="30" VPOS="433" HPOS="1373"/>
<String LANG="en-US" CONTENT="book" HEIGHT="53" WIDTH="147" VPOS="433" HPOS="1404"/>
<SP HEIGHT="52" WIDTH="29" VPOS="433" HPOS="1552"/>
<String LANG="en-US" CONTENT="in" HEIGHT="52" WIDTH="60" VPOS="433" HPOS="1582"/>
<SP HEIGHT="52" WIDTH="31" VPOS="434" HPOS="1643"/>
<String LANG="en-US" CONTENT="digest" HEIGHT="68" WIDTH="187" VPOS="433" HPOS="1675"/>
<SP HEIGHT="54" WIDTH="30" VPOS="432" HPOS="1863"/>
<String LANG="en-US" CONTENT="form," HEIGHT="68" WIDTH="169" VPOS="432" HPOS="1894"/>
<SP HEIGHT="70" WIDTH="31" VPOS="430" HPOS="2064"/>
<String LANG="en-US" CONTENT="by" HEIGHT="70" WIDTH="76" VPOS="430" HPOS="2096"/>
</TextLine>
<TextLine HEIGHT="70" WIDTH="1936" VPOS="510" HPOS="174" STYLEREFS="StyleId-F6C32865-4E68-4D71-A6AE-9E8CF1BE0B52-" CS="1">
<String CONTENT="Milton" HEIGHT="52" WIDTH="211" VPOS="511" HPOS="174"/>
<SP HEIGHT="54" WIDTH="32" VPOS="511" HPOS="386"/>
<String CONTENT="C." HEIGHT="54" WIDTH="61" VPOS="511" HPOS="419"/>
<SP HEIGHT="54" WIDTH="32" VPOS="511" HPOS="481"/>
<String CONTENT="Jacobs" HEIGHT="54" WIDTH="206" VPOS="511" HPOS="514"/>
<SP HEIGHT="33" WIDTH="37" VPOS="530" HPOS="721"/>
<String CS="1" CONTENT="&#8230;"/>
<SP HEIGHT="33" WIDTH="36" VPOS="530" HPOS="815"/>
<String CONTENT="with" HEIGHT="52" WIDTH="140" VPOS="511" HPOS="852"/>
<SP HEIGHT="51" WIDTH="31" VPOS="512" HPOS="993"/>
<String CONTENT="a" HEIGHT="33" WIDTH="30" VPOS="530" HPOS="1025"/>
<SP HEIGHT="53" WIDTH="34" VPOS="510" HPOS="1056"/>
<String CONTENT="foreword" HEIGHT="54" WIDTH="285" VPOS="510" HPOS="1091"/>
<SP HEIGHT="52" WIDTH="30" VPOS="512" HPOS="1377"/>
<String CONTENT="by" HEIGHT="68" WIDTH="75" VPOS="512" HPOS="1408"/>
<SP HEIGHT="69" WIDTH="31" VPOS="511" HPOS="1484"/>
<String CONTENT="John" HEIGHT="54" WIDTH="156" VPOS="511" HPOS="1516"/>
<SP HEIGHT="52" WIDTH="32" VPOS="512" HPOS="1673"/>
<String LANG="fr" CONTENT="F." HEIGHT="52" WIDTH="66" VPOS="512" HPOS="1706"/>
<SP HEIGHT="53" WIDTH="33" VPOS="511" HPOS="1773"/>
<String CONTENT="X." HEIGHT="52" WIDTH="77" VPOS="511" HPOS="1807"/>
<SP HEIGHT="51" WIDTH="34" VPOS="512" HPOS="1885"/>
<String CONTENT="Finn" HEIGHT="52" WIDTH="152" VPOS="511" HPOS="1920"/>
<SP HEIGHT="34" WIDTH="37" VPOS="529" HPOS="2073"/>
<String CS="1" CONTENT="&#8230;"/>
</TextLine>
<TextLine HEIGHT="70" WIDTH="1588" VPOS="588" HPOS="175" STYLEREFS="StyleId-F6C32865-4E68-4D71-A6AE-9E8CF1BE0B52-" CS="1">
<String CONTENT="New" HEIGHT="53" WIDTH="138" VPOS="589" HPOS="175"/>
<SP HEIGHT="53" WIDTH="26" VPOS="589" HPOS="314"/>
<String CONTENT="York," HEIGHT="67" WIDTH="178" VPOS="589" HPOS="341"/>
<SP HEIGHT="66" WIDTH="24" VPOS="590" HPOS="520"/>
<String CONTENT="The" HEIGHT="52" WIDTH="121" VPOS="589" HPOS="545"/>
<SP HEIGHT="52" WIDTH="23" VPOS="589" HPOS="667"/>
<String CONTENT="Law" HEIGHT="52" WIDTH="137" VPOS="589" HPOS="691"/>
<SP HEIGHT="33" WIDTH="27" VPOS="608" HPOS="829"/>
<String CONTENT="service" HEIGHT="52" WIDTH="211" VPOS="589" HPOS="857"/>
<SP HEIGHT="49" WIDTH="24" VPOS="607" HPOS="1069"/>
<String CONTENT="publishing" HEIGHT="70" WIDTH="336" VPOS="588" HPOS="1094"/>
<SP HEIGHT="51" WIDTH="26" VPOS="607" HPOS="1431"/>
<String CONTENT="co." HEIGHT="35" WIDTH="78" VPOS="607" HPOS="1458"/>
<SP HEIGHT="34" WIDTH="34" VPOS="622" HPOS="1537"/>
<String CS="1" CONTENT="[c1934]" HEIGHT="64" WIDTH="191" VPOS="592" HPOS="1572"/>
</TextLine>
<TextLine HEIGHT="48" WIDTH="474" VPOS="661" HPOS="243" CS="1">
<String CONTENT="xli," HEIGHT="46" WIDTH="81" VPOS="662" HPOS="243"/>
<SP HEIGHT="46" WIDTH="29" VPOS="662" HPOS="325"/>
<String CONTENT="902" HEIGHT="40" WIDTH="85" VPOS="662" HPOS="355"/>
<SP HEIGHT="46" WIDTH="25" VPOS="663" HPOS="441"/>
<String CONTENT="p." HEIGHT="37" WIDTH="44" VPOS="672" HPOS="467"/>
<SP HEIGHT="41" WIDTH="58" VPOS="661" HPOS="512"/>
<String CS="1" CONTENT="23&#189;cm." HEIGHT="41" WIDTH="146" VPOS="661" HPOS="571"/>
</TextLine>
<TextLine HEIGHT="53" WIDTH="1992" VPOS="729" HPOS="178" CS="1">
<String CONTENT="&#169;" HEIGHT="53" WIDTH="51" VPOS="729" HPOS="178"/>
<SP HEIGHT="53" WIDTH="26" VPOS="729" HPOS="230"/>
<String CONTENT="Mar." HEIGHT="38" WIDTH="121" VPOS="736" HPOS="257"/>
<SP HEIGHT="39" WIDTH="25" VPOS="735" HPOS="379"/>
<String CONTENT="23," HEIGHT="48" WIDTH="67" VPOS="734" HPOS="405"/>
<SP HEIGHT="47" WIDTH="27" VPOS="735" HPOS="473"/>
<String CONTENT="1934;" HEIGHT="47" WIDTH="140" VPOS="735" HPOS="501"/>
<SP HEIGHT="47" WIDTH="27" VPOS="735" HPOS="642"/>
<String CONTENT="2c." HEIGHT="39" WIDTH="67" VPOS="735" HPOS="670"/>
<SP HEIGHT="38" WIDTH="27" VPOS="736" HPOS="738"/>
<String CONTENT="Mar." HEIGHT="38" WIDTH="120" VPOS="736" HPOS="766"/>
<SP HEIGHT="39" WIDTH="25" VPOS="735" HPOS="887"/>
<String CS="1" CONTENT="26;" HEIGHT="39" WIDTH="55" VPOS="735" HPOS="913"/>
<SP HEIGHT="36" WIDTH="28" VPOS="745" HPOS="997"/>
<String CONTENT="aff." HEIGHT="41" WIDTH="82" VPOS="734" HPOS="1026"/>
<SP HEIGHT="40" WIDTH="27" VPOS="735" HPOS="1109"/>
<String CONTENT="Mar." HEIGHT="38" WIDTH="118" VPOS="735" HPOS="1137"/>
<SP HEIGHT="39" WIDTH="27" VPOS="734" HPOS="1256"/>
<String CONTENT="27;" HEIGHT="47" WIDTH="82" VPOS="734" HPOS="1284"/>
<SP HEIGHT="47" WIDTH="29" VPOS="734" HPOS="1367"/>
<!-- cceid BCB1530B-6C64-1014-8713-889FF4349C01 --><String CONTENT="A" HEIGHT="39" WIDTH="40" VPOS="734" HPOS="1397"/>
<SP HEIGHT="41" WIDTH="25" VPOS="734" HPOS="1438"/>
<String CONTENT="71045;" HEIGHT="48" WIDTH="170" VPOS="734" HPOS="1464"/>
<SP HEIGHT="46" WIDTH="31" VPOS="736" HPOS="1635"/>
<String LANG="fi" CONTENT="M." HEIGHT="39" WIDTH="60" VPOS="736" HPOS="1667"/>
<SP HEIGHT="41" WIDTH="29" VPOS="735" HPOS="1728"/>
<String CONTENT="C." HEIGHT="41" WIDTH="47" VPOS="735" HPOS="1758"/>
<SP HEIGHT="40" WIDTH="29" VPOS="735" HPOS="1806"/>
<String CONTENT="Jacobs," HEIGHT="48" WIDTH="190" VPOS="734" HPOS="1836"/>
<SP HEIGHT="47" WIDTH="28" VPOS="735" HPOS="2027"/>
<String CONTENT="New" HEIGHT="39" WIDTH="114" VPOS="735" HPOS="2056"/>
</TextLine>
<TextLine HEIGHT="48" WIDTH="464" VPOS="791" HPOS="245">
<String CONTENT="York." HEIGHT="39" WIDTH="143" VPOS="792" HPOS="245"/>
<SP HEIGHT="47" WIDTH="70" VPOS="792" HPOS="389"/>
<String CONTENT="(34-6818)" HEIGHT="48" WIDTH="249" VPOS="791" HPOS="460"/>
</TextLine>
<TextLine HEIGHT="69" WIDTH="926" VPOS="906" HPOS="169" STYLEREFS="StyleId-9D178153-9F0C-48BE-BB0C-8B2F87BB29B5-">
<String CONTENT="Kansas." HEIGHT="55" WIDTH="254" VPOS="906" HPOS="169"/>
<SP HEIGHT="52" WIDTH="72" VPOS="909" HPOS="424"/>
<String CONTENT="Laws," HEIGHT="66" WIDTH="184" VPOS="909" HPOS="497"/>
<SP HEIGHT="47" WIDTH="26" VPOS="928" HPOS="682"/>
<String CONTENT="statutes," HEIGHT="60" WIDTH="257" VPOS="914" HPOS="709"/>
<SP HEIGHT="47" WIDTH="26" VPOS="927" HPOS="967"/>
<String CONTENT="etc." HEIGHT="47" WIDTH="101" VPOS="914" HPOS="994"/>
</TextLine>
<TextLine HEIGHT="67" WIDTH="1678" VPOS="986" HPOS="241" STYLEREFS="StyleId-F6C32865-4E68-4D71-A6AE-9E8CF1BE0B52-" CS="1">
<String CONTENT="1933" HEIGHT="49" WIDTH="133" VPOS="988" HPOS="241"/>
<SP HEIGHT="49" WIDTH="30" VPOS="989" HPOS="375"/>
<String CONTENT="supplement" HEIGHT="66" WIDTH="361" VPOS="987" HPOS="406"/>
<SP HEIGHT="46" WIDTH="29" VPOS="992" HPOS="768"/>
<String CONTENT="to" HEIGHT="48" WIDTH="57" VPOS="992" HPOS="798"/>
<SP HEIGHT="52" WIDTH="32" VPOS="988" HPOS="856"/>
<String CONTENT="Revised" HEIGHT="53" WIDTH="243" VPOS="986" HPOS="889"/>
<SP HEIGHT="51" WIDTH="30" VPOS="987" HPOS="1133"/>
<String CONTENT="statutes" HEIGHT="50" WIDTH="238" VPOS="989" HPOS="1164"/>
<SP HEIGHT="33" WIDTH="29" VPOS="1006" HPOS="1403"/>
<String CONTENT="of" HEIGHT="53" WIDTH="63" VPOS="986" HPOS="1433"/>
<SP HEIGHT="52" WIDTH="30" VPOS="986" HPOS="1497"/>
<String CONTENT="Kansas" HEIGHT="53" WIDTH="224" VPOS="988" HPOS="1528"/>
<SP HEIGHT="50" WIDTH="34" VPOS="991" HPOS="1753"/>
<String CONTENT="1923" HEIGHT="48" WIDTH="131" VPOS="990" HPOS="1788"/>
</TextLine>
<TextLine HEIGHT="147" WIDTH="2001" VPOS="987" HPOS="171" STYLEREFS="StyleId-F6C32865-4E68-4D71-A6AE-9E8CF1BE0B52-" CS="1">
<String CONTENT="(cumulative)" HEIGHT="144" WIDTH="1976" VPOS="987" HPOS="171"/>
<SP HEIGHT="67" WIDTH="38" VPOS="1064" HPOS="373"/>
<String CONTENT="to" HEIGHT="47" WIDTH="58" VPOS="1070" HPOS="412"/>
<SP HEIGHT="52" WIDTH="26" VPOS="1065" HPOS="471"/>
<String CONTENT="be" HEIGHT="52" WIDTH="66" VPOS="1065" HPOS="498"/>
<SP HEIGHT="34" WIDTH="28" VPOS="1083" HPOS="565"/>
<String CONTENT="cited," HEIGHT="68" WIDTH="166" VPOS="1064" HPOS="594"/>
<SP HEIGHT="67" WIDTH="27" VPOS="1065" HPOS="761"/>
<String LANG="fr" CONTENT="&#8220;R." HEIGHT="53" WIDTH="101" VPOS="1065" HPOS="789"/>
<SP HEIGHT="55" WIDTH="32" VPOS="1065" HPOS="891"/>
<String CONTENT="S." HEIGHT="55" WIDTH="55" VPOS="1065" HPOS="924"/>
<SP HEIGHT="48" WIDTH="32" VPOS="1069" HPOS="980"/>
<String CONTENT="1933" HEIGHT="48" WIDTH="132" VPOS="1068" HPOS="1013"/>
<SP HEIGHT="48" WIDTH="29" VPOS="1069" HPOS="1146"/>
<String CONTENT="supp.&#8221;" HEIGHT="67" WIDTH="202" VPOS="1066" HPOS="1176"/>
<SP HEIGHT="54" WIDTH="73" VPOS="1065" HPOS="1379"/>
<String CONTENT="Containing" HEIGHT="69" WIDTH="352" VPOS="1065" HPOS="1453"/>
<SP HEIGHT="50" WIDTH="28" VPOS="1084" HPOS="1806"/>
<String CONTENT="all" HEIGHT="51" WIDTH="77" VPOS="1067" HPOS="1835"/>
<SP HEIGHT="51" WIDTH="28" VPOS="1066" HPOS="1913"/>
<String CONTENT="laws" HEIGHT="52" WIDTH="137" VPOS="1066" HPOS="1942"/>
<SP HEIGHT="33" WIDTH="28" VPOS="1085" HPOS="2080"/>
<String CONTENT="of" HEIGHT="52" WIDTH="63" VPOS="1066" HPOS="2109"/>
</TextLine>
<TextLine HEIGHT="68" WIDTH="1997" VPOS="1144" HPOS="173" STYLEREFS="StyleId-F6C32865-4E68-4D71-A6AE-9E8CF1BE0B52-">
<String CONTENT="a" HEIGHT="34" WIDTH="31" VPOS="1161" HPOS="173"/>
<SP HEIGHT="49" WIDTH="29" VPOS="1161" HPOS="205"/>
<String CONTENT="general" HEIGHT="65" WIDTH="230" VPOS="1145" HPOS="235"/>
<SP HEIGHT="50" WIDTH="30" VPOS="1145" HPOS="466"/>
<String CONTENT="nature," HEIGHT="63" WIDTH="221" VPOS="1148" HPOS="497"/>
<SP HEIGHT="49" WIDTH="30" VPOS="1162" HPOS="719"/>
<String CONTENT="passed" HEIGHT="67" WIDTH="202" VPOS="1144" HPOS="750"/>
<SP HEIGHT="51" WIDTH="33" VPOS="1144" HPOS="953"/>
<String CONTENT="at" HEIGHT="46" WIDTH="58" VPOS="1149" HPOS="987"/>
<SP HEIGHT="46" WIDTH="30" VPOS="1149" HPOS="1046"/>
<String CONTENT="the" HEIGHT="51" WIDTH="96" VPOS="1144" HPOS="1077"/>
<SP HEIGHT="33" WIDTH="29" VPOS="1162" HPOS="1174"/>
<String CONTENT="regular" HEIGHT="66" WIDTH="229" VPOS="1145" HPOS="1204"/>
<SP HEIGHT="33" WIDTH="31" VPOS="1162" HPOS="1434"/>
<String CONTENT="sessions" HEIGHT="53" WIDTH="238" VPOS="1144" HPOS="1466"/>
<SP HEIGHT="33" WIDTH="31" VPOS="1163" HPOS="1705"/>
<String CONTENT="of" HEIGHT="51" WIDTH="62" VPOS="1145" HPOS="1737"/>
<SP HEIGHT="51" WIDTH="34" VPOS="1145" HPOS="1800"/>
<String CONTENT="1925," HEIGHT="65" WIDTH="152" VPOS="1147" HPOS="1835"/>
<SP HEIGHT="62" WIDTH="31" VPOS="1150" HPOS="1988"/>
<String CONTENT="1927," HEIGHT="68" WIDTH="150" VPOS="1144" HPOS="2020"/>
</TextLine>
<TextLine HEIGHT="70" WIDTH="1964" VPOS="1221" HPOS="207" STYLEREFS="StyleId-F6C32865-4E68-4D71-A6AE-9E8CF1BE0B52-" CS="1">
<String CS="1" CONTENT="1929," HEIGHT="65" WIDTH="116" VPOS="1223" HPOS="207"/>
<SP HEIGHT="62" WIDTH="28" VPOS="1226" HPOS="324"/>
<String CONTENT="1931," HEIGHT="64" WIDTH="152" VPOS="1224" HPOS="353"/>
<SP HEIGHT="62" WIDTH="27" VPOS="1226" HPOS="506"/>
<String CONTENT="1933," HEIGHT="64" WIDTH="151" VPOS="1225" HPOS="534"/>
<SP HEIGHT="48" WIDTH="27" VPOS="1241" HPOS="686"/>
<String CONTENT="and" HEIGHT="51" WIDTH="111" VPOS="1223" HPOS="714"/>
<SP HEIGHT="51" WIDTH="25" VPOS="1223" HPOS="826"/>
<String CONTENT="special" HEIGHT="69" WIDTH="209" VPOS="1221" HPOS="852"/>
<SP HEIGHT="50" WIDTH="26" VPOS="1224" HPOS="1062"/>
<String CONTENT="sessions" HEIGHT="52" WIDTH="236" VPOS="1223" HPOS="1089"/>
<SP HEIGHT="34" WIDTH="27" VPOS="1241" HPOS="1326"/>
<String CONTENT="of" HEIGHT="52" WIDTH="63" VPOS="1222" HPOS="1354"/>
<SP HEIGHT="51" WIDTH="28" VPOS="1222" HPOS="1418"/>
<String CONTENT="1928," HEIGHT="65" WIDTH="150" VPOS="1225" HPOS="1447"/>
<SP HEIGHT="63" WIDTH="28" VPOS="1227" HPOS="1598"/>
<String CONTENT="1930," HEIGHT="65" WIDTH="151" VPOS="1225" HPOS="1627"/>
<SP HEIGHT="63" WIDTH="27" VPOS="1227" HPOS="1779"/>
<String CONTENT="1933," HEIGHT="65" WIDTH="150" VPOS="1226" HPOS="1807"/>
<SP HEIGHT="48" WIDTH="27" VPOS="1243" HPOS="1958"/>
<String CONTENT="which" HEIGHT="52" WIDTH="185" VPOS="1224" HPOS="1986"/>
</TextLine>
<TextLine HEIGHT="70" WIDTH="1999" VPOS="1299" HPOS="173" STYLEREFS="StyleId-F6C32865-4E68-4D71-A6AE-9E8CF1BE0B52-">
<String CONTENT="are" HEIGHT="35" WIDTH="93" VPOS="1317" HPOS="173"/>
<SP HEIGHT="33" WIDTH="25" VPOS="1319" HPOS="267"/>
<String CONTENT="still" HEIGHT="53" WIDTH="123" VPOS="1301" HPOS="293"/>
<SP HEIGHT="55" WIDTH="29" VPOS="1299" HPOS="417"/>
<String CONTENT="in" HEIGHT="54" WIDTH="60" VPOS="1299" HPOS="447"/>
<SP HEIGHT="53" WIDTH="29" VPOS="1300" HPOS="508"/>
<String CONTENT="force," HEIGHT="67" WIDTH="173" VPOS="1300" HPOS="538"/>
<SP HEIGHT="67" WIDTH="32" VPOS="1300" HPOS="712"/>
<String CONTENT="following" HEIGHT="68" WIDTH="301" VPOS="1300" HPOS="745"/>
<SP HEIGHT="62" WIDTH="27" VPOS="1306" HPOS="1047"/>
<String CONTENT="the" HEIGHT="51" WIDTH="94" VPOS="1301" HPOS="1075"/>
<SP HEIGHT="34" WIDTH="30" VPOS="1319" HPOS="1170"/>
<String CONTENT="same" HEIGHT="34" WIDTH="150" VPOS="1319" HPOS="1201"/>
<SP HEIGHT="33" WIDTH="31" VPOS="1319" HPOS="1352"/>
<String CONTENT="arrangement" HEIGHT="61" WIDTH="399" VPOS="1308" HPOS="1384"/>
<SP HEIGHT="46" WIDTH="30" VPOS="1308" HPOS="1784"/>
<String CONTENT="used" HEIGHT="51" WIDTH="137" VPOS="1304" HPOS="1815"/>
<SP HEIGHT="52" WIDTH="31" VPOS="1303" HPOS="1953"/>
<String CONTENT="in" HEIGHT="51" WIDTH="59" VPOS="1303" HPOS="1985"/>
<SP HEIGHT="47" WIDTH="30" VPOS="1307" HPOS="2045"/>
<String CONTENT="the" HEIGHT="52" WIDTH="96" VPOS="1303" HPOS="2076"/>
</TextLine>
<TextLine HEIGHT="148" WIDTH="1978" VPOS="1377" HPOS="170" STYLEREFS="StyleId-F6C32865-4E68-4D71-A6AE-9E8CF1BE0B52-" CS="1">
<String CONTENT="Revised" HEIGHT="55" WIDTH="243" VPOS="1377" HPOS="170"/>
<SP HEIGHT="51" WIDTH="48" VPOS="1380" HPOS="414"/>
<String CONTENT="statutes," HEIGHT="62" WIDTH="256" VPOS="1383" HPOS="463"/>
<SP HEIGHT="46" WIDTH="47" VPOS="1399" HPOS="720"/>
<String CONTENT="with" HEIGHT="52" WIDTH="139" VPOS="1378" HPOS="768"/>
<SP HEIGHT="50" WIDTH="48" VPOS="1380" HPOS="908"/>
<String CONTENT="appropriate" HEIGHT="67" WIDTH="371" VPOS="1380" HPOS="957"/>
<SP HEIGHT="51" WIDTH="45" VPOS="1380" HPOS="1329"/>
<String CONTENT="headings" HEIGHT="69" WIDTH="278" VPOS="1379" HPOS="1375"/>
<SP HEIGHT="34" WIDTH="48" VPOS="1399" HPOS="1654"/>
<String CONTENT="and" HEIGHT="51" WIDTH="111" VPOS="1381" HPOS="1703"/>
<SP HEIGHT="54" WIDTH="45" VPOS="1381" HPOS="1815"/>
<String CONTENT="cross" HEIGHT="36" WIDTH="148" VPOS="1399" HPOS="1861"/>
<SP HEIGHT="34" WIDTH="47" VPOS="1400" HPOS="2010"/>
<String CONTENT="references," HEIGHT="143" WIDTH="1976" VPOS="1382" HPOS="172"/>
</TextLine>
<TextLine HEIGHT="68" WIDTH="1727" VPOS="1457" HPOS="445" STYLEREFS="StyleId-F6C32865-4E68-4D71-A6AE-9E8CF1BE0B52-">
<String CONTENT="as" HEIGHT="34" WIDTH="58" VPOS="1476" HPOS="445"/>
<SP HEIGHT="33" WIDTH="37" VPOS="1477" HPOS="504"/>
<String CONTENT="required" HEIGHT="68" WIDTH="262" VPOS="1457" HPOS="542"/>
<SP HEIGHT="51" WIDTH="34" VPOS="1458" HPOS="805"/>
<String CONTENT="by" HEIGHT="67" WIDTH="74" VPOS="1458" HPOS="840"/>
<SP HEIGHT="66" WIDTH="34" VPOS="1459" HPOS="915"/>
<String CONTENT="law," HEIGHT="66" WIDTH="127" VPOS="1459" HPOS="950"/>
<SP HEIGHT="49" WIDTH="37" VPOS="1476" HPOS="1078"/>
<String CONTENT="and" HEIGHT="51" WIDTH="110" VPOS="1458" HPOS="1116"/>
<SP HEIGHT="51" WIDTH="36" VPOS="1458" HPOS="1227"/>
<String CONTENT="fully" HEIGHT="67" WIDTH="152" VPOS="1458" HPOS="1264"/>
<SP HEIGHT="48" WIDTH="37" VPOS="1477" HPOS="1417"/>
<String CONTENT="annotated" HEIGHT="52" WIDTH="307" VPOS="1459" HPOS="1455"/>
<SP HEIGHT="52" WIDTH="36" VPOS="1459" HPOS="1763"/>
<String CONTENT="to" HEIGHT="48" WIDTH="57" VPOS="1464" HPOS="1800"/>
<SP HEIGHT="51" WIDTH="36" VPOS="1461" HPOS="1858"/>
<String CONTENT="decisions" HEIGHT="53" WIDTH="277" VPOS="1461" HPOS="1895"/>
</TextLine>
<TextLine HEIGHT="69" WIDTH="1880" VPOS="1536" HPOS="171" STYLEREFS="StyleId-F6C32865-4E68-4D71-A6AE-9E8CF1BE0B52-" CS="1">
<String CONTENT="construing" HEIGHT="67" WIDTH="332" VPOS="1537" HPOS="171"/>
<SP HEIGHT="61" WIDTH="35" VPOS="1543" HPOS="504"/>
<String CONTENT="the" HEIGHT="51" WIDTH="96" VPOS="1537" HPOS="540"/>
<SP HEIGHT="33" WIDTH="32" VPOS="1555" HPOS="637"/>
<String CONTENT="statutes" HEIGHT="47" WIDTH="237" VPOS="1541" HPOS="670"/>
<SP HEIGHT="34" WIDTH="35" VPOS="1555" HPOS="908"/>
<String CONTENT="since" HEIGHT="51" WIDTH="151" VPOS="1538" HPOS="944"/>
<SP HEIGHT="47" WIDTH="35" VPOS="1542" HPOS="1096"/>
<String CONTENT="1923." HEIGHT="50" WIDTH="147" VPOS="1539" HPOS="1132"/>
<SP HEIGHT="54" WIDTH="78" VPOS="1536" HPOS="1280"/>
<String CONTENT="Compiled," HEIGHT="69" WIDTH="319" VPOS="1536" HPOS="1359"/>
<SP HEIGHT="47" WIDTH="32" VPOS="1557" HPOS="1679"/>
<String CONTENT="edited" HEIGHT="53" WIDTH="189" VPOS="1538" HPOS="1712"/>
<SP HEIGHT="51" WIDTH="37" VPOS="1539" HPOS="1902"/>
<String CONTENT="and" HEIGHT="51" WIDTH="111" VPOS="1540" HPOS="1940"/>
</TextLine>
<TextLine HEIGHT="143" WIDTH="2001" VPOS="1540" HPOS="172" STYLEREFS="StyleId-F6C32865-4E68-4D71-A6AE-9E8CF1BE0B52-" CS="1">
<String CONTENT="indexed" HEIGHT="127" WIDTH="1976" VPOS="1540" HPOS="172"/>
<SP HEIGHT="51" WIDTH="48" VPOS="1616" HPOS="351"/>
<String CONTENT="by" HEIGHT="65" WIDTH="72" VPOS="1616" HPOS="400"/>
<SP HEIGHT="65" WIDTH="49" VPOS="1616" HPOS="473"/>
<String CONTENT="Franklin" HEIGHT="51" WIDTH="283" VPOS="1615" HPOS="523"/>
<SP HEIGHT="54" WIDTH="49" VPOS="1615" HPOS="807"/>
<String CONTENT="Corrick" HEIGHT="55" WIDTH="238" VPOS="1614" HPOS="857"/>
<SP HEIGHT="52" WIDTH="52" VPOS="1614" HPOS="1096"/>
<String CS="1" CONTENT="&#8230;"/>
<SP HEIGHT="50" WIDTH="78" VPOS="1616" HPOS="1204"/>
<String CONTENT="Topeka," HEIGHT="67" WIDTH="252" VPOS="1616" HPOS="1283"/>
<SP HEIGHT="65" WIDTH="47" VPOS="1618" HPOS="1536"/>
<String CONTENT="The" HEIGHT="52" WIDTH="121" VPOS="1617" HPOS="1584"/>
<SP HEIGHT="51" WIDTH="46" VPOS="1618" HPOS="1706"/>
<String CONTENT="Kansas" HEIGHT="52" WIDTH="224" VPOS="1618" HPOS="1753"/>
<SP HEIGHT="34" WIDTH="48" VPOS="1636" HPOS="1978"/>
<String CONTENT="state" HEIGHT="48" WIDTH="146" VPOS="1623" HPOS="2027"/>
</TextLine>
<TextLine HEIGHT="69" WIDTH="654" VPOS="1693" HPOS="171" STYLEREFS="StyleId-F6C32865-4E68-4D71-A6AE-9E8CF1BE0B52-">
<String CONTENT="printing" HEIGHT="69" WIDTH="262" VPOS="1693" HPOS="171"/>
<SP HEIGHT="49" WIDTH="28" VPOS="1713" HPOS="434"/>
<String CONTENT="plant," HEIGHT="66" WIDTH="181" VPOS="1696" HPOS="463"/>
<SP HEIGHT="66" WIDTH="30" VPOS="1696" HPOS="645"/>
<String CONTENT="1934." HEIGHT="50" WIDTH="149" VPOS="1696" HPOS="676"/>
</TextLine>
<TextLine HEIGHT="49" WIDTH="486" VPOS="1767" HPOS="246">
<String CONTENT="xxii," HEIGHT="47" WIDTH="118" VPOS="1769" HPOS="246"/>
<SP HEIGHT="48" WIDTH="30" VPOS="1768" HPOS="365"/>
<String CONTENT="686" HEIGHT="40" WIDTH="88" VPOS="1768" HPOS="396"/>
<SP HEIGHT="47" WIDTH="24" VPOS="1768" HPOS="485"/>
<String CONTENT="p." HEIGHT="37" WIDTH="42" VPOS="1778" HPOS="510"/>
<SP HEIGHT="39" WIDTH="62" VPOS="1767" HPOS="553"/>
<String CONTENT="26cm." HEIGHT="40" WIDTH="116" VPOS="1767" HPOS="616"/>
</TextLine>
<TextLine HEIGHT="53" WIDTH="1997" VPOS="1835" HPOS="178" CS="1">
<String CONTENT="&#169;" HEIGHT="52" WIDTH="51" VPOS="1835" HPOS="178"/>
<SP HEIGHT="52" WIDTH="30" VPOS="1835" HPOS="230"/>
<String CONTENT="Feb." HEIGHT="39" WIDTH="109" VPOS="1840" HPOS="261"/>
<SP HEIGHT="41" WIDTH="29" VPOS="1838" HPOS="371"/>
<String CONTENT="21," HEIGHT="47" WIDTH="69" VPOS="1838" HPOS="401"/>
<SP HEIGHT="45" WIDTH="29" VPOS="1840" HPOS="471"/>
<String CONTENT="1934;" HEIGHT="47" WIDTH="140" VPOS="1838" HPOS="501"/>
<SP HEIGHT="47" WIDTH="31" VPOS="1838" HPOS="642"/>
<String CONTENT="2c." HEIGHT="40" WIDTH="66" VPOS="1838" HPOS="674"/>
<SP HEIGHT="38" WIDTH="31" VPOS="1839" HPOS="741"/>
<String CONTENT="Mar." HEIGHT="39" WIDTH="121" VPOS="1839" HPOS="773"/>
<SP HEIGHT="39" WIDTH="31" VPOS="1839" HPOS="895"/>
<String CS="1" CONTENT="5;" HEIGHT="38" WIDTH="24" VPOS="1839" HPOS="927"/>
<SP HEIGHT="36" WIDTH="32" VPOS="1848" HPOS="979"/>
<String CONTENT="aff." HEIGHT="39" WIDTH="80" VPOS="1838" HPOS="1012"/>
<SP HEIGHT="38" WIDTH="32" VPOS="1839" HPOS="1093"/>
<String CONTENT="Mar." HEIGHT="38" WIDTH="119" VPOS="1839" HPOS="1126"/>
<SP HEIGHT="40" WIDTH="31" VPOS="1838" HPOS="1246"/>
<String CONTENT="3;" HEIGHT="47" WIDTH="52" VPOS="1838" HPOS="1278"/>
<SP HEIGHT="46" WIDTH="32" VPOS="1839" HPOS="1331"/>
<!-- cceid BCB1DD95-6C64-1014-8713-889FF4349C01 --><String CONTENT="A" HEIGHT="38" WIDTH="41" VPOS="1839" HPOS="1364"/>
<SP HEIGHT="39" WIDTH="28" VPOS="1839" HPOS="1406"/>
<String CONTENT="69741;" HEIGHT="47" WIDTH="170" VPOS="1838" HPOS="1435"/>
<SP HEIGHT="45" WIDTH="33" VPOS="1840" HPOS="1606"/>
<String CONTENT="W." HEIGHT="40" WIDTH="69" VPOS="1840" HPOS="1640"/>
<SP HEIGHT="41" WIDTH="32" VPOS="1839" HPOS="1710"/>
<String CONTENT="C." HEIGHT="41" WIDTH="49" VPOS="1839" HPOS="1743"/>
<SP HEIGHT="40" WIDTH="30" VPOS="1840" HPOS="1793"/>
<String CONTENT="Austin," HEIGHT="49" WIDTH="189" VPOS="1839" HPOS="1824"/>
<SP HEIGHT="36" WIDTH="33" VPOS="1852" HPOS="2014"/>
<String CONTENT="state" HEIGHT="41" WIDTH="127" VPOS="1840" HPOS="2048"/>
</TextLine>
<TextLine HEIGHT="50" WIDTH="1655" VPOS="1895" HPOS="248">
<String CONTENT="printer," HEIGHT="50" WIDTH="200" VPOS="1895" HPOS="248"/>
<SP HEIGHT="46" WIDTH="25" VPOS="1896" HPOS="449"/>
<String CONTENT="for" HEIGHT="39" WIDTH="78" VPOS="1896" HPOS="475"/>
<SP HEIGHT="36" WIDTH="25" VPOS="1898" HPOS="554"/>
<String CONTENT="the" HEIGHT="37" WIDTH="81" VPOS="1897" HPOS="580"/>
<SP HEIGHT="38" WIDTH="23" VPOS="1896" HPOS="662"/>
<String CONTENT="benefit" HEIGHT="40" WIDTH="174" VPOS="1895" HPOS="686"/>
<SP HEIGHT="38" WIDTH="26" VPOS="1897" HPOS="861"/>
<String CONTENT="of" HEIGHT="39" WIDTH="49" VPOS="1896" HPOS="888"/>
<SP HEIGHT="38" WIDTH="25" VPOS="1896" HPOS="938"/>
<String CONTENT="the" HEIGHT="38" WIDTH="83" VPOS="1896" HPOS="964"/>
<SP HEIGHT="29" WIDTH="23" VPOS="1905" HPOS="1048"/>
<String CONTENT="state" HEIGHT="38" WIDTH="128" VPOS="1897" HPOS="1072"/>
<SP HEIGHT="29" WIDTH="25" VPOS="1906" HPOS="1201"/>
<String CONTENT="of" HEIGHT="39" WIDTH="51" VPOS="1896" HPOS="1227"/>
<SP HEIGHT="38" WIDTH="23" VPOS="1896" HPOS="1279"/>
<String CONTENT="Kansas," HEIGHT="48" WIDTH="209" VPOS="1896" HPOS="1303"/>
<SP HEIGHT="49" WIDTH="27" VPOS="1895" HPOS="1513"/>
<String CONTENT="Topeka," HEIGHT="49" WIDTH="208" VPOS="1895" HPOS="1541"/>
<SP HEIGHT="47" WIDTH="31" VPOS="1897" HPOS="1750"/>
<String CONTENT="Kan." HEIGHT="39" WIDTH="121" VPOS="1897" HPOS="1782"/>
</TextLine>
<TextLine HEIGHT="66" WIDTH="923" VPOS="2013" HPOS="178" STYLEREFS="StyleId-8BA7D72E-770E-4EEB-92D3-7209CE000A71-">
<String CONTENT="Kaplan," HEIGHT="66" WIDTH="246" VPOS="2013" HPOS="178"/>
<SP HEIGHT="64" WIDTH="30" VPOS="2015" HPOS="425"/>
<String CONTENT="Albert" HEIGHT="53" WIDTH="210" VPOS="2015" HPOS="456"/>
<SP HEIGHT="55" WIDTH="28" VPOS="2013" HPOS="667"/>
<String CONTENT="Jacob," HEIGHT="64" WIDTH="198" VPOS="2013" HPOS="696"/>
<SP HEIGHT="59" WIDTH="33" VPOS="2018" HPOS="895"/>
<String CONTENT="1897-" HEIGHT="54" WIDTH="172" VPOS="2013" HPOS="929"/>
</TextLine>
<TextLine HEIGHT="72" WIDTH="1931" VPOS="2089" HPOS="243" STYLEREFS="StyleId-F6C32865-4E68-4D71-A6AE-9E8CF1BE0B52-">
<String CONTENT="A" HEIGHT="52" WIDTH="56" VPOS="2091" HPOS="243"/>
<SP HEIGHT="52" WIDTH="22" VPOS="2091" HPOS="300"/>
<String CONTENT="study" HEIGHT="67" WIDTH="172" VPOS="2091" HPOS="323"/>
<SP HEIGHT="50" WIDTH="23" VPOS="2108" HPOS="496"/>
<String CONTENT="of" HEIGHT="54" WIDTH="64" VPOS="2089" HPOS="520"/>
<SP HEIGHT="54" WIDTH="22" VPOS="2089" HPOS="585"/>
<String CONTENT="the" HEIGHT="52" WIDTH="97" VPOS="2091" HPOS="608"/>
<SP HEIGHT="53" WIDTH="20" VPOS="2090" HPOS="706"/>
<String CONTENT="behavior" HEIGHT="53" WIDTH="271" VPOS="2090" HPOS="727"/>
<SP HEIGHT="49" WIDTH="24" VPOS="2109" HPOS="999"/>
<String CONTENT="problem" HEIGHT="68" WIDTH="257" VPOS="2090" HPOS="1024"/>
<SP HEIGHT="50" WIDTH="24" VPOS="2108" HPOS="1282"/>
<String CONTENT="pupil" HEIGHT="67" WIDTH="167" VPOS="2091" HPOS="1307"/>
<SP HEIGHT="52" WIDTH="25" VPOS="2091" HPOS="1475"/>
<String CONTENT="in" HEIGHT="52" WIDTH="60" VPOS="2091" HPOS="1501"/>
<SP HEIGHT="34" WIDTH="26" VPOS="2109" HPOS="1562"/>
<String CONTENT="a" HEIGHT="34" WIDTH="30" VPOS="2109" HPOS="1589"/>
<SP HEIGHT="34" WIDTH="27" VPOS="2109" HPOS="1620"/>
<String CONTENT="secondary" HEIGHT="69" WIDTH="310" VPOS="2092" HPOS="1648"/>
<SP HEIGHT="49" WIDTH="26" VPOS="2112" HPOS="1959"/>
<String CONTENT="school" HEIGHT="52" WIDTH="188" VPOS="2092" HPOS="1986"/>
</TextLine>
<TextLine HEIGHT="68" WIDTH="1413" VPOS="2168" HPOS="237" STYLEREFS="StyleId-F6C32865-4E68-4D71-A6AE-9E8CF1BE0B52-" CS="1">
<String CS="1" CONTENT="&#8230;"/>
<SP HEIGHT="34" WIDTH="35" VPOS="2201" HPOS="237"/>
<String CS="1" CONTENT="[by]" HEIGHT="68" WIDTH="108" VPOS="2168" HPOS="273"/>
<SP HEIGHT="68" WIDTH="30" VPOS="2168" HPOS="382"/>
<String CONTENT="Albert" HEIGHT="53" WIDTH="205" VPOS="2168" HPOS="413"/>
<SP HEIGHT="54" WIDTH="25" VPOS="2169" HPOS="619"/>
<String CONTENT="J." HEIGHT="54" WIDTH="55" VPOS="2169" HPOS="645"/>
<SP HEIGHT="53" WIDTH="25" VPOS="2168" HPOS="701"/>
<String CONTENT="Kaplan." HEIGHT="68" WIDTH="251" VPOS="2168" HPOS="727"/>
<SP HEIGHT="52" WIDTH="62" VPOS="2169" HPOS="979"/>
<String CONTENT="Philadelphia," HEIGHT="68" WIDTH="426" VPOS="2168" HPOS="1042"/>
<SP HEIGHT="62" WIDTH="30" VPOS="2174" HPOS="1469"/>
<String CONTENT="1933." HEIGHT="52" WIDTH="150" VPOS="2172" HPOS="1500"/>
</TextLine>
<TextLine HEIGHT="50" WIDTH="575" VPOS="2240" HPOS="248" CS="1">
<String CONTENT="187" HEIGHT="41" WIDTH="83" VPOS="2240" HPOS="248"/>
<SP/>
<String CONTENT="p." HEIGHT="38" WIDTH="44" VPOS="2252" HPOS="360"/>
<SP HEIGHT="39" WIDTH="59" VPOS="2243" HPOS="405"/>
<String CONTENT="diagrs." HEIGHT="47" WIDTH="178" VPOS="2242" HPOS="465"/>
<SP HEIGHT="39" WIDTH="61" VPOS="2241" HPOS="644"/>
<String CONTENT="23cm." HEIGHT="41" WIDTH="117" VPOS="2241" HPOS="706"/>
</TextLine>
<TextLine HEIGHT="49" WIDTH="803" VPOS="2296" HPOS="248" CS="1">
<String CONTENT="On" HEIGHT="42" WIDTH="72" VPOS="2296" HPOS="248"/>
<SP HEIGHT="30" WIDTH="26" VPOS="2308" HPOS="321"/>
<String CS="1" CONTENT="cover:" HEIGHT="30" WIDTH="139" VPOS="2308" HPOS="348"/>
<SP HEIGHT="40" WIDTH="28" VPOS="2298" HPOS="513"/>
<String CONTENT="Temple" HEIGHT="47" WIDTH="196" VPOS="2298" HPOS="542"/>
<SP HEIGHT="29" WIDTH="26" VPOS="2309" HPOS="739"/>
<String CONTENT="university." HEIGHT="47" WIDTH="285" VPOS="2298" HPOS="766"/>
</TextLine>
<TextLine HEIGHT="52" WIDTH="1151" VPOS="2354" HPOS="247" CS="1">
<String CONTENT="Thesis" HEIGHT="40" WIDTH="172" VPOS="2355" HPOS="247"/>
<SP HEIGHT="47" WIDTH="42" VPOS="2356" HPOS="420"/>
<String CS="1" CONTENT="(ED." HEIGHT="47" WIDTH="91" VPOS="2356" HPOS="463"/>
<SP HEIGHT="29" WIDTH="33" VPOS="2365" HPOS="555"/>
<String CS="1" CONTENT="D.)&#8212;Temple" HEIGHT="47" WIDTH="302" VPOS="2355" HPOS="619"/>
<SP HEIGHT="29" WIDTH="32" VPOS="2366" HPOS="922"/>
<String CONTENT="university," HEIGHT="51" WIDTH="283" VPOS="2355" HPOS="955"/>
<SP HEIGHT="51" WIDTH="31" VPOS="2355" HPOS="1239"/>
<String CONTENT="1933." HEIGHT="41" WIDTH="127" VPOS="2354" HPOS="1271"/>
</TextLine>
<TextLine HEIGHT="49" WIDTH="700" VPOS="2410" HPOS="245" CS="1">
<String CS="1" CONTENT="Bibliography:" HEIGHT="49" WIDTH="346" VPOS="2410" HPOS="245"/>
<SP HEIGHT="38" WIDTH="33" VPOS="2421" HPOS="619"/>
<String CONTENT="p." HEIGHT="38" WIDTH="43" VPOS="2421" HPOS="653"/>
<SP HEIGHT="41" WIDTH="31" VPOS="2411" HPOS="697"/>
<String CONTENT="179-187." HEIGHT="43" WIDTH="216" VPOS="2411" HPOS="729"/>
</TextLine>
<TextLine HEIGHT="109" WIDTH="1976" VPOS="2480" HPOS="180" CS="1">
<String CONTENT="&#169;" HEIGHT="51" WIDTH="50" VPOS="2480" HPOS="180"/>
<SP HEIGHT="51" WIDTH="36" VPOS="2480" HPOS="231"/>
<String CONTENT="Mar." HEIGHT="37" WIDTH="119" VPOS="2486" HPOS="268"/>
<SP HEIGHT="39" WIDTH="36" VPOS="2484" HPOS="388"/>
<String CONTENT="8," HEIGHT="47" WIDTH="38" VPOS="2484" HPOS="425"/>
<SP HEIGHT="46" WIDTH="35" VPOS="2485" HPOS="464"/>
<String CONTENT="1934;" HEIGHT="47" WIDTH="140" VPOS="2483" HPOS="500"/>
<SP HEIGHT="46" WIDTH="36" VPOS="2484" HPOS="641"/>
<String CONTENT="2c." HEIGHT="39" WIDTH="66" VPOS="2484" HPOS="678"/>
<SP HEIGHT="29" WIDTH="36" VPOS="2494" HPOS="745"/>
<String CONTENT="and" HEIGHT="38" WIDTH="95" VPOS="2485" HPOS="782"/>
<SP HEIGHT="38" WIDTH="34" VPOS="2485" HPOS="878"/>
<String CONTENT="aff." HEIGHT="40" WIDTH="80" VPOS="2483" HPOS="913"/>
<SP HEIGHT="38" WIDTH="37" VPOS="2484" HPOS="994"/>
<String CONTENT="Mar." HEIGHT="39" WIDTH="122" VPOS="2484" HPOS="1032"/>
<SP HEIGHT="37" WIDTH="34" VPOS="2485" HPOS="1155"/>
<String CONTENT="14;" HEIGHT="47" WIDTH="81" VPOS="2483" HPOS="1190"/>
<SP HEIGHT="46" WIDTH="37" VPOS="2484" HPOS="1272"/>
<!-- cceid BCB26512-6C64-1014-8713-889FF4349C01 --><String CONTENT="A" HEIGHT="38" WIDTH="41" VPOS="2484" HPOS="1310"/>
<SP HEIGHT="40" WIDTH="34" VPOS="2484" HPOS="1352"/>
<String CONTENT="706601;" HEIGHT="48" WIDTH="170" VPOS="2483" HPOS="1387"/>
<SP HEIGHT="47" WIDTH="38" VPOS="2484" HPOS="1558"/>
<String CONTENT="A." HEIGHT="40" WIDTH="53" VPOS="2484" HPOS="1597"/>
<SP HEIGHT="39" WIDTH="37" VPOS="2485" HPOS="1651"/>
<String CONTENT="J." HEIGHT="41" WIDTH="42" VPOS="2485" HPOS="1689"/>
<SP HEIGHT="40" WIDTH="38" VPOS="2486" HPOS="1732"/>
<String CONTENT="Kaplan," HEIGHT="47" WIDTH="207" VPOS="2486" HPOS="1771"/>
<SP HEIGHT="47" WIDTH="37" VPOS="2486" HPOS="1979"/>
<String CONTENT="Philadelphia." HEIGHT="104" WIDTH="1909" VPOS="2484" HPOS="247"/>
<SP HEIGHT="47" WIDTH="73" VPOS="2542" HPOS="456"/>
<String CONTENT="(34-6998)" HEIGHT="49" WIDTH="250" VPOS="2540" HPOS="530"/>
</TextLine>
<TextLine HEIGHT="66" WIDTH="452" VPOS="2658" HPOS="177" STYLEREFS="StyleId-8BA7D72E-770E-4EEB-92D3-7209CE000A71-">
<String CONTENT="Keith," HEIGHT="66" WIDTH="201" VPOS="2658" HPOS="177"/>
<SP HEIGHT="64" WIDTH="28" VPOS="2660" HPOS="379"/>
<String CONTENT="Carlos." HEIGHT="57" WIDTH="221" VPOS="2659" HPOS="408"/>
</TextLine>
<TextLine HEIGHT="146" WIDTH="1967" VPOS="2735" HPOS="178" STYLEREFS="StyleId-F6C32865-4E68-4D71-A6AE-9E8CF1BE0B52-" CS="1">
<String CONTENT="This" HEIGHT="53" WIDTH="138" VPOS="2736" HPOS="249"/>
<SP HEIGHT="54" WIDTH="39" VPOS="2735" HPOS="388"/>
<String CONTENT="fool," HEIGHT="68" WIDTH="138" VPOS="2735" HPOS="428"/>
<SP HEIGHT="49" WIDTH="35" VPOS="2754" HPOS="567"/>
<String CONTENT="passion," HEIGHT="67" WIDTH="245" VPOS="2736" HPOS="603"/>
<SP HEIGHT="66" WIDTH="36" VPOS="2737" HPOS="849"/>
<String CONTENT="by" HEIGHT="66" WIDTH="73" VPOS="2737" HPOS="886"/>
<SP HEIGHT="68" WIDTH="39" VPOS="2735" HPOS="960"/>
<String CONTENT="Carlos" HEIGHT="54" WIDTH="197" VPOS="2735" HPOS="1000"/>
<SP HEIGHT="52" WIDTH="37" VPOS="2737" HPOS="1198"/>
<String CONTENT="Keith" HEIGHT="54" WIDTH="179" VPOS="2736" HPOS="1236"/>
<SP HEIGHT="51" WIDTH="41" VPOS="2739" HPOS="1416"/>
<String CS="1" CONTENT="&#8230;"/>
<SP HEIGHT="54" WIDTH="43" VPOS="2736" HPOS="1514"/>
<String CONTENT="illustrated" HEIGHT="54" WIDTH="324" VPOS="2736" HPOS="1558"/>
<SP HEIGHT="52" WIDTH="35" VPOS="2738" HPOS="1883"/>
<String CONTENT="by" HEIGHT="67" WIDTH="76" VPOS="2738" HPOS="1919"/>
<SP HEIGHT="65" WIDTH="35" VPOS="2740" HPOS="1996"/>
<String CONTENT="Vincentini." HEIGHT="128" WIDTH="1967" VPOS="2737" HPOS="178"/>
<SP HEIGHT="52" WIDTH="75" VPOS="2814" HPOS="405"/>
<String CONTENT="New" HEIGHT="53" WIDTH="137" VPOS="2814" HPOS="481"/>
<SP HEIGHT="52" WIDTH="32" VPOS="2815" HPOS="619"/>
<String CONTENT="York," HEIGHT="66" WIDTH="180" VPOS="2814" HPOS="652"/>
<SP HEIGHT="63" WIDTH="27" VPOS="2817" HPOS="833"/>
<String CONTENT="The" HEIGHT="53" WIDTH="120" VPOS="2814" HPOS="861"/>
<SP HEIGHT="52" WIDTH="27" VPOS="2816" HPOS="982"/>
<String CONTENT="Vanguard" HEIGHT="65" WIDTH="317" VPOS="2816" HPOS="1010"/>
<SP HEIGHT="65" WIDTH="28" VPOS="2816" HPOS="1328"/>
<String CONTENT="press," HEIGHT="48" WIDTH="173" VPOS="2833" HPOS="1357"/>
<SP HEIGHT="60" WIDTH="29" VPOS="2821" HPOS="1531"/>
<String CONTENT="1934." HEIGHT="50" WIDTH="149" VPOS="2819" HPOS="1561"/>
</TextLine>
<TextLine HEIGHT="50" WIDTH="1109" VPOS="2885" HPOS="252" CS="1">
<String CONTENT="7" HEIGHT="39" WIDTH="25" VPOS="2888" HPOS="252"/>
<SP HEIGHT="47" WIDTH="22" VPOS="2888" HPOS="278"/>
<String LANG="fr" CONTENT="p." HEIGHT="37" WIDTH="42" VPOS="2898" HPOS="301"/>
<SP/>
<String LANG="fr" CS="1" CONTENT="l.,"/>
<SP/>
<String CONTENT="19-301" HEIGHT="41" WIDTH="171" VPOS="2885" HPOS="442"/>
<SP HEIGHT="45" WIDTH="25" VPOS="2889" HPOS="614"/>
<String CONTENT="p." HEIGHT="37" WIDTH="43" VPOS="2897" HPOS="640"/>
<SP HEIGHT="40" WIDTH="24" VPOS="2887" HPOS="684"/>
<String CONTENT="incl." HEIGHT="40" WIDTH="109" VPOS="2887" HPOS="709"/>
<SP HEIGHT="38" WIDTH="26" VPOS="2888" HPOS="819"/>
<String CONTENT="illus.," HEIGHT="46" WIDTH="142" VPOS="2888" HPOS="846"/>
<SP HEIGHT="38" WIDTH="25" VPOS="2897" HPOS="989"/>
<String CONTENT="plates." HEIGHT="47" WIDTH="170" VPOS="2888" HPOS="1015"/>
<SP HEIGHT="41" WIDTH="59" VPOS="2886" HPOS="1186"/>
<String CONTENT="21cm." HEIGHT="41" WIDTH="115" VPOS="2886" HPOS="1246"/>
</TextLine>
<TextLine HEIGHT="49" WIDTH="685" VPOS="2943" HPOS="246">
<String CONTENT="Illustrated" HEIGHT="41" WIDTH="291" VPOS="2943" HPOS="246"/>
<SP HEIGHT="38" WIDTH="29" VPOS="2945" HPOS="538"/>
<String CONTENT="lining-papers." HEIGHT="49" WIDTH="363" VPOS="2943" HPOS="568"/>
</TextLine>
<TextLine HEIGHT="54" WIDTH="1994" VPOS="3011" HPOS="181" CS="1">
<String CONTENT="&#169;" HEIGHT="52" WIDTH="51" VPOS="3011" HPOS="181"/>
<SP HEIGHT="52" WIDTH="33" VPOS="3011" HPOS="233"/>
<String CONTENT="Mar." HEIGHT="39" WIDTH="121" VPOS="3017" HPOS="267"/>
<SP HEIGHT="40" WIDTH="32" VPOS="3016" HPOS="389"/>
<String CONTENT="29," HEIGHT="46" WIDTH="68" VPOS="3016" HPOS="422"/>
<SP HEIGHT="45" WIDTH="33" VPOS="3017" HPOS="491"/>
<String CS="1" CONTENT="1984;" HEIGHT="39" WIDTH="113" VPOS="3016" HPOS="525"/>
<SP HEIGHT="47" WIDTH="34" VPOS="3015" HPOS="666"/>
<String CONTENT="2c." HEIGHT="41" WIDTH="66" VPOS="3015" HPOS="701"/>
<SP/>
<String CONTENT="and" HEIGHT="38" WIDTH="95" VPOS="3017" HPOS="803"/>
<SP HEIGHT="38" WIDTH="32" VPOS="3017" HPOS="899"/>
<String CONTENT="aff." HEIGHT="40" WIDTH="78" VPOS="3015" HPOS="932"/>
<SP HEIGHT="37" WIDTH="36" VPOS="3017" HPOS="1011"/>
<String CONTENT="Mar." HEIGHT="38" WIDTH="121" VPOS="3017" HPOS="1048"/>
<SP HEIGHT="39" WIDTH="31" VPOS="3016" HPOS="1170"/>
<String CS="1" CONTENT="31;" HEIGHT="39" WIDTH="55" VPOS="3016" HPOS="1202"/>
<SP HEIGHT="46" WIDTH="35" VPOS="3016" HPOS="1285"/>
<!-- cceid BCB2E7D8-6C64-1014-8713-889FF4349C01 --><String CONTENT="A" HEIGHT="38" WIDTH="41" VPOS="3016" HPOS="1321"/>
<SP HEIGHT="39" WIDTH="32" VPOS="3016" HPOS="1363"/>
<String CS="1" CONTENT="70881;" HEIGHT="40" WIDTH="142" VPOS="3015" HPOS="1396"/>
<SP HEIGHT="46" WIDTH="35" VPOS="3016" HPOS="1566"/>
<String CONTENT="Vanguard" HEIGHT="48" WIDTH="264" VPOS="3016" HPOS="1602"/>
<SP HEIGHT="48" WIDTH="34" VPOS="3017" HPOS="1867"/>
<String CONTENT="press," HEIGHT="39" WIDTH="147" VPOS="3026" HPOS="1902"/>
<SP HEIGHT="47" WIDTH="35" VPOS="3017" HPOS="2050"/>
<String CONTENT="inc." HEIGHT="41" WIDTH="89" VPOS="3017" HPOS="2086"/>
</TextLine>
<TextLine HEIGHT="47" WIDTH="250" VPOS="3073" HPOS="262">
<String CONTENT="(34-6832)" HEIGHT="47" WIDTH="250" VPOS="3073" HPOS="262"/>
</TextLine>
<TextLine HEIGHT="64" WIDTH="467" VPOS="3192" HPOS="183" STYLEREFS="StyleId-8BA7D72E-770E-4EEB-92D3-7209CE000A71-">
<String CONTENT="Kerney," HEIGHT="63" WIDTH="251" VPOS="3193" HPOS="183"/>
<SP HEIGHT="63" WIDTH="30" VPOS="3193" HPOS="435"/>
<String CONTENT="Ellen." HEIGHT="55" WIDTH="184" VPOS="3192" HPOS="466"/>
</TextLine>
<TextLine HEIGHT="73" WIDTH="1929" VPOS="3267" HPOS="251" STYLEREFS="StyleId-F6C32865-4E68-4D71-A6AE-9E8CF1BE0B52-">
<String CONTENT="A" HEIGHT="52" WIDTH="54" VPOS="3269" HPOS="251"/>
<SP HEIGHT="69" WIDTH="37" VPOS="3269" HPOS="306"/>
<String CONTENT="glossary" HEIGHT="67" WIDTH="259" VPOS="3271" HPOS="344"/>
<SP HEIGHT="49" WIDTH="38" VPOS="3288" HPOS="604"/>
<String CONTENT="of" HEIGHT="54" WIDTH="64" VPOS="3267" HPOS="643"/>
<SP HEIGHT="53" WIDTH="39" VPOS="3267" HPOS="708"/>
<String CONTENT="French" HEIGHT="52" WIDTH="223" VPOS="3269" HPOS="748"/>
<SP HEIGHT="51" WIDTH="41" VPOS="3269" HPOS="972"/>
<String CONTENT="medical" HEIGHT="52" WIDTH="239" VPOS="3269" HPOS="1014"/>
<SP HEIGHT="50" WIDTH="38" VPOS="3271" HPOS="1254"/>
<String CONTENT="terms" HEIGHT="46" WIDTH="173" VPOS="3275" HPOS="1293"/>
<SP HEIGHT="33" WIDTH="38" VPOS="3288" HPOS="1467"/>
<String CONTENT="referable" HEIGHT="54" WIDTH="281" VPOS="3268" HPOS="1506"/>
<SP HEIGHT="47" WIDTH="39" VPOS="3275" HPOS="1788"/>
<String CONTENT="to" HEIGHT="48" WIDTH="58" VPOS="3275" HPOS="1828"/>
<SP HEIGHT="47" WIDTH="40" VPOS="3276" HPOS="1887"/>
<String CONTENT="the" HEIGHT="53" WIDTH="95" VPOS="3271" HPOS="1928"/>
<SP HEIGHT="35" WIDTH="42" VPOS="3289" HPOS="2024"/>
<String CONTENT="eye." HEIGHT="51" WIDTH="113" VPOS="3289" HPOS="2067"/>
</TextLine>
<TextLine HEIGHT="71" WIDTH="1929" VPOS="3346" HPOS="180" STYLEREFS="StyleId-F6C32865-4E68-4D71-A6AE-9E8CF1BE0B52-" CS="1">
<String CONTENT="By" HEIGHT="66" WIDTH="90" VPOS="3349" HPOS="180"/>
<SP HEIGHT="67" WIDTH="24" VPOS="3348" HPOS="271"/>
<String CONTENT="Ellen" HEIGHT="51" WIDTH="170" VPOS="3348" HPOS="296"/>
<SP HEIGHT="51" WIDTH="25" VPOS="3347" HPOS="467"/>
<String CONTENT="Kerney" HEIGHT="67" WIDTH="231" VPOS="3347" HPOS="493"/>
<SP HEIGHT="48" WIDTH="32" VPOS="3366" HPOS="725"/>
<String CS="1" CONTENT="&#8230;"/>
<SP HEIGHT="53" WIDTH="69" VPOS="3346" HPOS="814"/>
<String CONTENT="New" HEIGHT="53" WIDTH="139" VPOS="3346" HPOS="884"/>
<SP HEIGHT="52" WIDTH="27" VPOS="3347" HPOS="1024"/>
<String CONTENT="York," HEIGHT="67" WIDTH="178" VPOS="3347" HPOS="1052"/>
<SP HEIGHT="67" WIDTH="27" VPOS="3347" HPOS="1231"/>
<String CONTENT="Columbia" HEIGHT="54" WIDTH="301" VPOS="3347" HPOS="1259"/>
<SP HEIGHT="34" WIDTH="28" VPOS="3366" HPOS="1561"/>
<String CONTENT="university," HEIGHT="69" WIDTH="335" VPOS="3348" HPOS="1590"/>
<SP HEIGHT="63" WIDTH="31" VPOS="3354" HPOS="1926"/>
<String CONTENT="1934." HEIGHT="50" WIDTH="151" VPOS="3353" HPOS="1958"/>
</TextLine>
<TextLine HEIGHT="50" WIDTH="1929" VPOS="3418" HPOS="252" CS="1">
<String CONTENT="1" HEIGHT="38" WIDTH="25" VPOS="3422" HPOS="252"/>
<SP HEIGHT="46" WIDTH="43" VPOS="3422" HPOS="278"/>
<String LANG="fr" CONTENT="p." HEIGHT="37" WIDTH="43" VPOS="3431" HPOS="322"/>
<SP/>
<String LANG="fr" CS="1" CONTENT="l.,"/>
<SP/>
<String CONTENT="7-209" HEIGHT="41" WIDTH="146" VPOS="3418" HPOS="505"/>
<SP HEIGHT="49" WIDTH="41" VPOS="3418" HPOS="652"/>
<String CONTENT="p." HEIGHT="37" WIDTH="43" VPOS="3430" HPOS="694"/>
<SP HEIGHT="39" WIDTH="59" VPOS="3420" HPOS="738"/>
<String CONTENT="25cm." HEIGHT="39" WIDTH="114" VPOS="3420" HPOS="798"/>
<SP HEIGHT="47" WIDTH="71" VPOS="3420" HPOS="913"/>
<String CONTENT="(Publications" HEIGHT="47" WIDTH="355" VPOS="3420" HPOS="985"/>
<SP HEIGHT="28" WIDTH="47" VPOS="3433" HPOS="1341"/>
<String CONTENT="of" HEIGHT="40" WIDTH="51" VPOS="3421" HPOS="1389"/>
<SP HEIGHT="40" WIDTH="44" VPOS="3421" HPOS="1441"/>
<String CONTENT="the" HEIGHT="39" WIDTH="82" VPOS="3423" HPOS="1486"/>
<SP HEIGHT="41" WIDTH="45" VPOS="3421" HPOS="1569"/>
<String CONTENT="Institute" HEIGHT="42" WIDTH="235" VPOS="3421" HPOS="1615"/>
<SP HEIGHT="29" WIDTH="46" VPOS="3434" HPOS="1851"/>
<String CONTENT="of" HEIGHT="39" WIDTH="51" VPOS="3424" HPOS="1898"/>
<SP HEIGHT="39" WIDTH="43" VPOS="3424" HPOS="1950"/>
<String CONTENT="French" HEIGHT="41" WIDTH="187" VPOS="3425" HPOS="1994"/>
</TextLine>
<TextLine HEIGHT="47" WIDTH="350" VPOS="3479" HPOS="178">
<String CONTENT="studies," HEIGHT="47" WIDTH="199" VPOS="3479" HPOS="178"/>
<SP HEIGHT="47" WIDTH="33" VPOS="3479" HPOS="378"/>
<String CONTENT="inc.)" HEIGHT="47" WIDTH="116" VPOS="3479" HPOS="412"/>
</TextLine>
<TextLine HEIGHT="52" WIDTH="1926" VPOS="3533" HPOS="254">
<String CONTENT="&#8220;Based" HEIGHT="41" WIDTH="187" VPOS="3535" HPOS="254"/>
<SP HEIGHT="39" WIDTH="23" VPOS="3538" HPOS="442"/>
<String CONTENT="on" HEIGHT="29" WIDTH="59" VPOS="3548" HPOS="466"/>
<SP HEIGHT="30" WIDTH="23" VPOS="3545" HPOS="526"/>
<String CONTENT="a" HEIGHT="30" WIDTH="28" VPOS="3545" HPOS="550"/>
<SP HEIGHT="38" WIDTH="24" VPOS="3537" HPOS="579"/>
<String CONTENT="thesis" HEIGHT="40" WIDTH="153" VPOS="3535" HPOS="604"/>
<SP HEIGHT="29" WIDTH="24" VPOS="3546" HPOS="758"/>
<String CONTENT="entitled" HEIGHT="42" WIDTH="203" VPOS="3533" HPOS="783"/>
<SP HEIGHT="39" WIDTH="26" VPOS="3535" HPOS="987"/>
<String CONTENT="&#8216;An" HEIGHT="40" WIDTH="87" VPOS="3534" HPOS="1014"/>
<SP HEIGHT="29" WIDTH="25" VPOS="3546" HPOS="1102"/>
<String CONTENT="etymologic" HEIGHT="49" WIDTH="285" VPOS="3535" HPOS="1128"/>
<SP HEIGHT="39" WIDTH="24" VPOS="3546" HPOS="1414"/>
<String CONTENT="glossary" HEIGHT="48" WIDTH="220" VPOS="3537" HPOS="1439"/>
<SP HEIGHT="36" WIDTH="25" VPOS="3548" HPOS="1660"/>
<String CONTENT="of" HEIGHT="41" WIDTH="50" VPOS="3537" HPOS="1686"/>
<SP HEIGHT="39" WIDTH="24" VPOS="3537" HPOS="1737"/>
<String CONTENT="French" HEIGHT="41" WIDTH="187" VPOS="3538" HPOS="1762"/>
<SP HEIGHT="40" WIDTH="24" VPOS="3540" HPOS="1950"/>
<String CONTENT="medical" HEIGHT="41" WIDTH="205" VPOS="3541" HPOS="1975"/>
</TextLine>
<TextLine HEIGHT="50" WIDTH="1893" VPOS="3592" HPOS="183" CS="1">
<String CONTENT="terms" HEIGHT="38" WIDTH="148" VPOS="3596" HPOS="183"/>
<SP HEIGHT="28" WIDTH="34" VPOS="3606" HPOS="332"/>
<String CONTENT="referable" HEIGHT="41" WIDTH="242" VPOS="3593" HPOS="367"/>
<SP HEIGHT="39" WIDTH="34" VPOS="3595" HPOS="610"/>
<String CONTENT="to" HEIGHT="38" WIDTH="49" VPOS="3595" HPOS="645"/>
<SP HEIGHT="38" WIDTH="36" VPOS="3595" HPOS="695"/>
<String CONTENT="the" HEIGHT="39" WIDTH="82" VPOS="3594" HPOS="732"/>
<SP HEIGHT="29" WIDTH="32" VPOS="3604" HPOS="815"/>
<String CONTENT="eye&#8217;," HEIGHT="47" WIDTH="113" VPOS="3592" HPOS="848"/>
<SP HEIGHT="35" WIDTH="36" VPOS="3604" HPOS="962"/>
<String CONTENT="submitted" HEIGHT="41" WIDTH="263" VPOS="3592" HPOS="999"/>
<SP HEIGHT="38" WIDTH="35" VPOS="3594" HPOS="1263"/>
<String CONTENT="in" HEIGHT="38" WIDTH="51" VPOS="3594" HPOS="1299"/>
<SP HEIGHT="37" WIDTH="33" VPOS="3605" HPOS="1351"/>
<String CONTENT="partial" HEIGHT="47" WIDTH="183" VPOS="3595" HPOS="1385"/>
<SP HEIGHT="39" WIDTH="35" VPOS="3594" HPOS="1569"/>
<String CONTENT="fulfilment" HEIGHT="42" WIDTH="264" VPOS="3594" HPOS="1605"/>
<SP HEIGHT="39" WIDTH="34" VPOS="3598" HPOS="1870"/>
<String CONTENT="of" HEIGHT="40" WIDTH="51" VPOS="3597" HPOS="1905"/>
<SP HEIGHT="41" WIDTH="36" VPOS="3597" HPOS="1957"/>
<String CONTENT="the" HEIGHT="41" WIDTH="82" VPOS="3599" HPOS="1994"/>
</TextLine>
<TextLine HEIGHT="93" WIDTH="1999" VPOS="3612" HPOS="182" CS="1">
<String CONTENT="requirements" HEIGHT="88" WIDTH="1982" VPOS="3612" HPOS="182"/>
<SP HEIGHT="40" WIDTH="35" VPOS="3651" HPOS="479"/>
<String CONTENT="for" HEIGHT="40" WIDTH="79" VPOS="3651" HPOS="515"/>
<SP HEIGHT="38" WIDTH="37" VPOS="3652" HPOS="595"/>
<String CONTENT="the" HEIGHT="38" WIDTH="82" VPOS="3652" HPOS="633"/>
<SP HEIGHT="39" WIDTH="38" VPOS="3651" HPOS="716"/>
<String CONTENT="degree" HEIGHT="47" WIDTH="171" VPOS="3651" HPOS="755"/>
<SP HEIGHT="28" WIDTH="38" VPOS="3662" HPOS="927"/>
<String CONTENT="of" HEIGHT="40" WIDTH="50" VPOS="3650" HPOS="966"/>
<SP HEIGHT="38" WIDTH="36" VPOS="3650" HPOS="1017"/>
<String CONTENT="master" HEIGHT="38" WIDTH="183" VPOS="3652" HPOS="1054"/>
<SP HEIGHT="29" WIDTH="39" VPOS="3661" HPOS="1238"/>
<String CONTENT="of" HEIGHT="40" WIDTH="51" VPOS="3650" HPOS="1278"/>
<SP HEIGHT="41" WIDTH="37" VPOS="3650" HPOS="1330"/>
<String CONTENT="arts" HEIGHT="38" WIDTH="104" VPOS="3653" HPOS="1368"/>
<SP HEIGHT="28" WIDTH="42" VPOS="3663" HPOS="1473"/>
<String CS="1" CONTENT="&#8230;"/>
<SP HEIGHT="40" WIDTH="41" VPOS="3651" HPOS="1562"/>
<String CONTENT="Columbia" HEIGHT="43" WIDTH="250" VPOS="3651" HPOS="1604"/>
<SP HEIGHT="31" WIDTH="39" VPOS="3664" HPOS="1855"/>
<String CONTENT="university," HEIGHT="49" WIDTH="286" VPOS="3656" HPOS="1895"/>
</TextLine>
<TextLine HEIGHT="57" WIDTH="1999" VPOS="3706" HPOS="185" CS="1">
<String CONTENT="conferred" HEIGHT="41" WIDTH="254" VPOS="3710" HPOS="185"/>
<SP HEIGHT="38" WIDTH="34" VPOS="3712" HPOS="440"/>
<String CONTENT="on" HEIGHT="29" WIDTH="60" VPOS="3721" HPOS="475"/>
<SP HEIGHT="40" WIDTH="33" VPOS="3708" HPOS="536"/>
<String CONTENT="June" HEIGHT="40" WIDTH="126" VPOS="3708" HPOS="570"/>
<SP HEIGHT="40" WIDTH="33" VPOS="3708" HPOS="697"/>
<String CONTENT="6," HEIGHT="46" WIDTH="39" VPOS="3708" HPOS="731"/>
<SP HEIGHT="46" WIDTH="35" VPOS="3708" HPOS="771"/>
<String CONTENT="1933" HEIGHT="41" WIDTH="112" VPOS="3706" HPOS="807"/>
<SP HEIGHT="39" WIDTH="40" VPOS="3707" HPOS="920"/>
<String CS="1" CONTENT="&#8230;"/>
<SP HEIGHT="29" WIDTH="69" VPOS="3727" HPOS="1006"/>
<String CONTENT="[In" HEIGHT="49" WIDTH="72" VPOS="3707" HPOS="1076"/>
<SP HEIGHT="38" WIDTH="33" VPOS="3709" HPOS="1149"/>
<String CONTENT="the" HEIGHT="39" WIDTH="83" VPOS="3709" HPOS="1183"/>
<SP HEIGHT="37" WIDTH="31" VPOS="3719" HPOS="1267"/>
<String CONTENT="present" HEIGHT="45" WIDTH="196" VPOS="3711" HPOS="1299"/>
<SP HEIGHT="38" WIDTH="33" VPOS="3711" HPOS="1496"/>
<String CONTENT="list]" HEIGHT="48" WIDTH="98" VPOS="3711" HPOS="1530"/>
<SP HEIGHT="47" WIDTH="36" VPOS="3712" HPOS="1629"/>
<String CONTENT="the" HEIGHT="40" WIDTH="83" VPOS="3712" HPOS="1666"/>
<SP HEIGHT="29" WIDTH="34" VPOS="3723" HPOS="1750"/>
<String CONTENT="etymology" HEIGHT="50" WIDTH="273" VPOS="3713" HPOS="1785"/>
<SP HEIGHT="46" WIDTH="34" VPOS="3716" HPOS="2059"/>
<String CONTENT="has" HEIGHT="40" WIDTH="90" VPOS="3716" HPOS="2094"/>
</TextLine>
<TextLine HEIGHT="44" WIDTH="642" VPOS="3765" HPOS="183">
<String CONTENT="been" HEIGHT="38" WIDTH="113" VPOS="3771" HPOS="183"/>
<SP HEIGHT="29" WIDTH="33" VPOS="3779" HPOS="297"/>
<String CONTENT="omitted.&#8221;&#8212;Introd." HEIGHT="43" WIDTH="494" VPOS="3765" HPOS="331"/>
</TextLine>
<TextLine HEIGHT="49" WIDTH="742" VPOS="3822" HPOS="254" CS="1">
<String CONTENT="&#8220;Works" HEIGHT="41" WIDTH="201" VPOS="3826" HPOS="254"/>
<SP HEIGHT="30" WIDTH="28" VPOS="3835" HPOS="456"/>
<String CS="1" CONTENT="consulted&#8221;:" HEIGHT="42" WIDTH="278" VPOS="3823" HPOS="485"/>
<SP HEIGHT="38" WIDTH="33" VPOS="3833" HPOS="791"/>
<String CONTENT="p." HEIGHT="38" WIDTH="42" VPOS="3833" HPOS="825"/>
<SP HEIGHT="39" WIDTH="29" VPOS="3823" HPOS="868"/>
<String CONTENT="7-9." HEIGHT="41" WIDTH="98" VPOS="3822" HPOS="898"/>
</TextLine>
<TextLine HEIGHT="55" WIDTH="1740" VPOS="3878" HPOS="187" CS="1">
<String CONTENT="&#169;" HEIGHT="52" WIDTH="51" VPOS="3881" HPOS="187"/>
<SP HEIGHT="52" WIDTH="27" VPOS="3881" HPOS="239"/>
<String CONTENT="Mar." HEIGHT="37" WIDTH="120" VPOS="3887" HPOS="267"/>
<SP HEIGHT="39" WIDTH="26" VPOS="3884" HPOS="388"/>
<String CONTENT="19," HEIGHT="47" WIDTH="68" VPOS="3883" HPOS="415"/>
<SP HEIGHT="46" WIDTH="27" VPOS="3884" HPOS="484"/>
<String CONTENT="1934;" HEIGHT="45" WIDTH="140" VPOS="3882" HPOS="512"/>
<SP HEIGHT="45" WIDTH="28" VPOS="3882" HPOS="653"/>
<String CONTENT="2c." HEIGHT="38" WIDTH="65" VPOS="3882" HPOS="682"/>
<SP HEIGHT="38" WIDTH="28" VPOS="3882" HPOS="748"/>
<String CONTENT="Mar." HEIGHT="38" WIDTH="121" VPOS="3882" HPOS="777"/>
<SP HEIGHT="40" WIDTH="26" VPOS="3880" HPOS="899"/>
<String CONTENT="28;" HEIGHT="46" WIDTH="81" VPOS="3880" HPOS="926"/>
<SP HEIGHT="36" WIDTH="30" VPOS="3890" HPOS="1008"/>
<String CONTENT="aff." HEIGHT="41" WIDTH="81" VPOS="3878" HPOS="1039"/>
<SP HEIGHT="38" WIDTH="29" VPOS="3880" HPOS="1121"/>
<String CONTENT="Mar." HEIGHT="39" WIDTH="119" VPOS="3880" HPOS="1151"/>
<SP HEIGHT="39" WIDTH="26" VPOS="3880" HPOS="1271"/>
<String CONTENT="27;" HEIGHT="46" WIDTH="83" VPOS="3880" HPOS="1298"/>
<SP HEIGHT="44" WIDTH="29" VPOS="3882" HPOS="1382"/>
<!-- cceid BCB36D0E-6C64-1014-8713-889FF4349C01 --><String CONTENT="A" HEIGHT="37" WIDTH="40" VPOS="3882" HPOS="1412"/>
<SP HEIGHT="39" WIDTH="27" VPOS="3882" HPOS="1453"/>
<String CONTENT="71056;" HEIGHT="49" WIDTH="169" VPOS="3881" HPOS="1481"/>
<SP HEIGHT="45" WIDTH="32" VPOS="3885" HPOS="1651"/>
<String CONTENT="E." HEIGHT="39" WIDTH="51" VPOS="3885" HPOS="1684"/>
<SP HEIGHT="38" WIDTH="28" VPOS="3886" HPOS="1736"/>
<String CS="1" CONTENT="Kerney," HEIGHT="40" WIDTH="162" VPOS="3886" HPOS="1765"/>
</TextLine>
<TextLine HEIGHT="100" WIDTH="1905" VPOS="3889" HPOS="258" CS="1">
<String CONTENT="Brooklyn." HEIGHT="100" WIDTH="1905" VPOS="3889" HPOS="258"/>
<SP HEIGHT="47" WIDTH="69" VPOS="3941" HPOS="354"/>
<String CONTENT="(34-7137)" HEIGHT="51" WIDTH="250" VPOS="3937" HPOS="424"/>
</TextLine>
</TextBlock>
</PrintSpace>
</Page>
</Layout>
</alto>