2350 4196
1099 3993 132 52 1823

163 355 308 66 Sherman,
501 357 157 64 Max,
692 361 170 49 1878-

1879 435 212 72 לידער
1761 447 92 82 פון
1547 449 192 80 מאקס
1237 449 290 82 שערמאן.
1029 447 134 64 לאס
687 453 308 66 אנגעלעם,
401 453 258 80 קאליפ.,
153 455 222 60 ארויס־

1947 545 222 82 געגעבן
1825 547 94 80 פון
1607 549 190 80 מאקס
1313 549 266 82 שערמאן
685 551 602 80 שריפטן־קאמיטעט.

188 647 110 52 [Los
323 647 265 66 Angeles]
622 648 150 49 1934.

232 732 84 40 141
349 741 58 38 p.,
438 731 26 40 3
517 763 7 7 l.
585 732 132 40 front.
764 731 172 48 (port.)
1005 730 55 40 22
1064 732 43 21 cm
1113 761 7 8 .

237 801 72 41 On
331 811 139 30 verso
499 802 51 40 of
577 805 32 37 t.
614 813 87 37 -р.:
733 801 236 40 “Leeder”
1008 800 209 48 (poems)
1252 802 60 45 by
1340 801 115 38 Max
1484 799 236 41 Sherman
1752 830 46 8 ...

168 872 51 51 ©
243 876 115 39 Nov.
382 874 70 48 24,
475 874 114 41 1934;
642 875 64 40 2c.
732 876 95 38 and
850 874 80 41 aff.
955 875 117 38 Nov.
1095 874 58 40 28;
1201 873 41 39 A
1265 871 142 42 78852;
1460 872 61 39 M.
1550 871 249 48 Sherman,
1825 871 97 40 bos
1942 869 219 48 Angeles.

242 932 251 49 (35-1022)

166 1036 205 64 Sigma
397 1036 113 55 chi.

234 1126 121 52 The
393 1124 198 70 Sigma
628 1126 91 52 chi
755 1127 204 68 pledge
995 1126 247 51 manual.
1314 1124 100 52 4th
1460 1123 192 70 (1934)
1702 1124 83 52 ed.
1860 1121 301 69 Compiled

166 1203 74 69 by
264 1203 226 52 Arthur
516 1204 135 67 Vos,
675 1204 70 68 jr.
778 1247 56 9 ...
867 1204 113 52 and
1009 1202 237 54 Chester
1269 1203 91 53 W.
1392 1202 310 54 Cleveland
1733 1244 57 10 ...
1866 1199 291 70 [Chicago]

164 1281 724 69 The Fraternity [ c 1934]
235 1367 98 49 137,
371 1371 54 48 [3]
458 1379 44 37 p.
562 1369 137 41 front.
740 1369 236 48 (facsim.)
1020 1369 127 39 illus.
1176 1368 131 48 (incl.
1342 1369 165 48 ports.,
1541 1368 135 48 map)
1720 1366 153 48 diagr.
1932 1365 57 41 23
1993 1368 46 22 cm
2041 1398 9 9 .

240 1438 226 42 Includes
490 1438 149 41 blank
663 1450 147 37 pages
836 1440 79 39 for
942 1440 323 39 memoranda.

171 1494 51 52 ©
253 1499 117 39 Nov.
401 1498 69 48 27,
502 1497 116 41 1980;
675 1498 65 41 2c.
775 1500 95 39 and
903 1498 79 40 aff.
1014 1499 112 39 Dec.
1158 1498 80 47 10;
1273 1498 43 39 A
1346 1498 169 46 77588;
1552 1497 202 41 Chester
1785 1498 70 40 W.
1891 1496 275 48 Cleveland,

237 1556 221 48 Chicago.
532 1556 249 48 (35-1017)

168 1656 210 68 Silcox,
407 1658 192 56 Claris
624 1659 226 64 Edwin,
880 1664 170 50 1888-

241 1750 308 66 Catholics,
590 1753 155 54 Jews
785 1753 112 51 and
938 1753 385 66 Protestants;
1368 1770 30 33 a
1443 1751 171 68 study
1656 1750 64 53 of
1761 1750 405 68 relationships

172 1828 57 55 in
258 1830 96 52 the
381 1829 218 55 United
632 1829 187 55 States
848 1831 112 52 and
990 1829 251 68 Canada,
1268 1830 78 67 by
1376 1828 187 57 Claris
1592 1829 211 55 Edwin
1835 1829 192 56 Silcox
2054 1830 113 52 and

172 1906 181 55 Galen
383 1909 79 53 M.
497 1907 218 54 Fisher.
791 1908 138 54 New
958 1909 163 52 York
1151 1909 111 53 and
1291 1909 258 64 London,
1578 1908 143 53 Pub.
1750 1907 95 52 for
1871 1908 94 53 the
172 1908 1971 131 Institute
329 1986 64 53 of
429 1985 173 57 social
638 1988 112 52 and
786 1984 270 70 religious
1091 1987 255 52 research
1380 1986 75 67 by
1490 1987 233 66 Harper
1760 1988 113 52 and
1907 1986 261 54 brothers

193 2069 174 64 [ c 1934]
243 2151 96 49 xvi,
372 2151 87 41 369
488 2162 43 37 p.
591 2149 55 42 23½
680 2153 43 21 cm
729 2184 8 8 .

248 2220 128 42 “The
404 2222 145 48 study
578 2254 45 8 ...
654 2233 100 29 was
781 2222 303 41 undertaken
1111 2225 60 45 by
1196 2223 82 39 the
1303 2222 237 41 Institute
1564 2222 52 40 of
1642 2222 149 41 social
1818 2223 96 39 and
1941 2222 230 48 religious

177 2280 223 39 research
433 2283 51 37 at
519 2280 81 39 the
633 2282 193 45 request
862 2281 51 39 of
945 2281 81 38 the
1057 2280 231 39 National
1322 2279 283 41 conference
1638 2281 51 39 of
1720 2280 130 40 Jews
1884 2281 96 39 and
177 2280 1976 98 Christians.”—Pref.

245 2393 162 41 “First
437 2393 227 42 edition.”

177 2461 51 52 ©
261 2466 109 40 Dec.
402 2466 68 47 10,
501 2464 141 48 1934;
674 2464 65 41 2c.
771 2466 111 38 Dec.
914 2464 82 48 20;
1030 2464 79 40 aff.
1142 2466 109 39 Dec.
1284 2466 83 47 11;
1397 2466 41 39 A
1468 2464 171 49 76019;
1674 2466 194 48 Harper
1900 2466 37 40 &
1966 2467 123 39 bros,

256 2522 250 49 (35-1151)

174 2624 267 67 Sinclair,
473 2627 203 53 James
702 2626 355 56 Alexander.

246 2717 274 68 Airships
558 2717 59 52 in
659 2734 169 51 peace
866 2717 114 53 and
1021 2735 137 49 war,
1194 2717 78 68 by
1314 2718 252 67 Captain
1605 2718 58 55 J.
1704 2718 72 54 A.
1819 2716 252 57 Sinclair
2115 2761 58 11 ...

175 2795 258 67 London,
463 2795 145 53 Rich
637 2797 47 50 &
714 2794 231 68 Cowan,
975 2795 121 66 ltd.,
1129 2798 149 50 1934.

246 2884 85 39 308
360 2895 42 36 p.
460 2883 149 40 front,
638 2881 172 50 (port.)
850 2883 171 47 plates.
1079 2882 55 40 28½
1168 2885 43 20 cm
1216 2915 9 8 .

181 2951 51 52 ©
300 2966 36 29 1c.
375 2956 111 39 Dec.
525 2953 70 48 28,
633 2952 141 48 1934;
811 2953 45 41 A
891 2954 62 39 ad
989 2954 84 40 int
1114 2953 172 49 39804;
1326 2956 140 47 pubd.
1509 2954 100 42 Oct.
1648 2956 83 47 30;
1774 2956 43 40 J.
1854 2956 53 39 A.
1952 2955 222 50 Sinclair,

247 3013 211 39 London.
530 3009 250 50 (35-1299)

178 3113 300 66 Spalding,
507 3114 197 53 Phebe
734 3112 239 67 Estelle,
1004 3119 171 50 1859-

257 3249 56 9 ...
374 3204 118 54 San
540 3203 253 54 Antonio
847 3205 69 53 de
968 3204 217 70 Padua,
1234 3205 76 69 by
1362 3205 191 54 Phebe
1605 3205 213 55 Estelle
1872 3205 303 70 Spalding.

188 3281 364 69 [Claremont,
584 3280 191 69 Calif.,
802 3281 122 55 The
955 3281 287 54 Saunders
1272 3283 188 53 studio
1489 3302 174 49 press,
1692 3290 18 22 c
1715 3285 152 66 1934]

253 3367 283 47 cover-title,
575 3366 82 50 [20]
693 3377 42 37 p.
797 3367 127 40 illus.
953 3367 49 48 (1
1032 3369 254 48 mounted)
1354 3369 55 40 19
1413 3372 42 20 cm
1462 3403 8 8 .
1541 3369 207 48 (Patron
1780 3372 155 39 saints
1968 3373 51 38 of
181 3371 1976 93 California.

423 3424 310 49 [Franciscan
764 3424 164 40 series,
985 3435 74 30 no.
1093 3425 69 50 2])

254 3496 124 39 Text
405 3506 60 29 on
492 3504 146 39 pages
684 3495 40 49 [2]
756 3497 95 38 and
895 3496 39 49 [3]
967 3497 52 39 of
1045 3507 152 30 cover.

186 3566 51 51 ©
274 3570 100 40 Oct.
411 3570 68 46 20,
517 3568 140 47 1934;
694 3569 25 38 2
722 3580 37 28 c.
798 3570 116 39 Nov.
950 3569 82 48 27;
1072 3570 79 40 aff.
1189 3571 117 39 Nov.
1343 3571 59 39 26;
1465 3571 43 39 A
1542 3572 171 47 78411;
1750 3573 48 37 P.
1838 3573 51 37 E.
1933 3572 245 49 Spalding,

252 3627 291 45 Claremont,
576 3625 142 41 Calif.
791 3626 249 50 (35-1039)

183 3730 259 63 Sylvain,
476 3729 235 56 Claude.

258 3863 56 9 ...
365 3819 207 68 Binou,
620 3826 171 61 agent
834 3821 406 54 matrimonial.
1319 3823 185 64 Paris,
1550 3824 84 52 La
1677 3824 376 52 Renaissance
2100 3824 76 52 du

181 3897 142 53 livre
364 3900 171 63 [1934]
