2350 4196
1156 4003 97 48 936

293 445 691 49 Bibliothèque-Charpentier.

230 514 1980 53 © Apr. 24, 1934; 1c. June 21: A- Foreign 24961; Marcelle Viouja and
299 575 254 47 Fasquelle
581 575 226 47 éditeurs,
836 576 152 39 Paris.
1061 575 277 48 (34-20749)

229 678 174 62 West,
437 676 187 55 Willis
657 679 225 52 Mason.
920 678 321 54 1857-1931.

294 752 120 51 The
441 757 156 63 story
625 752 63 53 of
714 754 235 52 modern
976 771 278 50 progress,
1284 752 140 52 with
1453 771 31 34 a
1513 753 374 69 preliminary
1916 772 202 50 survey
2148 753 62 52 of

224 829 1983 69 earlier progress. New ed. By Willis Mason West … and
225 906 1982 70 Ruth West … Boston, New York [etc.] Allyn and Bacon
248 986 172 65 [ c 1934]
292 1057 134 47 xviii,
460 1057 96 50 730,
588 1058 55 39 54
673 1068 42 37 p.
777 1059 83 39 col.
895 1059 160 46 front.,
1091 1058 140 46 illus.,
1265 1058 156 46 plates
1452 1057 133 47 (part
1617 1058 109 48 col.)
1771 1067 135 38 maps
1935 1058 134 47 (part
222 1060 1972 98 double)
389 1113 54 40 21
449 1116 43 21 cm
497 1147 6 7 .

296 1169 69 40 “A
399 1170 146 40 select
578 1170 83 40 list
696 1171 51 39 of
781 1171 147 39 books
964 1182 58 28 on
1060 1170 150 40 world
1246 1168 188 48 history
1470 1170 78 39 for
1584 1169 116 48 high
1738 1170 213 40 schools”:
2016 1182 43 36 p.
2097 1171 114 40 1-10

224 1227 52 38 at
305 1228 103 37 end.

228 1293 50 50 ©
307 1297 125 39 June
459 1297 67 40 23.
554 1297 138 41 1934;
722 1298 65 39 2c.
817 1298 115 47 July
960 1298 50 39 5:
1041 1297 80 40 aff.
1152 1298 113 46 July
1292 1296 82 47 20;
1404 1298 41 37 A
1472 1297 168 46 73549;
1673 1299 273 40 Minnesota
1974 1301 111 37 loan
2115 1301 94 39 and

299 1356 128 37 trust
453 1364 51 29 co.,
563 1356 225 38 executor
817 1355 50 39 of
894 1354 159 40 Willis
1082 1354 168 39 Mason
1279 1355 147 46 West,
1458 1354 335 48 Minneapolis.

305 1411 276 46 (34-20761)

219 1511 214 66 White,
470 1515 212 52 Frank.
721 1514 321 53 1856-1927.

349 1591 1859 68 … White on corporations … Bender ed. Supplement,
222 1670 1983 66 1930-1934, to General index … Albany, N. Y. and New
220 1747 179 59 York,
429 1749 68 52 N.
530 1750 89 52 Y.,
649 1748 276 52 Matthew
957 1748 223 52 Bender
1211 1752 44 48 &
1286 1766 295 48 company,
1609 1749 416 65 incorporated,
2058 1753 147 48 1934.

293 1821 58 40 38
379 1832 41 36 p.
480 1821 52 39 23½
567 1823 14 21 cm.

293 1879 63 37 At
385 1879 123 38 head
536 1877 52 40 of
615 1877 108 40 title:
780 1877 124 40 1934.

298 1935 116 38 This
439 1935 247 46 pamphlet
708 1934 40 39 is
773 1936 47 37 to
845 1934 59 39 be
924 1933 136 40 fitted
1085 1933 101 40 into
1212 1934 80 39 the
1317 1933 171 48 pocket
1513 1936 51 37 at
1589 1934 80 39 the
1694 1934 121 39 back
1839 1934 52 40 of
1915 1935 79 38 the
2020 1934 189 40 volume

224 1991 49 39 of
299 1992 80 39 the
405 1994 72 37 set
503 1994 48 36 to
576 1990 156 40 which
759 1991 39 39 it
823 1992 207 45 belongs.

226 2059 1981 50 © Aug. 3. 1934; 2c. and aff. Aug. 6: A 73768; Matthew Bender & co., inc.
350 2221 1858 67 … White on corporations … Bender ed. Supplements,
222 2298 1985 68 1930-1934. (By Samuel W. Eager) to v. 1-8 … Albany,
220 2377 67 52 N.
332 2380 70 51 Y.
448 2378 110 51 and
600 2378 138 51 New
779 2376 179 56 York,
1000 2377 68 51 N.
1111 2378 89 52 Y.,
1241 2377 278 51 Matthew
1561 2377 224 52 Bender
1826 2379 45 48 &
1912 2395 294 48 company,

216 2454 418 68 incorporated,
669 2457 148 49 1934.

293 2528 26 39 8
346 2540 41 26 v.
444 2528 54 38 23½
533 2531 43 20 cm
582 2560 7 7 .

292 2586 64 38 At
381 2586 124 38 head
533 2585 51 39 of
615 2584 107 40 title:
780 2583 126 40 1934.

294 2643 153 38 These
477 2642 272 46 pamphlets
780 2650 82 29 are
895 2642 47 37 to
971 2641 55 38 be
1058 2639 137 40 fitted
1226 2640 100 40 into
1360 2641 82 39 the
1470 2640 198 47 pockets
1700 2643 50 37 at
1783 2641 80 39 the
1893 2640 121 39 back
2046 2639 50 40 of
2127 2641 80 38 the

221 2700 215 38 volumes
466 2698 50 39 of
542 2699 80 38 the
651 2700 72 37 set
752 2699 46 37 to
826 2696 158 39 which
1013 2697 113 46 they
1153 2696 181 48 belong.

226 2764 1984 51 © Aug. 3. 1934; 2c. each and aff. Aug. 6; A 73768; Matthew Bender &
293 2835 51 29 co.,
401 2825 88 39 inc.

350 2923 1856 67 … White on corporations … Bender ed. Supplement,
221 3005 149 49 1934.
458 3003 117 66 (By
619 3002 228 54 Samuel
885 3003 88 52 W.
1014 3001 214 67 Eager)
1279 3006 58 49 to
1378 3020 49 32 v.
1472 3005 44 47 9.
1595 3001 316 67 Corporate
1947 3000 255 52 taxation

280 3078 1927 68 … Albany, N. Y. and New York, N. Y., Matthew Bender &
217 3176 294 49 company,
543 3156 415 67 incorporated,
994 3160 147 49 1934.

291 3232 59 38 12
373 3242 42 37 p.
473 3231 54 40 23½
561 3233 45 21 cm
610 3262 7 8 .

290 3289 66 38 At
382 3289 122 38 head
534 3287 51 39 of
612 3287 133 39 title:
895 3317 7 7 1934.

293 3345 115 39 This
431 3344 246 47 pamphlet
700 3342 41 39 is
768 3345 46 36 to
838 3343 56 38 be
918 3341 138 39 fitted
1080 3341 100 39 into
1206 3342 80 39 the
1312 3342 170 47 pocket
1508 3344 51 37 at
1584 3343 83 39 the
1690 3342 121 39 back
1836 3342 51 39 of
1911 3342 83 39 the
2016 3341 189 40 volume

221 3401 50 38 of
297 3402 80 39 the
402 3403 72 38 set
502 3402 47 38 to
575 3399 157 38 which
759 3399 37 38 it
825 3399 208 46 belongs.

225 3466 1966 51 © Aug. 3, 1934; 2c. and aff. Aug. 6: A 73768; Matthew Bender & co., inc.
221 3585 255 68 [Wilson,
511 3587 221 52 Robert
767 3585 260 65 McNair]
1070 3587 169 50 1882-

286 3666 188 51 Death
517 3664 63 51 of
622 3682 29 32 a
694 3662 212 52 banker
954 3662 107 66 [by]
1108 3664 275 65 Anthony
1425 3665 226 64 Wynne
1718 3681 132 49 [pseud.
1915 3695 11 32 ]
218 3661 1957 147 Philadelphia
480 3741 109 52 and
619 3741 256 51 London.
904 3743 53 50 J.
990 3742 66 50 B.
1086 3740 338 67 Lippincott
1451 3759 277 49 company
1764 3744 190 61 [c1934]

290 3816 84 39 312
401 3826 43 36 p.
501 3814 54 40 19½
588 3817 43 20 cm
638 3847 6 7 .

223 3881 1872 51 © July 16, 1934; 2c. and aff. July 21; A 73573: J. B. Lippincott co.
304 3940 277 49 (34-20570)
