2350 4196
1150 4046 97 44 271

240 480 294 42 Cover-title.

244 539 154 37 These
428 536 273 48 pamphlets
733 545 83 29 are
848 536 48 37 to
927 534 55 38 be
1012 533 140 40 fitted
1182 533 102 40 into
1316 534 81 40 the
1428 535 195 47 pockets
1656 537 50 37 at
1739 535 80 39 the
1851 535 120 38 back
2002 534 52 40 of
2086 535 82 39 the

171 596 214 38 volumes
412 593 51 40 of
489 594 83 38 the
597 595 73 36 set
697 594 48 37 to
773 590 158 39 which
959 590 114 47 they
1100 590 182 47 belong.

174 648 50 51 ©
255 652 109 39 Feb.
391 650 68 42 28,
488 648 113 40 1984;
657 648 67 39 2c.
752 648 118 39 each
897 648 122 37 Mar.
1047 646 81 46 19;
1160 646 80 39 aff.
1270 648 120 38 Mar.
1418 648 81 45 21;
1531 647 40 39 A
1626 647 141 45 69925;
1799 649 135 39 West
1962 647 107 48 pub.
2097 658 68 30 co.

176 737 212 67 [Stout,
416 736 138 53 Mrs.
584 734 187 55 Marie
802 732 170 54 Carol
1004 731 314 70 (Tismer)]
1354 738 170 49 1889-

239 815 290 66 Mourner,
557 832 154 35 come
736 823 57 43 to
820 832 96 48 my
942 812 210 68 bosom,
1179 813 75 66 by
1285 813 170 55 Carol
1484 813 227 67 Tis’ney
1763 814 191 66 [pseud.]
2055 815 111 51 Los

170 893 264 69 Angeles,
464 894 87 51 De
580 893 176 53 Vorss
786 894 49 49 &
867 910 77 35 co.
983 894 171 64 [1933]

245 964 585 50 3 p. l., 9-125 p. 17 cm .
248 1022 161 40 “First
436 1021 197 41 edition.
694 1020 116 41 1000
836 1019 203 49 copies.”

176 1077 52 51 ©
259 1081 111 39 Dec.
401 1081 39 46 1,
472 1078 113 41 1933;
645 1079 65 39 2c.
745 1079 95 38 and
872 1077 82 41 aff.
987 1078 109 39 Dec.
1131 1077 80 46 20;
1246 1077 40 38 A
1318 1076 169 47 67625;
1524 1077 155 40 Marie
1711 1078 143 40 Carol
1890 1078 153 46 Stout,
2078 1078 91 40 Los

247 1138 217 47 Angeles.
537 1135 251 48 (34-1330)

176 1225 266 66 Strayer,
475 1225 227 63 George
735 1225 289 63 Drayton,
1059 1223 168 53 1876-

244 1292 1926 78 Strayer-Upton practical arithmetics … by George Drayton
173 1379 1970 146 Strayer … and Clifford Brewster Upton … New York, Cincinnati [etc.] American book company [ c 1934]
247 1532 25 39 3
307 1541 43 30 v.
411 1530 142 48 illus.,
588 1530 179 48 diagrs.
829 1529 57 41 19
887 1532 44 21 cm
937 1563 7 8 .

249 1587 326 42 “Three-book
606 1585 194 42 series.”

254 1645 148 39 Table
433 1654 59 30 on
519 1644 324 47 lining-paper
869 1643 52 39 of
946 1643 147 40 books
1121 1643 25 38 2
1173 1643 96 40 and
1297 1642 39 41 3.

250 1699 187 42 “Based
468 1712 60 28 on
560 1700 384 48 Strayer-Upton
973 1698 348 42 arithmetics.”

180 1760 75 38 1st
288 1759 89 46 bk.,
416 1754 51 52 ©
503 1758 110 40 Feb.
649 1759 69 45 21,
755 1757 114 40 1934;
933 1758 67 39 2c.
1038 1758 120 38 Mar.
1193 1758 54 45 2;
1286 1757 80 39 aff.
1405 1758 121 39 Mar.
1563 1757 51 46 5;
1653 1759 57 38 2d
1747 1758 88 47 bk.,
1874 1754 51 52 ©
1964 1760 120 38 Mar.
2120 1759 52 46 1;

253 1816 65 39 2c.
350 1817 95 38 and
476 1815 82 39 aff.
591 1816 121 38 Mar.
744 1816 52 44 7;
828 1815 60 39 3d
921 1815 89 45 bk.,
1045 1809 55 52 ©
1129 1815 121 38 Mar.
1281 1815 53 45 3;
1368 1815 65 38 2c.
1467 1816 94 38 and
1594 1814 81 41 aff.
1708 1816 119 38 Mar.
1861 1814 51 47 8;
1947 1816 40 38 A
2019 1814 156 49 69770,

251 1872 157 48 70498,
437 1872 171 46 70545;
642 1871 52 41 G.
724 1872 56 38 D.
814 1871 202 47 Strayer
1045 1872 96 38 and
1171 1870 204 41 Clifford
1404 1872 53 39 B.
1491 1872 172 47 Upton,
1695 1872 115 39 New
1840 1871 143 41 York.

262 1929 250 48 (34-5432)

252 2015 310 65 Struggle;
599 2016 317 53 translated
953 2016 154 52 from
1140 2017 96 52 the
1273 2018 294 66 Yugoslav
1602 2018 74 67 by
1710 2018 173 54 Louis
1917 2018 261 66 Adamic,

184 2094 135 53 with
367 2113 30 34 a
447 2095 231 67 preface
724 2095 75 67 by
847 2096 95 51 the
989 2095 327 53 translator.
1392 2097 111 51 Los
1550 2097 265 66 Angeles,
1863 2096 193 67 Calif.,
2103 2097 70 52 A.

181 2173 291 67 Whipple,
505 2177 150 50 1934.

254 2245 70 49 41,
356 2245 54 50 [8]
441 2256 42 38 p.
544 2245 128 40 illus.
734 2244 56 41 19
792 2247 44 22 cm
841 2277 9 10 .

258 2301 86 41 “In
379 2303 83 39 the
491 2302 254 48 following
777 2313 146 38 pages
957 2303 23 39 I
1015 2302 107 48 give
1155 2302 81 40 the
1266 2301 253 41 narrative
1554 2302 51 39 of
1637 2313 28 29 a
1701 2313 159 37 young
1893 2303 287 40 communist

189 2358 1991 49 I encountered in Dalmatia … For the truth of the story as the boy
188 2418 150 37 wrote
367 2416 40 39 it
435 2416 23 39 I
486 2416 155 40 vouch
671 2416 49 39 in
749 2426 144 37 every
922 2415 165 41 detail.
1149 2416 59 39 In
1235 2416 294 40 translation
1558 2417 22 38 I
1610 2417 214 46 changed
1854 2416 38 40 it
1921 2417 110 46 only
187 2416 1977 95 insofar
295 2482 53 30 as
376 2482 257 37 necessary
661 2475 49 37 to
737 2472 112 40 hide
877 2473 80 39 the
984 2472 217 40 author’s
1227 2472 208 48 identity
1462 2473 95 39 and
1583 2472 49 40 in
1659 2473 141 39 order
1824 2476 85 36 not
1939 2475 47 37 to
2014 2474 167 45 betray

189 2528 238 49 anything
464 2530 261 39 connected
763 2529 121 40 with
922 2530 82 39 the
1042 2529 134 40 work
1213 2529 52 40 of
1300 2532 82 38 the
1421 2528 303 42 Communist
1760 2532 142 45 party
1943 2530 50 39 of
189 2530 1975 95 Yugoslavia
370 2589 85 37 not
478 2586 202 48 already
706 2586 175 40 known
908 2589 49 37 to
983 2587 81 39 the
1091 2585 402 49 police.”—Pref.,
1521 2597 42 37 p.
1590 2586 69 40 10.

190 2638 52 52 ©
267 2643 111 40 Feb.
403 2643 68 47 15,
497 2643 140 46 1934;
666 2644 65 39 2c.
760 2645 95 38 and
880 2644 80 39 aff.
989 2645 122 39 Mar.
1138 2644 51 45 6;
1216 2645 40 38 A
1283 2644 169 46 69721;
1482 2644 146 39 Louis
1655 2643 214 46 Adamic,
1897 2644 116 39 New
2039 2641 144 42 York.

271 2700 251 48 (34-5800)

188 2790 230 64 Stuart,
444 2793 137 51 Mrs.
613 2792 149 52 Esta
788 2793 171 54 Ross.

259 2866 1926 70 Teacher’s manual for Stuart typing; complete, books I and II,
192 2942 1991 72 by Esta Ross Stuart … Boston, New York [etc.] D. C. Heath
193 3022 112 53 and
332 3039 271 53 company
643 3057 13 35 [
658 3030 21 22 c
683 3025 153 67 1934]

261 3093 533 49 1 p. l., 91 p. 21½ cm .
196 3149 51 51 ©
283 3154 109 41 Feb.
429 3157 37 44 7,
501 3155 114 40 1934;
678 3156 66 39 2c.
781 3157 121 39 Mar.
937 3157 52 46 2;
1027 3157 80 39 aff.
1145 3158 120 38 Mar.
1301 3157 51 46 5;
1390 3157 40 38 A
1466 3157 168 46 70477;
1673 3158 51 39 E.
1762 3157 53 39 R,
1855 3157 182 47 Stuart,
2073 3157 116 38 New

266 3211 142 39 York.
481 3212 251 47 (34-5447)

189 3284 434 64 Susquehanna
649 3304 307 48 company.

192 3362 2000 228 … The Susquehannah company papers. Volume IV. 1770-1772. Edited by Julian P. Boyd. Editorial advisory committee: Charles M. Andrews … N. S. B. Gras … St. George
191 3594 1976 149 L. Sioussat … Wilkes-Barré, Pa., Wyoming historical & geological society, 1933.
270 3759 76 34 xv,
383 3748 172 43 xxxvii
589 3760 55 36 p..
682 3751 24 37 1
764 3781 22 15 l.,
824 3751 83 39 392
945 3763 56 36 p.,
1039 3753 24 37 1
1121 3782 7 7 l.
1167 3752 108 40 incl.
1310 3752 136 39 front.
1526 3754 147 45 ports.
1737 3751 55 39 23½
1827 3752 42 20 cm
1874 3781 7 7 .
1959 3749 236 48 (Sheldon

202 3804 242 46 Reynolds
477 3805 254 40 memorial
759 3807 350 48 publications)

275 3861 139 46 Maps
444 3872 59 28 on
532 3861 362 50 lining-papers.

205 3910 51 52 ©
287 3916 110 41 Feb.
426 3917 69 48 20,
527 3917 139 48 1934;
699 3919 67 40 2c.
797 3921 121 39 Mar.
949 3921 82 46 10;
1065 3920 81 40 aff.
1179 3922 118 38 Mar.
1330 3921 81 47 12;
1446 3921 43 40 A
1516 3920 169 45 70593;
1719 3920 255 47 Wyoming
272 3919 1905 93 historical
373 3973 36 39 &
434 3974 263 48 geological
725 3975 196 49 society.
