2350 4196
1192 4020 99 49 104

300 462 616 48 3 p. l., 3-299 p. 19½ cm .
235 521 1986 50 © Feb. 2, 1934; 2c. Feb. 8; aff. Feb. 9; A 69362; E. B. Maim, Sarasota,
301 582 100 38 Fla.
474 580 249 48 (34-2224)

234 685 223 63 Marsh,
487 685 220 54 Robert
735 685 239 56 Renick.

305 759 268 55 Sketches
599 759 64 53 of
687 761 158 52 those
872 761 125 52 who
1024 762 141 67 love,
1190 762 126 52 who
1343 759 190 69 suffer,
1560 761 126 52 who
1712 779 175 50 serve,
1909 761 76 69 by
2012 759 214 55 Robert

233 837 217 53 Renick
477 837 215 53 Marsh.
760 837 116 55 San
907 839 202 68 Diego,
1143 838 193 68 Calif.,
1370 841 149 50 1933.

301 913 770 48 3 p. l., &-110 p. illus. 26cm.
330 970 133 39 "First
495 969 225 40 edition.”

307 1028 177 38 Errata
513 1026 92 48 slip
633 1028 226 38 mounted
890 1037 59 29 on
977 1027 57 40 3d
1064 1026 170 48 prelim.
1277 1026 113 40 leaf.

301 1083 183 39 Poems.

239 1136 50 51 ©
317 1140 99 40 Oct.
442 1141 69 40 21.
536 1139 111 40 1933;
702 1140 65 39 2c.
795 1140 107 39 Jan.
929 1139 67 42 19.
1024 1139 113 40 1934;
1191 1138 78 39 aff.
1299 1139 107 38 Jan.
1432 1138 55 39 20;
1543 1138 41 38 A
1638 1136 111 41 68933;
1806 1138 182 39 Robert
2012 1137 211 39 Howard

304 1197 255 40 Williams.
599 1199 96 38 San
730 1196 163 48 Diego,
932 1195 142 41 Calif.
1147 1196 247 47 (34-2175)

239 1298 308 65 Mathews,
576 1300 161 52 Basil
768 1301 236 63 Joseph,
1038 1300 170 52 1879-

305 1372 1922 72 John R. Mott, world citizen, by Basil Mathews … New York
241 1453 111 52 and
379 1453 255 67 London,
660 1454 229 66 Harper
917 1455 44 49 &
986 1453 272 66 brothers,
1286 1455 146 49 1934.

307 1524 101 48 xiii,
436 1524 87 40 469
548 1535 41 37 p.
646 1526 162 46 front.,
836 1526 169 47 plates,
1035 1526 160 48 ports.,
1226 1525 214 41 facsims.
1497 1526 55 38 22
1556 1528 43 21 cm
1605 1558 7 7 .

308 1583 139 47 Maps
473 1592 59 28 on
560 1581 361 48 lining-papers.

309 1639 160 40 “First
502 1639 226 40 edition.”

312 1696 289 40 “Published
627 1697 158 39 works
812 1697 50 38 of
889 1696 127 40 John
1045 1697 54 39 R.
1127 1695 151 41 Mott”:
1336 1707 42 37 p.
1407 1696 216 41 455-461.

243 1754 50 51 ©
324 1759 107 38 Jan.
461 1758 68 39 17.
557 1757 114 39 1934;
728 1757 64 39 2c.
823 1758 93 37 and
946 1756 80 39 aff.
1057 1757 108 38 Jan.
1194 1755 53 39 19;
1306 1757 40 37 A
1375 1755 142 40 68932;
1576 1756 193 47 Harper
1798 1757 34 39 &
1862 1757 122 39 bros.

318 1814 248 49 (34-2163)

245 1916 335 65 Matthews,
611 1919 166 52 Isaac
808 1917 243 63 George,
1086 1917 168 52 1871-

316 1991 1853 70 Old Testament life and literature, by I. G. Matthews …
245 2071 134 52 New
415 2072 101 64 ed.,
552 2089 110 33 rev.
730 2070 135 51 New
907 2070 177 67 York,
1120 2071 118 53 The
1274 2071 332 53 Macmillan
1644 2088 294 50 company,
1978 2073 148 49 1934.

311 2153 75 34 xv,
415 2143 85 40 358
528 2154 42 36 p.
627 2143 163 45 front.,
821 2153 136 37 maps
985 2143 134 47 (part
1147 2144 142 47 fold.)
1327 2145 152 47 plans.
1541 2143 54 40 19½
1628 2146 42 21 cm
1677 2174 8 9 .

314 2200 395 48 “Chronological
742 2200 166 40 chart”:
974 2211 39 37 p.
1049 2200 216 41 322-337.

314 2258 245 40 “Selected
585 2257 147 40 books
759 2258 50 38 of
837 2256 272 41 reference”:
1168 2267 41 37 p.
1235 2256 216 42 339-340.

246 2315 50 51 ©
328 2320 108 38 Jan.
466 2319 67 39 23.
565 2317 113 40 1934;
737 2318 65 38 2c.
836 2319 93 37 and
961 2329 78 26 aff.
1073 2317 106 39 Jan.
1211 2317 55 38 24;
1326 2318 39 39 A
1397 2317 140 39 69181;
1600 2317 279 40 Macmillan
1912 2328 64 29 co.

321 2375 248 48 (34-2166)

245 2478 232 64 Morris,
508 2479 97 51 Ira
633 2477 222 55 Victor.

314 2554 284 67 Covering
637 2559 112 46 two
789 2572 179 49 years,
1008 2555 72 66 by
1121 2555 46 50 I.
1210 2556 67 51 V.
1317 2555 226 51 Morris.
1620 2556 138 51 New
1798 2555 177 67 York,
2015 2556 220 66 Reynal

241 2631 760 67 & Hitchcock, inc. [ c 1933]
249 2704 50 51 ©
337 2709 110 38 Dec.
483 2707 37 40 9.
557 2706 112 40 1933;
735 2707 65 38 2c.
837 2707 109 38 Dec.
985 2707 24 38 9;
1076 2706 79 39 aff.
1194 2707 108 38 Feb.
1340 2707 38 41 2.
1416 2706 114 40 1934;
1595 2708 40 37 A
1671 2707 143 39 70117;
1881 2707 34 38 I.
1953 2707 53 39 V.
2045 2705 191 47 Morris,

360 2765 135 39 Nesles.
524 2774 86 37 par
641 2764 127 38 Rozoy
829 2775 56 27 en
915 2763 128 41 Brie.
1076 2763 410 40 Seine-et-Marne.
1518 2764 198 40 France.

324 2821 248 47 (34-2035)

250 2911 271 63 Murphy,
553 2912 252 52 Edward
834 2910 262 64 Francis,
1130 2913 169 50 1892-

318 2985 1856 69 New psychology and old religion, by Edward F. Murphy …
250 3063 1982 69 foreword by Rev. Fulton J. Sheen … New York, Cincinnati
252 3149 136 61 [etc.]
423 3140 278 62 Benziger
731 3141 272 67 brothers,
1036 3144 147 49 1933.

317 3213 101 47 xiii,
451 3213 84 40 265
568 3224 28 36 p.
668 3213 54 38 22½
756 3215 43 20 cm
805 3244 7 7 .

251 3271 50 50 ©
374 3285 70 29 Nov.
470 3275 68 38 24.
566 3273 111 39 1933;
733 3273 66 38 2c.
827 3274 109 38 Dec.
964 3273 54 38 22;
1076 3273 79 39 aff.
1184 3273 107 39 Jan.
1319 3274 68 38 12.
1415 3273 113 40 1934;
1586 3276 40 37 A
1652 3275 143 39 67956;
1851 3275 235 46 Benziger
2112 3276 109 37 bros.

327 3331 248 47 (34-2165)

252 3422 277 52 National
562 3422 344 52 conference
939 3438 71 35 on
1045 3422 101 51 the
1177 3422 250 52 relation
1460 3423 62 53 of
1553 3424 110 52 law
1695 3425 114 51 and
1839 3423 291 53 business.

320 3496 245 54 Current
591 3496 283 67 problems
902 3497 58 51 in
989 3496 191 68 public
1206 3496 217 54 finance;
1479 3499 238 53 lectures
1743 3498 286 54 delivered
2057 3506 59 44 at
2142 3497 97 53 the

252 3574 270 52 National
554 3573 328 52 conference
915 3592 69 33 on
1018 3574 94 52 the
1145 3573 241 53 relation
1419 3574 63 53 of
1515 3576 109 52 law
1659 3577 113 52 and
1802 3575 272 69 business,
2105 3575 133 52 held

253 3652 177 51 under
468 3652 94 52 the
604 3651 252 67 auspices
897 3650 63 53 of
999 3652 94 51 the
1136 3650 203 55 School
1381 3651 64 52 of
1486 3653 108 52 law
1637 3654 114 52 and
1791 3654 95 52 the
1930 3652 204 56 School
2175 3649 64 54 of

250 3746 321 50 commerce,
607 3733 261 47 accounts
905 3729 111 51 and
1053 3728 233 67 finance,
1322 3729 138 52 New
1497 3730 164 52 York
1694 3730 333 69 university.
2099 3729 139 53 New

252 3806 116 52 leaf
397 3807 208 52 service
637 3806 244 52 division
915 3805 62 53 of
1008 3806 93 51 the
1135 3805 380 68 Corporation
1545 3812 150 49 trust
1725 3825 279 52 company
2041 3840 13 34 [
2059 3813 18 22 c
2082 3808 151 63 1933]

255 3883 175 67 York,
480 3883 250 67 Chicago
785 3888 135 60 [etc.]
978 3882 321 54 Commerce
1349 3883 252 70 clearing
1648 3885 190 68 house,
1889 3885 124 67 inc.,
2060 3884 179 53 Loose

322 3956 97 48 viii,
451 3957 83 40 391
565 3966 42 38 p.
668 3956 151 46 diagr.
879 3955 55 40 25½
967 3957 43 22 cm
1015 3986 8 9 .
