<alto xmlns="http://www.loc.gov/standards/alto/ns-v3#" xmlns:xlink="http://www.w3.org/1999/xlink" xmlns:xsi="http://www.w3.org/2001/XMLSchema-instance" xsi:schemaLocation="http://www.loc.gov/standards/alto/ns-v3# http://www.loc.gov/alto/v3/alto-3-0.xsd"><Description>
<MeasurementUnit>pixel</MeasurementUnit>
<sourceImageInformation>
<fileName>1934_v1_Part1.pdf</fileName>
</sourceImageInformation>
<OCRProcessing ID="IdOcr">
<ocrProcessingStep>
<processingDateTime>2019-01-10</processingDateTime>
<processingSoftware>
<softwareCreator>ABBYY</softwareCreator>
<softwareName>ABBYY Recognition Server</softwareName>
<softwareVersion>4.0</softwareVersion>
</processingSoftware>
</ocrProcessingStep>
</OCRProcessing>
</Description>
<Styles>
<ParagraphStyle ID="StyleId-FFFFFFFF-FFFF-FFFF-FFFF-FFFFFFFFFFFF-" ALIGN="Left" LEFT="0." RIGHT="0." FIRSTLINE="0."/>
<ParagraphStyle ID="StyleId-521E1FC6-FE7E-43A4-90E6-A9B61626A263-" ALIGN="Right" LEFT="0." RIGHT="0." FIRSTLINE="0." LINESPACE="13.30000019"/>
<ParagraphStyle ID="StyleId-639B624E-F6F5-47B6-BB1D-34E64B53022F-" ALIGN="Left" LEFT="0." RIGHT="0." FIRSTLINE="-27." LINESPACE="13.43999958"/>
<ParagraphStyle ID="StyleId-100905F9-D385-406B-A5BD-ED5B8FD85431-" ALIGN="Left" LEFT="0." RIGHT="0." FIRSTLINE="0."/>
<ParagraphStyle ID="StyleId-7C9F9BA2-EF3A-4B7F-8486-CCC7B7F49B39-" ALIGN="Left" LEFT="0." RIGHT="0." FIRSTLINE="-27." LINESPACE="18.71999931"/>
<ParagraphStyle ID="StyleId-350780E3-60F2-4605-88F5-BB54F9B87091-" ALIGN="Block" LEFT="0." RIGHT="0." FIRSTLINE="-27." LINESPACE="18.71999931"/>
<ParagraphStyle ID="StyleId-90B16C58-D795-4C77-9B89-30378C515D40-" ALIGN="Left" LEFT="0." RIGHT="0." FIRSTLINE="0." LINESPACE="14.39999962"/>
<ParagraphStyle ID="StyleId-17090E09-AFAF-4086-BD9B-4E99FAE6B057-" ALIGN="Right" LEFT="0." RIGHT="0." FIRSTLINE="-27." LINESPACE="14.39999962"/>
<ParagraphStyle ID="StyleId-8B87B633-89DB-4D72-B1FC-26E4ABD680BC-" ALIGN="Left" LEFT="0." RIGHT="0." FIRSTLINE="-27." LINESPACE="18.47999954"/>
<ParagraphStyle ID="StyleId-42DA7417-CA90-4D71-A57B-06556C38D752-" ALIGN="Left" LEFT="0." RIGHT="0." FIRSTLINE="0." LINESPACE="13.30000019"/>
<ParagraphStyle ID="StyleId-D8EE2A7E-42AE-4E35-98DB-F0F935637AA0-" ALIGN="Block" LEFT="0." RIGHT="0." FIRSTLINE="0." LINESPACE="6.599999905"/>
<ParagraphStyle ID="StyleId-33CD3121-D4F5-43B6-BA96-6382D166E6B8-" ALIGN="Left" LEFT="0." RIGHT="0." FIRSTLINE="0." LINESPACE="15.5"/>
<ParagraphStyle ID="StyleId-1CE52AFA-C319-4DD9-B4B1-F0EBFA2B3F0B-" ALIGN="Block" LEFT="0." RIGHT="0." FIRSTLINE="-21." LINESPACE="18.71999931"/>
<ParagraphStyle ID="StyleId-B74F1B65-92F1-49C5-A5FA-D20442F031F2-" ALIGN="Left" LEFT="0." RIGHT="0." FIRSTLINE="0." LINESPACE="17.70006076"/>
<ParagraphStyle ID="StyleId-79E2924A-215C-40B7-B577-7236BFBAA25E-" ALIGN="Center" LEFT="0." RIGHT="0." FIRSTLINE="0." LINESPACE="7.199999809"/>
</Styles>
<Layout>
<Page ID="Page776" PHYSICAL_IMG_NR="776" HEIGHT="4196" WIDTH="2350">
<TopMargin HEIGHT="382" WIDTH="2350" VPOS="0" HPOS="0">
</TopMargin>
<LeftMargin HEIGHT="3733" WIDTH="198" VPOS="382" HPOS="0">
</LeftMargin>
<RightMargin HEIGHT="3733" WIDTH="147" VPOS="382" HPOS="2203">
</RightMargin>
<BottomMargin HEIGHT="81" WIDTH="2350" VPOS="4115" HPOS="0">
</BottomMargin>
<PrintSpace HEIGHT="3733" WIDTH="2005" VPOS="382" HPOS="198">
<TextBlock ID="Page776_Block1" HEIGHT="129" WIDTH="158" VPOS="3986" HPOS="1135" LANG="en-US" STYLEREFS="StyleId-76BEF879-D4C5-4F98-8BE1-2749F068F15F-">
<TextLine HEIGHT="54" WIDTH="95" VPOS="3999" HPOS="1147">
<String CONTENT="776" HEIGHT="54" WIDTH="95" VPOS="3999" HPOS="1147"/>
</TextLine>
</TextBlock>
<TextBlock ID="Page776_Block2" HEIGHT="3608" WIDTH="2005" VPOS="382" HPOS="198" LANG="en-US" CS="1" STYLEREFS="StyleId-7207C911-5579-4749-89A9-252013D5AD7A-">
<Shape>
<Polygon POINTS="198,382 2203,382 2203,3933 1125,3933 1125,3990 198,3990 198,382"/>
</Shape>
<TextLine HEIGHT="64" WIDTH="1271" VPOS="388" HPOS="208" STYLEREFS="StyleId-91D05853-21DF-4451-8A54-CB0EC79670E3-">
<String CONTENT="Snowden," HEIGHT="53" WIDTH="303" VPOS="389" HPOS="208"/>
<SP HEIGHT="52" WIDTH="27" VPOS="390" HPOS="512"/>
<String CONTENT="Philip" HEIGHT="64" WIDTH="191" VPOS="388" HPOS="540"/>
<SP HEIGHT="61" WIDTH="28" VPOS="391" HPOS="732"/>
<String CONTENT="Snowden," HEIGHT="53" WIDTH="303" VPOS="391" HPOS="761"/>
<SP HEIGHT="47" WIDTH="27" VPOS="397" HPOS="1065"/>
<String CONTENT="1st" HEIGHT="47" WIDTH="85" VPOS="396" HPOS="1093"/>
<SP HEIGHT="47" WIDTH="33" VPOS="396" HPOS="1179"/>
<String CONTENT="viscount." HEIGHT="53" WIDTH="266" VPOS="390" HPOS="1213"/>
</TextLine>
<TextLine HEIGHT="68" WIDTH="915" VPOS="464" HPOS="276" STYLEREFS="StyleId-37231083-E637-4776-9EDA-406699488296-" CS="1">
<String CONTENT="My" HEIGHT="68" WIDTH="102" VPOS="464" HPOS="276"/>
<SP HEIGHT="66" WIDTH="31" VPOS="466" HPOS="379"/>
<String CONTENT="life." HEIGHT="53" WIDTH="120" VPOS="464" HPOS="411"/>
<SP HEIGHT="52" WIDTH="76" VPOS="465" HPOS="532"/>
<String CONTENT="7," HEIGHT="60" WIDTH="45" VPOS="465" HPOS="609"/>
<SP HEIGHT="55" WIDTH="34" VPOS="470" HPOS="655"/>
<String CONTENT="8." HEIGHT="47" WIDTH="44" VPOS="470" HPOS="690"/>
<SP HEIGHT="32" WIDTH="80" VPOS="500" HPOS="735"/>
<String CONTENT="[Conclusion]" HEIGHT="67" WIDTH="375" VPOS="465" HPOS="816"/>
</TextLine>
<TextLine HEIGHT="53" WIDTH="1022" VPOS="534" HPOS="294" STYLEREFS="StyleId-37231083-E637-4776-9EDA-406699488296-" CS="1">
<String CS="1" CONTENT="(In" HEIGHT="47" WIDTH="48" VPOS="539" HPOS="294"/>
<SP HEIGHT="43" WIDTH="22" VPOS="534" HPOS="378"/>
<String CONTENT="John" HEIGHT="42" WIDTH="127" VPOS="535" HPOS="401"/>
<SP HEIGHT="41" WIDTH="26" VPOS="536" HPOS="529"/>
<String CONTENT="Bull," HEIGHT="51" WIDTH="124" VPOS="535" HPOS="556"/>
<SP HEIGHT="49" WIDTH="28" VPOS="537" HPOS="681"/>
<String CONTENT="May" HEIGHT="50" WIDTH="115" VPOS="537" HPOS="710"/>
<SP HEIGHT="49" WIDTH="27" VPOS="538" HPOS="826"/>
<String CONTENT="28," HEIGHT="49" WIDTH="70" VPOS="538" HPOS="854"/>
<SP HEIGHT="50" WIDTH="23" VPOS="537" HPOS="925"/>
<String CONTENT="June" HEIGHT="42" WIDTH="127" VPOS="537" HPOS="949"/>
<SP HEIGHT="40" WIDTH="27" VPOS="539" HPOS="1077"/>
<String CONTENT="2," HEIGHT="48" WIDTH="39" VPOS="539" HPOS="1105"/>
<SP HEIGHT="49" WIDTH="29" VPOS="538" HPOS="1145"/>
<String CONTENT="1934)" HEIGHT="48" WIDTH="141" VPOS="538" HPOS="1175"/>
</TextLine>
<TextLine HEIGHT="53" WIDTH="1981" VPOS="606" HPOS="216" CS="1">
<String CONTENT="&#169;" HEIGHT="50" WIDTH="50" VPOS="606" HPOS="216"/>
<SP HEIGHT="50" WIDTH="34" VPOS="606" HPOS="267"/>
<String CS="1" CONTENT="1c." HEIGHT="28" WIDTH="35" VPOS="621" HPOS="332"/>
<SP HEIGHT="28" WIDTH="35" VPOS="621" HPOS="368"/>
<String CONTENT="each" HEIGHT="38" WIDTH="116" VPOS="611" HPOS="404"/>
<SP HEIGHT="38" WIDTH="35" VPOS="611" HPOS="521"/>
<String CONTENT="July" HEIGHT="46" WIDTH="113" VPOS="611" HPOS="557"/>
<SP HEIGHT="46" WIDTH="33" VPOS="611" HPOS="671"/>
<String CONTENT="20," HEIGHT="46" WIDTH="67" VPOS="610" HPOS="705"/>
<SP HEIGHT="44" WIDTH="35" VPOS="612" HPOS="773"/>
<String CS="1" CONTENT="1934;" HEIGHT="39" WIDTH="113" VPOS="611" HPOS="809"/>
<SP HEIGHT="44" WIDTH="35" VPOS="611" HPOS="950"/>
<!-- cceid C1C3CB5E-6C64-1014-8713-889FF4349C01 --><String CONTENT="A" HEIGHT="38" WIDTH="40" VPOS="611" HPOS="986"/>
<SP HEIGHT="39" WIDTH="33" VPOS="611" HPOS="1027"/>
<String LANG="de" CONTENT="ad" HEIGHT="38" WIDTH="61" VPOS="612" HPOS="1061"/>
<SP HEIGHT="40" WIDTH="32" VPOS="610" HPOS="1123"/>
<String LANG="de" CONTENT="int." HEIGHT="40" WIDTH="85" VPOS="610" HPOS="1156"/>
<SP HEIGHT="39" WIDTH="35" VPOS="611" HPOS="1242"/>
<String CS="1" CONTENT="19172;" HEIGHT="39" WIDTH="142" VPOS="610" HPOS="1278"/>
<SP HEIGHT="37" WIDTH="38" VPOS="620" HPOS="1447"/>
<String CONTENT="pubd." HEIGHT="46" WIDTH="140" VPOS="611" HPOS="1486"/>
<SP HEIGHT="39" WIDTH="36" VPOS="612" HPOS="1627"/>
<String CONTENT="May" HEIGHT="46" WIDTH="112" VPOS="612" HPOS="1664"/>
<SP HEIGHT="46" WIDTH="34" VPOS="612" HPOS="1777"/>
<String CONTENT="24," HEIGHT="46" WIDTH="68" VPOS="612" HPOS="1812"/>
<SP HEIGHT="46" WIDTH="34" VPOS="612" HPOS="1881"/>
<String CONTENT="31;" HEIGHT="45" WIDTH="82" VPOS="612" HPOS="1916"/>
<SP HEIGHT="45" WIDTH="37" VPOS="612" HPOS="1999"/>
<String CONTENT="Philip" HEIGHT="49" WIDTH="160" VPOS="610" HPOS="2037"/>
</TextLine>
<TextLine HEIGHT="48" WIDTH="980" VPOS="666" HPOS="285">
<String CONTENT="Snowden." HEIGHT="40" WIDTH="247" VPOS="667" HPOS="285"/>
<SP HEIGHT="40" WIDTH="33" VPOS="667" HPOS="533"/>
<String CONTENT="Tilford," HEIGHT="47" WIDTH="202" VPOS="666" HPOS="567"/>
<SP HEIGHT="46" WIDTH="36" VPOS="667" HPOS="770"/>
<String CONTENT="Surrey," HEIGHT="47" WIDTH="190" VPOS="667" HPOS="807"/>
<SP HEIGHT="44" WIDTH="34" VPOS="669" HPOS="998"/>
<String CONTENT="England." HEIGHT="46" WIDTH="232" VPOS="668" HPOS="1033"/>
</TextLine>
<TextLine HEIGHT="64" WIDTH="1007" VPOS="785" HPOS="208" STYLEREFS="StyleId-91D05853-21DF-4451-8A54-CB0EC79670E3-">
<String CONTENT="Stern," HEIGHT="64" WIDTH="193" VPOS="785" HPOS="208"/>
<SP HEIGHT="64" WIDTH="31" VPOS="785" HPOS="402"/>
<String CONTENT="Bernhard" HEIGHT="53" WIDTH="307" VPOS="785" HPOS="434"/>
<SP HEIGHT="53" WIDTH="33" VPOS="785" HPOS="742"/>
<String CONTENT="Joseph," HEIGHT="64" WIDTH="235" VPOS="785" HPOS="776"/>
<SP HEIGHT="57" WIDTH="35" VPOS="791" HPOS="1012"/>
<String CONTENT="1894-" HEIGHT="50" WIDTH="167" VPOS="788" HPOS="1048"/>
</TextLine>
<TextLine HEIGHT="133" WIDTH="1977" VPOS="861" HPOS="212" STYLEREFS="StyleId-37231083-E637-4776-9EDA-406699488296-" CS="1">
<String CONTENT="The" HEIGHT="51" WIDTH="118" VPOS="863" HPOS="281"/>
<SP HEIGHT="49" WIDTH="24" VPOS="865" HPOS="400"/>
<String CONTENT="Lummi" HEIGHT="52" WIDTH="226" VPOS="863" HPOS="425"/>
<SP HEIGHT="52" WIDTH="27" VPOS="863" HPOS="652"/>
<String CONTENT="Indians" HEIGHT="53" WIDTH="238" VPOS="863" HPOS="680"/>
<SP HEIGHT="34" WIDTH="25" VPOS="882" HPOS="919"/>
<String CONTENT="of" HEIGHT="52" WIDTH="63" VPOS="863" HPOS="945"/>
<SP HEIGHT="51" WIDTH="22" VPOS="863" HPOS="1009"/>
<String CONTENT="northwest" HEIGHT="52" WIDTH="309" VPOS="863" HPOS="1032"/>
<SP HEIGHT="51" WIDTH="23" VPOS="864" HPOS="1342"/>
<String CONTENT="Washington," HEIGHT="68" WIDTH="398" VPOS="861" HPOS="1366"/>
<SP HEIGHT="65" WIDTH="25" VPOS="864" HPOS="1765"/>
<String CONTENT="by" HEIGHT="65" WIDTH="73" VPOS="864" HPOS="1791"/>
<SP HEIGHT="63" WIDTH="28" VPOS="866" HPOS="1865"/>
<String CONTENT="Bernhard" HEIGHT="52" WIDTH="295" VPOS="865" HPOS="1894"/>
<SP/>
<String CONTENT="J." HEIGHT="53" WIDTH="55" VPOS="939" HPOS="212"/>
<SP HEIGHT="55" WIDTH="33" VPOS="939" HPOS="268"/>
<String CONTENT="Stern." HEIGHT="55" WIDTH="183" VPOS="939" HPOS="302"/>
<SP HEIGHT="52" WIDTH="75" VPOS="941" HPOS="486"/>
<String CONTENT="New" HEIGHT="51" WIDTH="134" VPOS="941" HPOS="562"/>
</TextLine>
<TextLine HEIGHT="69" WIDTH="1234" VPOS="938" HPOS="730" STYLEREFS="StyleId-37231083-E637-4776-9EDA-406699488296-">
<String CONTENT="York," HEIGHT="66" WIDTH="178" VPOS="941" HPOS="730"/>
<SP HEIGHT="65" WIDTH="30" VPOS="942" HPOS="909"/>
<String CONTENT="Columbia" HEIGHT="55" WIDTH="296" VPOS="940" HPOS="940"/>
<SP HEIGHT="33" WIDTH="27" VPOS="959" HPOS="1237"/>
<String CONTENT="university" HEIGHT="68" WIDTH="316" VPOS="938" HPOS="1265"/>
<SP HEIGHT="48" WIDTH="29" VPOS="958" HPOS="1582"/>
<String CONTENT="press," HEIGHT="48" WIDTH="173" VPOS="958" HPOS="1612"/>
<SP HEIGHT="59" WIDTH="31" VPOS="947" HPOS="1786"/>
<String CONTENT="1934." HEIGHT="49" WIDTH="146" VPOS="945" HPOS="1818"/>
</TextLine>
<TextLine HEIGHT="96" WIDTH="1963" VPOS="1012" HPOS="215" CS="1">
<String CONTENT="127," HEIGHT="46" WIDTH="97" VPOS="1014" HPOS="285"/>
<SP HEIGHT="29" WIDTH="44" VPOS="1033" HPOS="383"/>
<String CONTENT="[1]" HEIGHT="47" WIDTH="53" VPOS="1015" HPOS="428"/>
<SP HEIGHT="38" WIDTH="42" VPOS="1024" HPOS="482"/>
<String CONTENT="p." HEIGHT="36" WIDTH="41" VPOS="1024" HPOS="525"/>
<SP HEIGHT="39" WIDTH="59" VPOS="1013" HPOS="567"/>
<String CONTENT="front.," HEIGHT="46" WIDTH="160" VPOS="1013" HPOS="627"/>
<SP HEIGHT="37" WIDTH="41" VPOS="1024" HPOS="788"/>
<String CONTENT="plates," HEIGHT="47" WIDTH="169" VPOS="1014" HPOS="830"/>
<SP HEIGHT="36" WIDTH="41" VPOS="1024" HPOS="1000"/>
<String CONTENT="map." HEIGHT="36" WIDTH="123" VPOS="1022" HPOS="1042"/>
<SP HEIGHT="40" WIDTH="58" VPOS="1012" HPOS="1166"/>
<String CONTENT="26" HEIGHT="39" WIDTH="54" VPOS="1012" HPOS="1225"/>
<String STYLE="superscript" CONTENT="cm" HEIGHT="21" WIDTH="43" VPOS="1014" HPOS="1283"/>
<String CONTENT="." HEIGHT="8" WIDTH="8" VPOS="1043" HPOS="1332"/>
<SP HEIGHT="29" WIDTH="62" VPOS="1031" HPOS="1341"/>
<String CONTENT="[Columbia" HEIGHT="48" WIDTH="264" VPOS="1012" HPOS="1404"/>
<SP HEIGHT="28" WIDTH="43" VPOS="1023" HPOS="1669"/>
<String CONTENT="university" HEIGHT="48" WIDTH="270" VPOS="1012" HPOS="1713"/>
<SP HEIGHT="36" WIDTH="39" VPOS="1024" HPOS="1984"/>
<String CONTENT="contributions" HEIGHT="93" WIDTH="1963" VPOS="1015" HPOS="215"/>
</TextLine>
<TextLine HEIGHT="49" WIDTH="1274" VPOS="1069" HPOS="436" CS="1">
<String CONTENT="to" HEIGHT="36" WIDTH="47" VPOS="1072" HPOS="436"/>
<SP HEIGHT="29" WIDTH="28" VPOS="1080" HPOS="484"/>
<String CONTENT="anthropology," HEIGHT="47" WIDTH="362" VPOS="1070" HPOS="513"/>
<SP HEIGHT="29" WIDTH="26" VPOS="1081" HPOS="876"/>
<String CONTENT="ed." HEIGHT="40" WIDTH="70" VPOS="1070" HPOS="903"/>
<SP HEIGHT="40" WIDTH="25" VPOS="1070" HPOS="974"/>
<String CONTENT="by" HEIGHT="47" WIDTH="60" VPOS="1070" HPOS="1000"/>
<SP HEIGHT="48" WIDTH="24" VPOS="1069" HPOS="1061"/>
<String CONTENT="Franz" HEIGHT="39" WIDTH="157" VPOS="1069" HPOS="1086"/>
<SP HEIGHT="38" WIDTH="24" VPOS="1069" HPOS="1244"/>
<String CONTENT="Boas." HEIGHT="40" WIDTH="141" VPOS="1069" HPOS="1269"/>
<SP HEIGHT="29" WIDTH="62" VPOS="1080" HPOS="1411"/>
<String CONTENT="vol." HEIGHT="38" WIDTH="89" VPOS="1070" HPOS="1474"/>
<SP HEIGHT="29" WIDTH="26" VPOS="1079" HPOS="1564"/>
<String CS="1" CONTENT="XVII]" HEIGHT="29" WIDTH="10" VPOS="1089" HPOS="1700"/>
</TextLine>
<TextLine HEIGHT="118" WIDTH="1870" VPOS="1125" HPOS="214" CS="1">
<String CS="1" CONTENT="CONTENTS."/>
<SP/>
<String CS="1" CONTENT="&#8212;The" HEIGHT="38" WIDTH="98" VPOS="1127" HPOS="622"/>
<SP HEIGHT="29" WIDTH="32" VPOS="1137" HPOS="721"/>
<String CONTENT="cycle" HEIGHT="46" WIDTH="128" VPOS="1127" HPOS="754"/>
<SP HEIGHT="28" WIDTH="29" VPOS="1138" HPOS="883"/>
<String CONTENT="of" HEIGHT="39" WIDTH="51" VPOS="1127" HPOS="913"/>
<SP HEIGHT="38" WIDTH="29" VPOS="1127" HPOS="965"/>
<String CONTENT="life.&#8212;Tribal" HEIGHT="41" WIDTH="328" VPOS="1125" HPOS="995"/>
<SP HEIGHT="39" WIDTH="31" VPOS="1126" HPOS="1324"/>
<String CONTENT="culture.&#8212;Legend" HEIGHT="47" WIDTH="454" VPOS="1126" HPOS="1356"/>
<SP HEIGHT="38" WIDTH="32" VPOS="1126" HPOS="1811"/>
<String CONTENT="and" HEIGHT="38" WIDTH="94" VPOS="1127" HPOS="1844"/>
<SP HEIGHT="38" WIDTH="31" VPOS="1127" HPOS="1939"/>
<String CONTENT="lore." HEIGHT="39" WIDTH="113" VPOS="1127" HPOS="1971"/>
<SP/>
<String CONTENT="&#169;" HEIGHT="50" WIDTH="50" VPOS="1193" HPOS="214"/>
<SP HEIGHT="50" WIDTH="34" VPOS="1193" HPOS="265"/>
<String CONTENT="June" HEIGHT="39" WIDTH="127" VPOS="1197" HPOS="300"/>
<SP HEIGHT="37" WIDTH="29" VPOS="1198" HPOS="428"/>
<String CONTENT="15," HEIGHT="44" WIDTH="66" VPOS="1197" HPOS="458"/>
<SP HEIGHT="43" WIDTH="33" VPOS="1198" HPOS="525"/>
<String CONTENT="1934" HEIGHT="39" WIDTH="113" VPOS="1196" HPOS="559"/>
<SP/>
<String CONTENT="2c." HEIGHT="39" WIDTH="66" VPOS="1197" HPOS="734"/>
<SP HEIGHT="38" WIDTH="34" VPOS="1197" HPOS="801"/>
<String CONTENT="June" HEIGHT="39" WIDTH="124" VPOS="1197" HPOS="836"/>
<SP HEIGHT="39" WIDTH="31" VPOS="1197" HPOS="961"/>
<String CONTENT="20;" HEIGHT="45" WIDTH="80" VPOS="1196" HPOS="993"/>
</TextLine>
<TextLine HEIGHT="104" WIDTH="1912" VPOS="1196" HPOS="283" CS="1">
<String CONTENT="aff." HEIGHT="39" WIDTH="79" VPOS="1196" HPOS="1111"/>
<SP HEIGHT="39" WIDTH="34" VPOS="1196" HPOS="1191"/>
<String CONTENT="June" HEIGHT="39" WIDTH="128" VPOS="1196" HPOS="1226"/>
<SP HEIGHT="39" WIDTH="29" VPOS="1196" HPOS="1355"/>
<String CONTENT="21;" HEIGHT="45" WIDTH="80" VPOS="1196" HPOS="1385"/>
<SP HEIGHT="45" WIDTH="36" VPOS="1196" HPOS="1466"/>
<!-- cceid C1C44710-6C64-1014-8713-889FF4349C01 --><String CONTENT="A" HEIGHT="38" WIDTH="40" VPOS="1196" HPOS="1503"/>
<SP HEIGHT="39" WIDTH="32" VPOS="1196" HPOS="1544"/>
<String CONTENT="73144;" HEIGHT="45" WIDTH="168" VPOS="1197" HPOS="1577"/>
<SP HEIGHT="45" WIDTH="36" VPOS="1197" HPOS="1746"/>
<String CONTENT="Columbia" HEIGHT="41" WIDTH="249" VPOS="1196" HPOS="1783"/>
<SP HEIGHT="28" WIDTH="34" VPOS="1208" HPOS="2033"/>
<String CONTENT="univ." HEIGHT="39" WIDTH="127" VPOS="1197" HPOS="2068"/>
<SP/>
<String CONTENT="press." HEIGHT="36" WIDTH="148" VPOS="1264" HPOS="283"/>
<SP HEIGHT="47" WIDTH="69" VPOS="1253" HPOS="432"/>
<String CONTENT="(34-16878)" HEIGHT="47" WIDTH="276" VPOS="1253" HPOS="502"/>
</TextLine>
<TextLine HEIGHT="65" WIDTH="733" VPOS="1370" HPOS="204" STYLEREFS="StyleId-91D05853-21DF-4451-8A54-CB0EC79670E3-">
<String CONTENT="Tappolet," HEIGHT="65" WIDTH="299" VPOS="1370" HPOS="204"/>
<SP HEIGHT="62" WIDTH="34" VPOS="1373" HPOS="504"/>
<String CONTENT="Willy," HEIGHT="65" WIDTH="191" VPOS="1370" HPOS="539"/>
<SP HEIGHT="60" WIDTH="38" VPOS="1375" HPOS="731"/>
<String CONTENT="1890-" HEIGHT="49" WIDTH="167" VPOS="1374" HPOS="770"/>
</TextLine>
<TextLine HEIGHT="68" WIDTH="1560" VPOS="1448" HPOS="280" STYLEREFS="StyleId-37231083-E637-4776-9EDA-406699488296-" CS="1">
<String CONTENT="Arthur" HEIGHT="52" WIDTH="223" VPOS="1449" HPOS="280"/>
<SP HEIGHT="51" WIDTH="32" VPOS="1449" HPOS="504"/>
<String CONTENT="Honegger," HEIGHT="67" WIDTH="325" VPOS="1449" HPOS="537"/>
<SP HEIGHT="47" WIDTH="34" VPOS="1468" HPOS="863"/>
<String CONTENT="von" HEIGHT="35" WIDTH="108" VPOS="1465" HPOS="898"/>
<SP HEIGHT="52" WIDTH="33" VPOS="1449" HPOS="1007"/>
<String CONTENT="Willy" HEIGHT="66" WIDTH="179" VPOS="1448" HPOS="1041"/>
<SP HEIGHT="64" WIDTH="37" VPOS="1450" HPOS="1221"/>
<String CONTENT="Tappolet." HEIGHT="66" WIDTH="299" VPOS="1448" HPOS="1259"/>
<SP HEIGHT="50" WIDTH="74" VPOS="1449" HPOS="1559"/>
<String LANG="de" CONTENT="Z&#252;rich" HEIGHT="52" WIDTH="206" VPOS="1448" HPOS="1634"/>
</TextLine>
<TextLine HEIGHT="145" WIDTH="1956" VPOS="1448" HPOS="212" STYLEREFS="StyleId-37231083-E637-4776-9EDA-406699488296-" CS="1">
<String LANG="de" CONTENT="und" HEIGHT="52" WIDTH="115" VPOS="1448" HPOS="1876"/>
<SP HEIGHT="52" WIDTH="34" VPOS="1448" HPOS="1992"/>
<String LANG="en-US" CONTENT="Leipzig," HEIGHT="145" WIDTH="1956" VPOS="1448" HPOS="212"/>
<SP HEIGHT="66" WIDTH="25" VPOS="1526" HPOS="320"/>
<String LANG="de" CONTENT="Gebr&#252;der" HEIGHT="54" WIDTH="294" VPOS="1526" HPOS="346"/>
<SP HEIGHT="50" WIDTH="25" VPOS="1528" HPOS="641"/>
<String LANG="en-US" CONTENT="Hug" HEIGHT="65" WIDTH="140" VPOS="1528" HPOS="667"/>
<SP HEIGHT="63" WIDTH="24" VPOS="1530" HPOS="808"/>
<String LANG="en-US" CONTENT="&amp;" HEIGHT="49" WIDTH="44" VPOS="1530" HPOS="833"/>
<SP HEIGHT="49" WIDTH="26" VPOS="1530" HPOS="878"/>
<String LANG="en-US" CONTENT="co.," HEIGHT="46" WIDTH="95" VPOS="1546" HPOS="905"/>
<SP HEIGHT="61" WIDTH="29" VPOS="1531" HPOS="1001"/>
<String LANG="en-US" CONTENT="1933." HEIGHT="49" WIDTH="146" VPOS="1530" HPOS="1031"/>
</TextLine>
<TextLine HEIGHT="49" WIDTH="1909" VPOS="1597" HPOS="285">
<String CONTENT="iv," HEIGHT="45" WIDTH="60" VPOS="1600" HPOS="285"/>
<SP HEIGHT="45" WIDTH="39" VPOS="1600" HPOS="346"/>
<String CONTENT="272" HEIGHT="38" WIDTH="83" VPOS="1600" HPOS="386"/>
<SP HEIGHT="46" WIDTH="39" VPOS="1600" HPOS="470"/>
<String CONTENT="p." HEIGHT="36" WIDTH="41" VPOS="1610" HPOS="510"/>
<SP HEIGHT="40" WIDTH="37" VPOS="1599" HPOS="552"/>
<String CONTENT="incl." HEIGHT="40" WIDTH="107" VPOS="1599" HPOS="590"/>
<SP HEIGHT="40" WIDTH="40" VPOS="1599" HPOS="698"/>
<String CONTENT="illus." HEIGHT="40" WIDTH="124" VPOS="1599" HPOS="739"/>
<SP HEIGHT="46" WIDTH="28" VPOS="1599" HPOS="864"/>
<String CONTENT="(music)" HEIGHT="47" WIDTH="199" VPOS="1598" HPOS="893"/>
<SP HEIGHT="46" WIDTH="47" VPOS="1599" HPOS="1093"/>
<String CONTENT="plates," HEIGHT="46" WIDTH="167" VPOS="1599" HPOS="1141"/>
<SP HEIGHT="36" WIDTH="40" VPOS="1609" HPOS="1309"/>
<String CONTENT="ports.," HEIGHT="45" WIDTH="160" VPOS="1600" HPOS="1350"/>
<SP HEIGHT="47" WIDTH="40" VPOS="1598" HPOS="1511"/>
<String CONTENT="facsim." HEIGHT="40" WIDTH="187" VPOS="1597" HPOS="1552"/>
<SP HEIGHT="47" WIDTH="27" VPOS="1597" HPOS="1740"/>
<String CONTENT="(music)" HEIGHT="47" WIDTH="201" VPOS="1597" HPOS="1768"/>
<SP HEIGHT="46" WIDTH="47" VPOS="1597" HPOS="1970"/>
<String CONTENT="diagrs." HEIGHT="47" WIDTH="176" VPOS="1599" HPOS="2018"/>
</TextLine>
<TextLine HEIGHT="41" WIDTH="113" VPOS="1654" HPOS="214">
<String CONTENT="22" HEIGHT="39" WIDTH="54" VPOS="1654" HPOS="214"/>
<String STYLE="superscript" CONTENT="cm" HEIGHT="21" WIDTH="44" VPOS="1656" HPOS="272"/>
<String CONTENT="." HEIGHT="7" WIDTH="7" VPOS="1688" HPOS="320"/>
</TextLine>
<TextLine HEIGHT="48" WIDTH="787" VPOS="1711" HPOS="286">
<String CONTENT="&#8220;1." HEIGHT="42" WIDTH="67" VPOS="1711" HPOS="286"/>
<SP HEIGHT="29" WIDTH="27" VPOS="1724" HPOS="354"/>
<String CONTENT="auflage," HEIGHT="47" WIDTH="201" VPOS="1712" HPOS="382"/>
<SP HEIGHT="47" WIDTH="27" VPOS="1712" HPOS="584"/>
<String CONTENT="2000" HEIGHT="40" WIDTH="114" VPOS="1712" HPOS="612"/>
<SP HEIGHT="39" WIDTH="28" VPOS="1712" HPOS="727"/>
<String CONTENT="exemplare.&#8221;" HEIGHT="48" WIDTH="317" VPOS="1711" HPOS="756"/>
</TextLine>
<TextLine HEIGHT="49" WIDTH="963" VPOS="1767" HPOS="284" CS="1">
<String LANG="de" CS="1" CONTENT="&#8220;Literaturverzeichnis&#8221;:" HEIGHT="42" WIDTH="604" VPOS="1767" HPOS="284"/>
<SP HEIGHT="37" WIDTH="38" VPOS="1779" HPOS="917"/>
<String LANG="en-US" CONTENT="p." HEIGHT="37" WIDTH="40" VPOS="1779" HPOS="956"/>
<SP HEIGHT="40" WIDTH="34" VPOS="1768" HPOS="997"/>
<String LANG="en-US" CONTENT="243-251." HEIGHT="40" WIDTH="215" VPOS="1768" HPOS="1032"/>
</TextLine>
<TextLine HEIGHT="48" WIDTH="1324" VPOS="1824" HPOS="286" LANG="de" CS="1">
<String CONTENT="&#8220;Verzeichnis" HEIGHT="41" WIDTH="334" VPOS="1824" HPOS="286"/>
<SP HEIGHT="38" WIDTH="27" VPOS="1827" HPOS="621"/>
<String CONTENT="der" HEIGHT="38" WIDTH="83" VPOS="1827" HPOS="649"/>
<SP HEIGHT="28" WIDTH="25" VPOS="1836" HPOS="733"/>
<String CONTENT="werke" HEIGHT="40" WIDTH="157" VPOS="1825" HPOS="759"/>
<SP HEIGHT="47" WIDTH="35" VPOS="1825" HPOS="917"/>
<String CONTENT="(seit" HEIGHT="47" WIDTH="115" VPOS="1825" HPOS="953"/>
<SP HEIGHT="38" WIDTH="26" VPOS="1826" HPOS="1069"/>
<String CS="1" CONTENT="1914)&#8221;:" HEIGHT="46" WIDTH="172" VPOS="1824" HPOS="1096"/>
<SP HEIGHT="37" WIDTH="29" VPOS="1835" HPOS="1298"/>
<String CONTENT="p." HEIGHT="37" WIDTH="41" VPOS="1835" HPOS="1328"/>
<SP HEIGHT="39" WIDTH="24" VPOS="1827" HPOS="1370"/>
<String CONTENT="252-266." HEIGHT="42" WIDTH="215" VPOS="1824" HPOS="1395"/>
</TextLine>
<TextLine HEIGHT="51" WIDTH="1983" VPOS="1893" HPOS="213" LANG="de" CS="1">
<String CONTENT="&#169;" HEIGHT="50" WIDTH="50" VPOS="1893" HPOS="213"/>
<SP HEIGHT="50" WIDTH="29" VPOS="1893" HPOS="264"/>
<String LANG="en-US" CONTENT="Nov." HEIGHT="39" WIDTH="115" VPOS="1897" HPOS="294"/>
<SP HEIGHT="37" WIDTH="30" VPOS="1898" HPOS="410"/>
<String CONTENT="16," HEIGHT="46" WIDTH="67" VPOS="1897" HPOS="441"/>
<SP HEIGHT="46" WIDTH="29" VPOS="1897" HPOS="509"/>
<String CS="1" CONTENT="1933;" HEIGHT="40" WIDTH="112" VPOS="1896" HPOS="539"/>
<SP/>
<String CS="1" CONTENT="1c."/>
<SP/>
<String CS="1" CONTENT="May"/>
<SP/>
<String CONTENT="1," HEIGHT="44" WIDTH="38" VPOS="1898" HPOS="951"/>
<SP HEIGHT="45" WIDTH="31" VPOS="1897" HPOS="990"/>
<String CONTENT="1934;" HEIGHT="40" WIDTH="138" VPOS="1897" HPOS="1022"/>
<SP HEIGHT="40" WIDTH="32" VPOS="1897" HPOS="1161"/>
<!-- cceid C1C4BE96-6C64-1014-8713-889FF4349C01 --><String LANG="en-US" CONTENT="A" HEIGHT="38" WIDTH="40" VPOS="1897" HPOS="1194"/>
<String CONTENT="-Foreign" HEIGHT="48" WIDTH="268" VPOS="1896" HPOS="1235"/>
<SP HEIGHT="37" WIDTH="28" VPOS="1898" HPOS="1504"/>
<String CS="1" CONTENT="24542;" HEIGHT="39" WIDTH="143" VPOS="1896" HPOS="1533"/>
<SP HEIGHT="45" WIDTH="35" VPOS="1896" HPOS="1703"/>
<String CONTENT="Gebr&#252;der" HEIGHT="40" WIDTH="246" VPOS="1896" HPOS="1739"/>
<SP HEIGHT="38" WIDTH="31" VPOS="1897" HPOS="1986"/>
<String CONTENT="Hug" HEIGHT="47" WIDTH="111" VPOS="1897" HPOS="2018"/>
<SP HEIGHT="47" WIDTH="30" VPOS="1897" HPOS="2130"/>
<String CONTENT="&amp;" HEIGHT="39" WIDTH="35" VPOS="1897" HPOS="2161"/>
</TextLine>
<TextLine HEIGHT="46" WIDTH="415" VPOS="1954" HPOS="283" LANG="de">
<String CONTENT="co." HEIGHT="29" WIDTH="65" VPOS="1964" HPOS="283"/>
<SP HEIGHT="46" WIDTH="71" VPOS="1954" HPOS="349"/>
<String CONTENT="(34-17275)" HEIGHT="46" WIDTH="277" VPOS="1954" HPOS="421"/>
</TextLine>
<TextLine HEIGHT="66" WIDTH="1018" VPOS="2072" HPOS="205" STYLEREFS="StyleId-8716CB48-2208-44DA-8D44-494975BA6179-">
<String CONTENT="Tennessee." HEIGHT="52" WIDTH="346" VPOS="2072" HPOS="205"/>
<SP HEIGHT="51" WIDTH="73" VPOS="2073" HPOS="552"/>
<String CONTENT="Laws" HEIGHT="51" WIDTH="165" VPOS="2073" HPOS="626"/>
<String LANG="de" CONTENT="," HEIGHT="23" WIDTH="10" VPOS="2115" HPOS="797"/>
<SP HEIGHT="46" WIDTH="30" VPOS="2092" HPOS="808"/>
<String CONTENT="statutes" HEIGHT="47" WIDTH="237" VPOS="2078" HPOS="839"/>
<String LANG="de" CONTENT="," HEIGHT="23" WIDTH="10" VPOS="2114" HPOS="1082"/>
<SP HEIGHT="47" WIDTH="32" VPOS="2090" HPOS="1093"/>
<String CONTENT="etc." HEIGHT="47" WIDTH="97" VPOS="2078" HPOS="1126"/>
</TextLine>
<TextLine HEIGHT="147" WIDTH="1966" VPOS="2148" HPOS="205" STYLEREFS="StyleId-37231083-E637-4776-9EDA-406699488296-" CS="1">
<String LANG="de" CONTENT="1934" HEIGHT="49" WIDTH="134" VPOS="2152" HPOS="278"/>
<SP HEIGHT="49" WIDTH="29" VPOS="2153" HPOS="413"/>
<String CONTENT="supplement" HEIGHT="66" WIDTH="356" VPOS="2150" HPOS="443"/>
<SP HEIGHT="47" WIDTH="31" VPOS="2154" HPOS="800"/>
<String CONTENT="to" HEIGHT="45" WIDTH="57" VPOS="2156" HPOS="832"/>
<SP HEIGHT="50" WIDTH="29" VPOS="2151" HPOS="890"/>
<String CONTENT="Michie&#8217;s" HEIGHT="53" WIDTH="255" VPOS="2148" HPOS="920"/>
<SP HEIGHT="50" WIDTH="31" VPOS="2152" HPOS="1176"/>
<String CONTENT="Tennessee" HEIGHT="50" WIDTH="308" VPOS="2152" HPOS="1208"/>
<SP HEIGHT="35" WIDTH="33" VPOS="2168" HPOS="1517"/>
<String CONTENT="code" HEIGHT="54" WIDTH="132" VPOS="2149" HPOS="1551"/>
<SP HEIGHT="33" WIDTH="31" VPOS="2168" HPOS="1684"/>
<String CONTENT="of" HEIGHT="52" WIDTH="61" VPOS="2149" HPOS="1716"/>
<SP HEIGHT="51" WIDTH="32" VPOS="2149" HPOS="1778"/>
<String CONTENT="1932." HEIGHT="49" WIDTH="148" VPOS="2151" HPOS="1811"/>
<SP HEIGHT="53" WIDTH="71" VPOS="2150" HPOS="1960"/>
<String CONTENT="Complete" HEIGHT="145" WIDTH="1966" VPOS="2150" HPOS="205"/>
</TextLine>
<TextLine HEIGHT="130" WIDTH="1965" VPOS="2227" HPOS="205" STYLEREFS="StyleId-37231083-E637-4776-9EDA-406699488296-" CS="1">
<String CONTENT="annotations." HEIGHT="52" WIDTH="376" VPOS="2228" HPOS="382"/>
<SP HEIGHT="52" WIDTH="61" VPOS="2229" HPOS="759"/>
<String CONTENT="Under" HEIGHT="54" WIDTH="198" VPOS="2227" HPOS="821"/>
<SP HEIGHT="46" WIDTH="24" VPOS="2232" HPOS="1020"/>
<String CONTENT="the" HEIGHT="52" WIDTH="93" VPOS="2227" HPOS="1045"/>
<SP HEIGHT="32" WIDTH="26" VPOS="2247" HPOS="1139"/>
<String CONTENT="editorial" HEIGHT="53" WIDTH="264" VPOS="2227" HPOS="1166"/>
<SP HEIGHT="49" WIDTH="26" VPOS="2231" HPOS="1431"/>
<String CONTENT="supervision" HEIGHT="67" WIDTH="354" VPOS="2227" HPOS="1458"/>
<SP HEIGHT="33" WIDTH="26" VPOS="2245" HPOS="1813"/>
<String CONTENT="of" HEIGHT="51" WIDTH="63" VPOS="2227" HPOS="1840"/>
<SP HEIGHT="52" WIDTH="25" VPOS="2227" HPOS="1904"/>
<String CONTENT="A." HEIGHT="51" WIDTH="68" VPOS="2228" HPOS="1930"/>
<SP HEIGHT="50" WIDTH="26" VPOS="2229" HPOS="1999"/>
<String CONTENT="Hewson" HEIGHT="128" WIDTH="1965" VPOS="2229" HPOS="205"/>
</TextLine>
<TextLine HEIGHT="67" WIDTH="1841" VPOS="2304" HPOS="353" STYLEREFS="StyleId-37231083-E637-4776-9EDA-406699488296-">
<String CONTENT="Michie," HEIGHT="58" WIDTH="228" VPOS="2305" HPOS="353"/>
<SP HEIGHT="39" WIDTH="48" VPOS="2324" HPOS="582"/>
<String CONTENT="assisted" HEIGHT="53" WIDTH="233" VPOS="2304" HPOS="631"/>
<SP HEIGHT="51" WIDTH="47" VPOS="2305" HPOS="865"/>
<String CONTENT="by" HEIGHT="66" WIDTH="73" VPOS="2305" HPOS="913"/>
<SP HEIGHT="66" WIDTH="48" VPOS="2305" HPOS="987"/>
<String CONTENT="Chas." HEIGHT="54" WIDTH="164" VPOS="2305" HPOS="1036"/>
<SP HEIGHT="52" WIDTH="47" VPOS="2307" HPOS="1201"/>
<String CONTENT="W." HEIGHT="52" WIDTH="87" VPOS="2307" HPOS="1249"/>
<SP HEIGHT="55" WIDTH="52" VPOS="2305" HPOS="1337"/>
<String CONTENT="Sublett." HEIGHT="55" WIDTH="240" VPOS="2305" HPOS="1390"/>
<SP HEIGHT="53" WIDTH="86" VPOS="2305" HPOS="1631"/>
<String CONTENT="Charlottesville," HEIGHT="64" WIDTH="476" VPOS="2305" HPOS="1718"/>
</TextLine>
<TextLine HEIGHT="65" WIDTH="1023" VPOS="2384" HPOS="204" STYLEREFS="StyleId-37231083-E637-4776-9EDA-406699488296-">
<String CONTENT="Va.," HEIGHT="64" WIDTH="124" VPOS="2385" HPOS="204"/>
<SP HEIGHT="62" WIDTH="30" VPOS="2387" HPOS="329"/>
<String CONTENT="The" HEIGHT="52" WIDTH="120" VPOS="2385" HPOS="360"/>
<SP HEIGHT="51" WIDTH="27" VPOS="2385" HPOS="481"/>
<String CONTENT="Michie" HEIGHT="52" WIDTH="211" VPOS="2384" HPOS="509"/>
<SP HEIGHT="35" WIDTH="30" VPOS="2400" HPOS="721"/>
<String CONTENT="company," HEIGHT="49" WIDTH="293" VPOS="2400" HPOS="752"/>
<SP HEIGHT="56" WIDTH="34" VPOS="2386" HPOS="1046"/>
<String CONTENT="1934." HEIGHT="47" WIDTH="146" VPOS="2386" HPOS="1081"/>
</TextLine>
<TextLine HEIGHT="48" WIDTH="519" VPOS="2457" HPOS="281" CS="1">
<String CONTENT="2" HEIGHT="37" WIDTH="25" VPOS="2459" HPOS="281"/>
<SP HEIGHT="46" WIDTH="24" VPOS="2459" HPOS="307"/>
<String CONTENT="p." HEIGHT="37" WIDTH="40" VPOS="2468" HPOS="332"/>
<SP/>
<String CS="1" CONTENT="l.," HEIGHT="16" WIDTH="7" VPOS="2489" HPOS="436"/>
<SP HEIGHT="46" WIDTH="28" VPOS="2459" HPOS="444"/>
<String CONTENT="18" HEIGHT="40" WIDTH="57" VPOS="2457" HPOS="473"/>
<SP HEIGHT="47" WIDTH="22" VPOS="2457" HPOS="531"/>
<String CONTENT="p." HEIGHT="36" WIDTH="40" VPOS="2468" HPOS="554"/>
<SP HEIGHT="38" WIDTH="60" VPOS="2457" HPOS="595"/>
<String CS="1" CONTENT="25&#189;" HEIGHT="38" WIDTH="54" VPOS="2457" HPOS="656"/>
<String STYLE="superscript" CONTENT="cm" HEIGHT="20" WIDTH="43" VPOS="2459" HPOS="744"/>
<String CONTENT="." HEIGHT="7" WIDTH="7" VPOS="2488" HPOS="793"/>
</TextLine>
<TextLine HEIGHT="41" WIDTH="293" VPOS="2514" HPOS="282">
<String CONTENT="Cover-title." HEIGHT="41" WIDTH="293" VPOS="2514" HPOS="282"/>
</TextLine>
<TextLine HEIGHT="51" WIDTH="1631" VPOS="2581" HPOS="214" CS="1">
<String CONTENT="&#169;" HEIGHT="51" WIDTH="50" VPOS="2581" HPOS="214"/>
<SP HEIGHT="51" WIDTH="30" VPOS="2581" HPOS="265"/>
<String CONTENT="July" HEIGHT="46" WIDTH="114" VPOS="2586" HPOS="296"/>
<SP HEIGHT="46" WIDTH="27" VPOS="2586" HPOS="411"/>
<String CONTENT="11." HEIGHT="40" WIDTH="67" VPOS="2586" HPOS="439"/>
<SP HEIGHT="40" WIDTH="29" VPOS="2586" HPOS="507"/>
<String CS="1" CONTENT="1934;" HEIGHT="41" WIDTH="113" VPOS="2583" HPOS="537"/>
<SP HEIGHT="40" WIDTH="31" VPOS="2584" HPOS="677"/>
<String CONTENT="2c." HEIGHT="38" WIDTH="64" VPOS="2584" HPOS="709"/>
<SP HEIGHT="27" WIDTH="29" VPOS="2594" HPOS="774"/>
<String CONTENT="and" HEIGHT="37" WIDTH="93" VPOS="2584" HPOS="804"/>
<SP HEIGHT="37" WIDTH="29" VPOS="2584" HPOS="898"/>
<String CONTENT="aff." HEIGHT="40" WIDTH="80" VPOS="2582" HPOS="928"/>
<SP HEIGHT="40" WIDTH="30" VPOS="2582" HPOS="1009"/>
<String CONTENT="July" HEIGHT="47" WIDTH="115" VPOS="2582" HPOS="1040"/>
<SP HEIGHT="45" WIDTH="26" VPOS="2584" HPOS="1156"/>
<String CS="1" CONTENT="13;" HEIGHT="39" WIDTH="53" VPOS="2583" HPOS="1183"/>
<SP HEIGHT="39" WIDTH="32" VPOS="2583" HPOS="1265"/>
<!-- cceid C1C53C0A-6C64-1014-8713-889FF4349C01 --><String CONTENT="A" HEIGHT="38" WIDTH="40" VPOS="2583" HPOS="1298"/>
<SP HEIGHT="39" WIDTH="28" VPOS="2583" HPOS="1339"/>
<String CONTENT="73387:" HEIGHT="39" WIDTH="168" VPOS="2584" HPOS="1368"/>
<SP HEIGHT="37" WIDTH="34" VPOS="2584" HPOS="1537"/>
<String CONTENT="Michie" HEIGHT="41" WIDTH="175" VPOS="2582" HPOS="1572"/>
<SP HEIGHT="29" WIDTH="29" VPOS="2594" HPOS="1748"/>
<String CONTENT="co." HEIGHT="28" WIDTH="67" VPOS="2594" HPOS="1778"/>
</TextLine>
<TextLine HEIGHT="63" WIDTH="1048" VPOS="2701" HPOS="204" STYLEREFS="StyleId-91D05853-21DF-4451-8A54-CB0EC79670E3-">
<String CONTENT="Trueheart," HEIGHT="62" WIDTH="346" VPOS="2702" HPOS="204"/>
<SP HEIGHT="61" WIDTH="31" VPOS="2703" HPOS="551"/>
<String CONTENT="James" HEIGHT="52" WIDTH="201" VPOS="2703" HPOS="583"/>
<SP HEIGHT="52" WIDTH="28" VPOS="2701" HPOS="785"/>
<String CONTENT="L.," HEIGHT="62" WIDTH="82" VPOS="2701" HPOS="814"/>
<SP HEIGHT="59" WIDTH="35" VPOS="2704" HPOS="897"/>
<String CONTENT="1815-1882." HEIGHT="49" WIDTH="319" VPOS="2702" HPOS="933"/>
</TextLine>
<TextLine HEIGHT="68" WIDTH="1909" VPOS="2777" HPOS="278" STYLEREFS="StyleId-37231083-E637-4776-9EDA-406699488296-">
<String CONTENT="The" HEIGHT="52" WIDTH="120" VPOS="2780" HPOS="278"/>
<SP HEIGHT="50" WIDTH="22" VPOS="2782" HPOS="399"/>
<String CONTENT="Perote" HEIGHT="50" WIDTH="204" VPOS="2782" HPOS="422"/>
<SP HEIGHT="48" WIDTH="21" VPOS="2797" HPOS="627"/>
<String CONTENT="prisoners," HEIGHT="68" WIDTH="300" VPOS="2777" HPOS="649"/>
<SP HEIGHT="51" WIDTH="21" VPOS="2777" HPOS="950"/>
<String CONTENT="being" HEIGHT="67" WIDTH="169" VPOS="2777" HPOS="972"/>
<SP HEIGHT="61" WIDTH="20" VPOS="2783" HPOS="1142"/>
<String CONTENT="the" HEIGHT="51" WIDTH="93" VPOS="2778" HPOS="1163"/>
<SP HEIGHT="51" WIDTH="23" VPOS="2778" HPOS="1257"/>
<String CONTENT="diary" HEIGHT="66" WIDTH="165" VPOS="2778" HPOS="1281"/>
<SP HEIGHT="47" WIDTH="22" VPOS="2797" HPOS="1447"/>
<String CONTENT="of" HEIGHT="53" WIDTH="63" VPOS="2777" HPOS="1470"/>
<SP HEIGHT="55" WIDTH="20" VPOS="2777" HPOS="1534"/>
<String CONTENT="James" HEIGHT="53" WIDTH="191" VPOS="2779" HPOS="1555"/>
<SP HEIGHT="51" WIDTH="22" VPOS="2779" HPOS="1747"/>
<String CONTENT="L." HEIGHT="51" WIDTH="63" VPOS="2779" HPOS="1770"/>
<SP HEIGHT="51" WIDTH="25" VPOS="2779" HPOS="1834"/>
<String CONTENT="Trueheart." HEIGHT="53" WIDTH="327" VPOS="2777" HPOS="1860"/>
</TextLine>
<TextLine HEIGHT="133" WIDTH="1954" VPOS="2855" HPOS="210" STYLEREFS="StyleId-37231083-E637-4776-9EDA-406699488296-" CS="1">
<String CONTENT="printed" HEIGHT="68" WIDTH="228" VPOS="2856" HPOS="210"/>
<SP HEIGHT="53" WIDTH="41" VPOS="2857" HPOS="439"/>
<String CONTENT="for" HEIGHT="51" WIDTH="91" VPOS="2857" HPOS="481"/>
<SP HEIGHT="46" WIDTH="38" VPOS="2862" HPOS="573"/>
<String CONTENT="the" HEIGHT="51" WIDTH="92" VPOS="2857" HPOS="612"/>
<SP HEIGHT="51" WIDTH="41" VPOS="2856" HPOS="705"/>
<String CONTENT="first" HEIGHT="51" WIDTH="125" VPOS="2856" HPOS="747"/>
<SP HEIGHT="46" WIDTH="34" VPOS="2860" HPOS="873"/>
<String CONTENT="time," HEIGHT="65" WIDTH="151" VPOS="2855" HPOS="908"/>
<SP HEIGHT="60" WIDTH="36" VPOS="2860" HPOS="1060"/>
<String CONTENT="together" HEIGHT="64" WIDTH="256" VPOS="2857" HPOS="1097"/>
<SP HEIGHT="34" WIDTH="36" VPOS="2873" HPOS="1354"/>
<String CONTENT="with" HEIGHT="53" WIDTH="140" VPOS="2855" HPOS="1391"/>
<SP HEIGHT="51" WIDTH="38" VPOS="2857" HPOS="1532"/>
<String CONTENT="an" HEIGHT="33" WIDTH="71" VPOS="2874" HPOS="1571"/>
<SP HEIGHT="50" WIDTH="36" VPOS="2857" HPOS="1643"/>
<String CONTENT="historical" HEIGHT="52" WIDTH="292" VPOS="2856" HPOS="1680"/>
<SP HEIGHT="52" WIDTH="40" VPOS="2855" HPOS="1973"/>
<String CONTENT="introduction" HEIGHT="133" WIDTH="1953" VPOS="2855" HPOS="211"/>
</TextLine>
<TextLine HEIGHT="70" WIDTH="1712" VPOS="2931" HPOS="478" STYLEREFS="StyleId-37231083-E637-4776-9EDA-406699488296-">
<String CONTENT="by" HEIGHT="66" WIDTH="74" VPOS="2935" HPOS="478"/>
<SP HEIGHT="65" WIDTH="36" VPOS="2936" HPOS="553"/>
<String CONTENT="Frederick" HEIGHT="52" WIDTH="306" VPOS="2933" HPOS="590"/>
<SP HEIGHT="54" WIDTH="38" VPOS="2931" HPOS="897"/>
<String CONTENT="C." HEIGHT="54" WIDTH="59" VPOS="2931" HPOS="936"/>
<SP HEIGHT="53" WIDTH="42" VPOS="2933" HPOS="996"/>
<String CONTENT="Chabot." HEIGHT="54" WIDTH="234" VPOS="2932" HPOS="1039"/>
<SP HEIGHT="55" WIDTH="78" VPOS="2932" HPOS="1274"/>
<String CONTENT="San" HEIGHT="55" WIDTH="115" VPOS="2932" HPOS="1353"/>
<SP HEIGHT="51" WIDTH="36" VPOS="2934" HPOS="1469"/>
<String CONTENT="Antonio," HEIGHT="66" WIDTH="271" VPOS="2933" HPOS="1506"/>
<SP HEIGHT="63" WIDTH="37" VPOS="2936" HPOS="1778"/>
<String CONTENT="The" HEIGHT="50" WIDTH="119" VPOS="2935" HPOS="1816"/>
<SP HEIGHT="51" WIDTH="37" VPOS="2934" HPOS="1936"/>
<String CONTENT="Naylor" HEIGHT="66" WIDTH="216" VPOS="2933" HPOS="1974"/>
</TextLine>
<TextLine HEIGHT="64" WIDTH="474" VPOS="3015" HPOS="210" STYLEREFS="StyleId-37231083-E637-4776-9EDA-406699488296-">
<String CONTENT="company," HEIGHT="49" WIDTH="293" VPOS="3030" HPOS="210"/>
<SP HEIGHT="61" WIDTH="31" VPOS="3017" HPOS="504"/>
<String CONTENT="1934." HEIGHT="50" WIDTH="148" VPOS="3015" HPOS="536"/>
</TextLine>
<TextLine HEIGHT="52" WIDTH="1424" VPOS="3080" HPOS="282" CS="1">
<String CONTENT="4" HEIGHT="38" WIDTH="27" VPOS="3086" HPOS="282"/>
<SP HEIGHT="46" WIDTH="24" VPOS="3086" HPOS="310"/>
<String CONTENT="p." HEIGHT="36" WIDTH="42" VPOS="3096" HPOS="335"/>
<SP/>
<String CS="1" CONTENT="l.," HEIGHT="15" WIDTH="7" VPOS="3116" HPOS="439"/>
<SP HEIGHT="35" WIDTH="24" VPOS="3096" HPOS="447"/>
<String CONTENT="xi-xiv," HEIGHT="46" WIDTH="177" VPOS="3083" HPOS="472"/>
<SP HEIGHT="46" WIDTH="26" VPOS="3083" HPOS="650"/>
<String CONTENT="344" HEIGHT="39" WIDTH="84" VPOS="3083" HPOS="677"/>
<SP HEIGHT="47" WIDTH="25" VPOS="3083" HPOS="762"/>
<String CONTENT="p." HEIGHT="37" WIDTH="41" VPOS="3093" HPOS="788"/>
<SP HEIGHT="37" WIDTH="60" VPOS="3093" HPOS="830"/>
<String CS="1" CONTENT="pl.," HEIGHT="37" WIDTH="74" VPOS="3093" HPOS="891"/>
<SP HEIGHT="48" WIDTH="27" VPOS="3081" HPOS="966"/>
<String CONTENT="2" HEIGHT="39" WIDTH="26" VPOS="3081" HPOS="994"/>
<SP HEIGHT="47" WIDTH="22" VPOS="3081" HPOS="1021"/>
<String CONTENT="port." HEIGHT="45" WIDTH="121" VPOS="3083" HPOS="1044"/>
<SP HEIGHT="48" WIDTH="26" VPOS="3080" HPOS="1166"/>
<String CONTENT="(incl." HEIGHT="48" WIDTH="132" VPOS="3080" HPOS="1193"/>
<SP HEIGHT="39" WIDTH="24" VPOS="3082" HPOS="1326"/>
<String CONTENT="front.)" HEIGHT="48" WIDTH="173" VPOS="3082" HPOS="1351"/>
<SP HEIGHT="47" WIDTH="66" VPOS="3083" HPOS="1525"/>
<String CONTENT="23" HEIGHT="40" WIDTH="55" VPOS="3083" HPOS="1592"/>
<String STYLE="superscript" CONTENT="cm" HEIGHT="21" WIDTH="43" VPOS="3085" HPOS="1651"/>
<String CONTENT="." HEIGHT="7" WIDTH="6" VPOS="3113" HPOS="1700"/>
</TextLine>
<TextLine HEIGHT="49" WIDTH="1874" VPOS="3137" HPOS="285" CS="1">
<String CONTENT="&#8220;Of" HEIGHT="40" WIDTH="91" VPOS="3141" HPOS="285"/>
<SP HEIGHT="39" WIDTH="24" VPOS="3142" HPOS="377"/>
<String CONTENT="the" HEIGHT="39" WIDTH="81" VPOS="3142" HPOS="402"/>
<SP HEIGHT="39" WIDTH="25" VPOS="3141" HPOS="484"/>
<String CONTENT="four" HEIGHT="38" WIDTH="113" VPOS="3141" HPOS="510"/>
<SP HEIGHT="38" WIDTH="25" VPOS="3140" HPOS="624"/>
<String CONTENT="hundred" HEIGHT="38" WIDTH="218" VPOS="3140" HPOS="650"/>
<SP HEIGHT="38" WIDTH="24" VPOS="3140" HPOS="869"/>
<String CONTENT="copies" HEIGHT="47" WIDTH="156" VPOS="3138" HPOS="894"/>
<SP HEIGHT="30" WIDTH="27" VPOS="3148" HPOS="1051"/>
<String CONTENT="of" HEIGHT="38" WIDTH="49" VPOS="3138" HPOS="1079"/>
<SP HEIGHT="39" WIDTH="24" VPOS="3138" HPOS="1129"/>
<String CONTENT="this" HEIGHT="41" WIDTH="97" VPOS="3137" HPOS="1154"/>
<SP HEIGHT="28" WIDTH="25" VPOS="3150" HPOS="1252"/>
<String CONTENT="edition," HEIGHT="48" WIDTH="194" VPOS="3138" HPOS="1278"/>
<SP HEIGHT="43" WIDTH="27" VPOS="3143" HPOS="1473"/>
<String CONTENT="this" HEIGHT="40" WIDTH="97" VPOS="3139" HPOS="1501"/>
<SP HEIGHT="38" WIDTH="26" VPOS="3141" HPOS="1599"/>
<String CONTENT="is" HEIGHT="38" WIDTH="40" VPOS="3141" HPOS="1626"/>
<SP HEIGHT="28" WIDTH="26" VPOS="3151" HPOS="1667"/>
<String CONTENT="no." HEIGHT="29" WIDTH="73" VPOS="3150" HPOS="1694"/>
<SP HEIGHT="39" WIDTH="30" VPOS="3140" HPOS="1768"/>
<String CONTENT="126.&#8221;" HEIGHT="40" WIDTH="126" VPOS="3139" HPOS="1799"/>
<SP HEIGHT="41" WIDTH="62" VPOS="3139" HPOS="1926"/>
<String CS="1" CONTENT="Signed:" HEIGHT="47" WIDTH="170" VPOS="3139" HPOS="1989"/>
</TextLine>
<TextLine HEIGHT="41" WIDTH="355" VPOS="3197" HPOS="214">
<String CONTENT="F." HEIGHT="40" WIDTH="49" VPOS="3197" HPOS="214"/>
<SP HEIGHT="40" WIDTH="28" VPOS="3198" HPOS="264"/>
<String CONTENT="C." HEIGHT="40" WIDTH="48" VPOS="3198" HPOS="293"/>
<SP HEIGHT="40" WIDTH="28" VPOS="3198" HPOS="342"/>
<String CONTENT="Chabot." HEIGHT="41" WIDTH="198" VPOS="3197" HPOS="371"/>
</TextLine>
<TextLine HEIGHT="49" WIDTH="828" VPOS="3250" HPOS="285">
<String CONTENT="&#8220;First" HEIGHT="41" WIDTH="160" VPOS="3252" HPOS="285"/>
<SP HEIGHT="40" WIDTH="24" VPOS="3253" HPOS="446"/>
<String CONTENT="impression," HEIGHT="48" WIDTH="298" VPOS="3251" HPOS="471"/>
<SP HEIGHT="46" WIDTH="30" VPOS="3252" HPOS="770"/>
<String CONTENT="May," HEIGHT="46" WIDTH="125" VPOS="3252" HPOS="801"/>
<SP HEIGHT="47" WIDTH="29" VPOS="3251" HPOS="927"/>
<String CONTENT="1934.&#8221;" HEIGHT="41" WIDTH="156" VPOS="3250" HPOS="957"/>
</TextLine>
<TextLine HEIGHT="49" WIDTH="1907" VPOS="3307" HPOS="285">
<String CONTENT="&#8220;Diary" HEIGHT="47" WIDTH="180" VPOS="3309" HPOS="285"/>
<SP HEIGHT="36" WIDTH="27" VPOS="3320" HPOS="466"/>
<String CONTENT="of" HEIGHT="39" WIDTH="50" VPOS="3309" HPOS="494"/>
<SP HEIGHT="39" WIDTH="26" VPOS="3309" HPOS="545"/>
<String CONTENT="J." HEIGHT="39" WIDTH="42" VPOS="3309" HPOS="572"/>
<SP HEIGHT="39" WIDTH="30" VPOS="3308" HPOS="615"/>
<String CONTENT="L." HEIGHT="40" WIDTH="49" VPOS="3308" HPOS="646"/>
<SP HEIGHT="39" WIDTH="29" VPOS="3309" HPOS="696"/>
<String CONTENT="Trueheart" HEIGHT="40" WIDTH="269" VPOS="3308" HPOS="726"/>
<SP HEIGHT="37" WIDTH="26" VPOS="3309" HPOS="996"/>
<String CONTENT="written" HEIGHT="39" WIDTH="194" VPOS="3307" HPOS="1023"/>
<SP HEIGHT="38" WIDTH="27" VPOS="3310" HPOS="1218"/>
<String CONTENT="during" HEIGHT="47" WIDTH="174" VPOS="3309" HPOS="1246"/>
<SP HEIGHT="47" WIDTH="25" VPOS="3309" HPOS="1421"/>
<String CONTENT="his" HEIGHT="39" WIDTH="75" VPOS="3309" HPOS="1447"/>
<SP HEIGHT="40" WIDTH="27" VPOS="3308" HPOS="1523"/>
<String CONTENT="imprisonment" HEIGHT="48" WIDTH="365" VPOS="3308" HPOS="1551"/>
<SP HEIGHT="39" WIDTH="27" VPOS="3309" HPOS="1917"/>
<String CONTENT="in" HEIGHT="39" WIDTH="47" VPOS="3309" HPOS="1945"/>
<SP HEIGHT="38" WIDTH="27" VPOS="3310" HPOS="1993"/>
<String CONTENT="Perote" HEIGHT="39" WIDTH="171" VPOS="3310" HPOS="2021"/>
</TextLine>
<TextLine HEIGHT="51" WIDTH="1129" VPOS="3363" HPOS="212">
<String CONTENT="in" HEIGHT="38" WIDTH="50" VPOS="3367" HPOS="212"/>
<SP HEIGHT="36" WIDTH="24" VPOS="3369" HPOS="263"/>
<String CONTENT="the" HEIGHT="38" WIDTH="80" VPOS="3367" HPOS="288"/>
<SP HEIGHT="36" WIDTH="24" VPOS="3377" HPOS="369"/>
<String CONTENT="years" HEIGHT="38" WIDTH="140" VPOS="3375" HPOS="394"/>
<SP HEIGHT="38" WIDTH="24" VPOS="3367" HPOS="535"/>
<String CONTENT="1842," HEIGHT="47" WIDTH="126" VPOS="3364" HPOS="560"/>
<SP HEIGHT="46" WIDTH="24" VPOS="3365" HPOS="687"/>
<String CONTENT="1843" HEIGHT="39" WIDTH="112" VPOS="3365" HPOS="712"/>
<SP HEIGHT="39" WIDTH="25" VPOS="3365" HPOS="825"/>
<String CONTENT="and" HEIGHT="38" WIDTH="94" VPOS="3365" HPOS="851"/>
<SP HEIGHT="38" WIDTH="21" VPOS="3365" HPOS="946"/>
<String CONTENT="1844.&#8221;&#8212;p." HEIGHT="48" WIDTH="260" VPOS="3363" HPOS="968"/>
<SP HEIGHT="29" WIDTH="28" VPOS="3384" HPOS="1229"/>
<String CONTENT="[89]" HEIGHT="50" WIDTH="83" VPOS="3364" HPOS="1258"/>
</TextLine>
<TextLine HEIGHT="51" WIDTH="1754" VPOS="3433" HPOS="212">
<String CONTENT="&#169;" HEIGHT="50" WIDTH="50" VPOS="3433" HPOS="212"/>
<SP HEIGHT="50" WIDTH="28" VPOS="3433" HPOS="263"/>
<String CONTENT="May" HEIGHT="45" WIDTH="113" VPOS="3438" HPOS="292"/>
<SP HEIGHT="46" WIDTH="25" VPOS="3437" HPOS="406"/>
<String CONTENT="25," HEIGHT="44" WIDTH="68" VPOS="3437" HPOS="432"/>
<SP HEIGHT="44" WIDTH="27" VPOS="3437" HPOS="501"/>
<String CONTENT="1934;" HEIGHT="40" WIDTH="139" VPOS="3435" HPOS="529"/>
<SP HEIGHT="39" WIDTH="29" VPOS="3436" HPOS="669"/>
<String CONTENT="2c." HEIGHT="38" WIDTH="65" VPOS="3436" HPOS="699"/>
<SP HEIGHT="37" WIDTH="29" VPOS="3436" HPOS="765"/>
<String CONTENT="May" HEIGHT="45" WIDTH="114" VPOS="3436" HPOS="795"/>
<SP HEIGHT="47" WIDTH="24" VPOS="3434" HPOS="910"/>
<String CONTENT="29;" HEIGHT="46" WIDTH="80" VPOS="3434" HPOS="935"/>
<SP HEIGHT="36" WIDTH="31" VPOS="3444" HPOS="1016"/>
<String CONTENT="aff." HEIGHT="40" WIDTH="79" VPOS="3433" HPOS="1048"/>
<SP HEIGHT="38" WIDTH="30" VPOS="3435" HPOS="1128"/>
<String CONTENT="June" HEIGHT="40" WIDTH="122" VPOS="3435" HPOS="1159"/>
<SP HEIGHT="39" WIDTH="27" VPOS="3436" HPOS="1282"/>
<String CONTENT="18;" HEIGHT="41" WIDTH="80" VPOS="3436" HPOS="1310"/>
<SP HEIGHT="41" WIDTH="30" VPOS="3436" HPOS="1391"/>
<!-- cceid C1C5B72A-6C64-1014-8713-889FF4349C01 --><String CONTENT="A" HEIGHT="38" WIDTH="40" VPOS="3436" HPOS="1422"/>
<SP HEIGHT="39" WIDTH="27" VPOS="3436" HPOS="1463"/>
<String CONTENT="72840;" HEIGHT="40" WIDTH="167" VPOS="3436" HPOS="1491"/>
<SP HEIGHT="38" WIDTH="30" VPOS="3438" HPOS="1659"/>
<String CONTENT="Naylor" HEIGHT="46" WIDTH="181" VPOS="3438" HPOS="1690"/>
<SP HEIGHT="28" WIDTH="29" VPOS="3448" HPOS="1872"/>
<String CONTENT="co." HEIGHT="29" WIDTH="64" VPOS="3447" HPOS="1902"/>
</TextLine>
<TextLine HEIGHT="48" WIDTH="277" VPOS="3492" HPOS="290">
<String CONTENT="(34-16876)" HEIGHT="48" WIDTH="277" VPOS="3492" HPOS="290"/>
</TextLine>
<TextLine HEIGHT="66" WIDTH="368" VPOS="3604" HPOS="207" STYLEREFS="StyleId-91D05853-21DF-4451-8A54-CB0EC79670E3-">
<String CONTENT="Vidal," HEIGHT="66" WIDTH="186" VPOS="3604" HPOS="207"/>
<SP HEIGHT="64" WIDTH="26" VPOS="3606" HPOS="394"/>
<String CONTENT="Lois." HEIGHT="55" WIDTH="154" VPOS="3605" HPOS="421"/>
</TextLine>
<TextLine HEIGHT="70" WIDTH="1841" VPOS="3680" HPOS="274" STYLEREFS="StyleId-37231083-E637-4776-9EDA-406699488296-" CS="1">
<String CONTENT="Magpie," HEIGHT="68" WIDTH="250" VPOS="3682" HPOS="274"/>
<SP HEIGHT="66" WIDTH="27" VPOS="3682" HPOS="525"/>
<String CONTENT="by" HEIGHT="66" WIDTH="75" VPOS="3682" HPOS="553"/>
<SP HEIGHT="66" WIDTH="28" VPOS="3682" HPOS="629"/>
<String CONTENT="Lois" HEIGHT="53" WIDTH="133" VPOS="3681" HPOS="658"/>
<SP HEIGHT="52" WIDTH="27" VPOS="3682" HPOS="792"/>
<String CONTENT="Vidal." HEIGHT="54" WIDTH="190" VPOS="3680" HPOS="820"/>
<SP HEIGHT="49" WIDTH="74" VPOS="3682" HPOS="1011"/>
<String CONTENT="London," HEIGHT="58" WIDTH="254" VPOS="3682" HPOS="1086"/>
<SP HEIGHT="56" WIDTH="30" VPOS="3684" HPOS="1341"/>
<String CONTENT="Faber" HEIGHT="51" WIDTH="182" VPOS="3683" HPOS="1372"/>
<SP HEIGHT="32" WIDTH="28" VPOS="3702" HPOS="1555"/>
<String CONTENT="and" HEIGHT="51" WIDTH="109" VPOS="3684" HPOS="1584"/>
<SP HEIGHT="51" WIDTH="32" VPOS="3684" HPOS="1694"/>
<String CONTENT="Faber" HEIGHT="52" WIDTH="182" VPOS="3683" HPOS="1727"/>
<SP HEIGHT="46" WIDTH="36" VPOS="3702" HPOS="1910"/>
<String CS="1" CONTENT="[1934]" HEIGHT="62" WIDTH="148" VPOS="3686" HPOS="1967"/>
</TextLine>
<TextLine HEIGHT="48" WIDTH="622" VPOS="3755" HPOS="276" CS="1">
<String CONTENT="3" HEIGHT="39" WIDTH="27" VPOS="3757" HPOS="276"/>
<SP HEIGHT="46" WIDTH="28" VPOS="3757" HPOS="304"/>
<String CONTENT="p." HEIGHT="37" WIDTH="40" VPOS="3766" HPOS="333"/>
<SP/>
<String CS="1" CONTENT="l.," HEIGHT="16" WIDTH="7" VPOS="3787" HPOS="441"/>
<SP HEIGHT="48" WIDTH="31" VPOS="3755" HPOS="449"/>
<String CS="1" CONTENT="9-493" HEIGHT="39" WIDTH="140" VPOS="3755" HPOS="481"/>
<SP HEIGHT="47" WIDTH="29" VPOS="3755" HPOS="622"/>
<String CONTENT="p." HEIGHT="36" WIDTH="41" VPOS="3766" HPOS="652"/>
<SP HEIGHT="38" WIDTH="59" VPOS="3755" HPOS="694"/>
<String CS="1" CONTENT="22&#189;c" HEIGHT="37" WIDTH="54" VPOS="3755" HPOS="754"/>
<String STYLE="superscript" CONTENT="m" HEIGHT="20" WIDTH="32" VPOS="3757" HPOS="853"/>
<String CONTENT="." HEIGHT="8" WIDTH="7" VPOS="3786" HPOS="891"/>
</TextLine>
<TextLine HEIGHT="40" WIDTH="398" VPOS="3812" HPOS="277">
<String CONTENT="Reminiscences." HEIGHT="40" WIDTH="398" VPOS="3812" HPOS="277"/>
</TextLine>
<TextLine HEIGHT="52" WIDTH="1975" VPOS="3878" HPOS="212" CS="1">
<String CONTENT="&#169;" HEIGHT="51" WIDTH="50" VPOS="3878" HPOS="212"/>
<SP/>
<String CS="1" CONTENT="1c."/>
<SP HEIGHT="37" WIDTH="30" VPOS="3884" HPOS="358"/>
<String CONTENT="Mar." HEIGHT="38" WIDTH="119" VPOS="3884" HPOS="389"/>
<SP HEIGHT="38" WIDTH="27" VPOS="3884" HPOS="509"/>
<String CONTENT="28," HEIGHT="47" WIDTH="67" VPOS="3882" HPOS="537"/>
<SP HEIGHT="45" WIDTH="27" VPOS="3884" HPOS="605"/>
<String CONTENT="1934;" HEIGHT="47" WIDTH="140" VPOS="3882" HPOS="633"/>
<SP HEIGHT="46" WIDTH="30" VPOS="3883" HPOS="774"/>
<!-- cceid C1C61D3A-6C64-1014-8713-889FF4349C01 --><String CONTENT="A" HEIGHT="38" WIDTH="43" VPOS="3883" HPOS="805"/>
<SP HEIGHT="38" WIDTH="24" VPOS="3883" HPOS="849"/>
<String CONTENT="ad" HEIGHT="38" WIDTH="61" VPOS="3883" HPOS="874"/>
<SP HEIGHT="40" WIDTH="28" VPOS="3881" HPOS="936"/>
<String CONTENT="int." HEIGHT="40" WIDTH="84" VPOS="3881" HPOS="965"/>
<SP HEIGHT="38" WIDTH="30" VPOS="3883" HPOS="1050"/>
<String CS="1" CONTENT="18786;" HEIGHT="39" WIDTH="140" VPOS="3881" HPOS="1081"/>
<SP HEIGHT="36" WIDTH="32" VPOS="3893" HPOS="1248"/>
<String CONTENT="pubd." HEIGHT="46" WIDTH="140" VPOS="3883" HPOS="1281"/>
<SP HEIGHT="38" WIDTH="31" VPOS="3883" HPOS="1422"/>
<String CONTENT="Feb." HEIGHT="39" WIDTH="108" VPOS="3883" HPOS="1454"/>
<SP HEIGHT="38" WIDTH="30" VPOS="3884" HPOS="1563"/>
<String CONTENT="1;" HEIGHT="45" WIDTH="50" VPOS="3884" HPOS="1594"/>
<SP HEIGHT="45" WIDTH="32" VPOS="3884" HPOS="1645"/>
<String CONTENT="Little," HEIGHT="47" WIDTH="162" VPOS="3883" HPOS="1678"/>
<SP HEIGHT="45" WIDTH="30" VPOS="3885" HPOS="1841"/>
<String CONTENT="Brown," HEIGHT="45" WIDTH="189" VPOS="3885" HPOS="1872"/>
<SP HEIGHT="37" WIDTH="30" VPOS="3893" HPOS="2062"/>
<String CONTENT="and" HEIGHT="38" WIDTH="94" VPOS="3883" HPOS="2093"/>
</TextLine>
<TextLine HEIGHT="48" WIDTH="819" VPOS="3938" HPOS="280">
<String CONTENT="company," HEIGHT="37" WIDTH="244" VPOS="3949" HPOS="280"/>
<SP HEIGHT="46" WIDTH="31" VPOS="3940" HPOS="525"/>
<String CONTENT="Boston." HEIGHT="39" WIDTH="193" VPOS="3940" HPOS="557"/>
<SP HEIGHT="44" WIDTH="70" VPOS="3938" HPOS="751"/>
<String CONTENT="(34-18656)" HEIGHT="47" WIDTH="277" VPOS="3938" HPOS="822"/>
</TextLine>
</TextBlock>
</PrintSpace>
</Page>
</Layout>
</alto>