2350 4196
1103 3995 131 49 1155

161 357 278 64 Metzger,
471 356 200 54 Berta.

233 444 233 55 Picture
502 447 141 52 tales
682 446 152 53 from
873 447 92 51 the
1006 444 255 68 Chinese,
1297 445 74 66 by
1408 447 175 49 Berta
1622 444 254 67 Metzger
1919 489 54 8 ...
2019 444 136 53 with

165 524 288 68 drawings
490 525 75 66 by
605 525 248 52 Eleanor
891 526 246 51 Frances
1176 522 331 52 Lattimore.
1585 523 138 51 New
1763 523 179 65 York,
164 523 1970 131 Frederick
343 604 71 52 A.
447 602 201 55 Stokes
678 621 295 49 company,
1005 606 148 49 1934.

237 672 1354 53 xii p., 1 l., 106, [3] p. incl. illus., plates. 14×19 cm .
167 743 50 51 ©
249 747 125 47 Sept.
402 747 54 38 13,
496 746 114 39 1934;
666 746 64 39 2c.
760 747 92 38 and
881 745 80 39 aff.
992 744 126 48 Sept.
1145 744 80 46 18;
1254 743 41 39 A
1321 743 170 47 75349;
1522 744 263 39 Frederick
1813 744 51 39 A.
1899 744 170 41 Stokes
2096 754 66 31 co.

245 802 278 50 (34-30045)

162 904 203 67 Miller,
395 905 221 65 Justin,
649 910 169 49 1888-

239 1039 55 9 ...
338 996 361 53 Illustrative
737 1015 150 34 cases
928 1014 70 34 on
1038 994 263 54 criminal
1340 995 129 67 law,
1508 994 76 70 by
1625 994 199 54 Justin
1864 994 196 55 Miller
2103 1037 57 11 ...

164 1073 54 51 A
248 1073 340 69 companion
615 1073 148 54 book
791 1081 59 46 to
880 1073 194 53 Miller
1103 1091 72 34 on
1205 1072 265 53 criminal
1500 1072 127 53 law.
1695 1071 84 56 St.
1810 1072 167 68 Paul,
2004 1073 160 55 West

167 1150 334 70 publishing
535 1169 98 50 co.,
673 1154 150 51 1934.

235 1224 98 47 viii,
363 1224 87 41 310
479 1235 41 36 p.
581 1223 147 42 23½cm.
799 1224 286 48 (Hornbook
1116 1232 109 31 case
1258 1222 174 50 series)

169 1294 1997 52 © July 19, 1934; 1c. Sept. 8; 1c. and aff. Sept. 10; A 75217; West pub.
235 1365 64 28 co.
373 1354 279 48 (34-29863)

161 1459 297 53 Missouri.
536 1461 275 66 Supreme
845 1466 173 47 court.

233 1537 245 68 Reports
512 1536 63 53 of
610 1556 149 36 cases
795 1537 350 52 determined
1185 1583 54 8 ...
1278 1537 250 52 between
1565 1538 334 67 September
1932 1542 47 63 3,
2015 1541 152 65 1932,

164 1615 111 52 and
302 1617 310 52 December
640 1620 82 55 31,
754 1619 148 51 1932.
967 1617 155 54 John
1151 1618 222 50 Turner
1398 1616 214 68 White,
1637 1622 273 61 reporter,
1975 1635 51 33 v.
2050 1621 116 49 331.

165 1692 317 69 Columbia,
518 1694 133 67 Mo.,
689 1696 66 51 E.
791 1697 87 52 W.
920 1693 279 68 Stephens
1235 1694 337 68 publishing
1607 1715 97 47 co.,
1743 1698 149 49 1933.

236 1769 83 47 xii,
351 1768 127 40 1356.
509 1769 45 38 vi
587 1779 42 37 p.
687 1768 56 39 24
745 1771 44 20 cm
795 1799 6 7 .

171 1835 52 51 ©
248 1839 108 39 Feb.
382 1839 68 46 21,
477 1837 139 48 1934;
645 1838 64 39 2c.
739 1839 109 38 Feb.
876 1838 80 46 24;
987 1837 80 39 aff.
1094 1838 124 38 June
1245 1838 80 46 15;
1355 1838 39 38 A
1420 1837 171 47 73086;
1622 1840 133 46 Eppa
1784 1838 188 48 Elliott,
238 1838 1914 97 Jefferson
356 1895 123 47 City.
512 1897 90 37 Mo.

167 1998 265 66 Morrow,
464 2000 137 51 Mrs.
635 2000 157 53 Gene
824 2000 230 52 Juneau
1086 1996 257 66 (White)
1386 2001 170 51 1886-

241 2077 317 53 Historical
608 2081 176 63 notes,
836 2076 342 56 Clarksville
1232 2076 329 68 1784-1865,
1614 2077 74 67 by
1738 2077 156 54 Gene
1943 2077 228 54 Juneau

171 2156 248 52 Morrow
474 2199 53 8 ...
622 2155 380 67 [Clarksville,
1050 2156 195 66 Tenn.,
1295 2155 345 54 Clarksville
1689 2155 479 67 Leaf-chronicle]

169 2241 18 20 c
192 2237 151 50 1934.

245 2307 83 50 [30]
364 2318 43 37 p.
468 2307 55 39 27½
558 2309 43 20 cm
607 2341 6 5 .

244 2366 66 37 “A
342 2364 252 40 collection
626 2364 50 40 of
704 2374 282 38 newspaper
1014 2364 579 42 articles.”—Foreword.

245 2422 281 48 “Approved
557 2422 59 46 by
648 2421 332 48 Montgomery
1008 2422 177 46 county
1211 2421 257 41 historical
1495 2423 226 47 society.”

245 2480 99 39 “An
376 2479 173 40 official
578 2478 300 49 publication
909 2478 50 40 of
990 2479 79 39 the
1102 2477 289 43 Clarksville
1421 2481 501 47 sesqui-centennial.”

175 2549 50 51 ©
261 2553 126 39 June
422 2552 38 48 6,
497 2551 139 46 1934;
673 2554 65 36 2c.
776 2551 94 38 and
905 2548 79 40 aff.
1022 2550 118 46 Aug.
1176 2550 52 47 6;
1267 2551 38 37 A
1341 2550 169 49 73726;
1551 2552 52 40 G.
1640 2553 42 40 J.
1721 2555 222 46 Morrow,
243 2555 1913 101 Clarksville,
402 2610 146 38 Tenn.
621 2606 279 48 (34-30027)

172 2714 214 64 Myers,
422 2712 221 55 Elaine.

243 2792 217 52 Loaves
509 2790 112 52 and
669 2787 185 68 fishes,
901 2788 74 68 by
1024 2789 205 55 Elaine
1276 2789 209 69 Myers.
1570 2791 139 53 New
1763 2792 174 67 York,
1987 2796 66 49 R.
2104 2795 71 50 D.

175 2869 224 52 Henkle
437 2901 13 34 [
455 2874 17 20 c
477 2869 153 64 1934]

243 2941 85 41 345
360 2952 58 38 p.,
449 2942 24 38 1
528 2971 8 8 l.
596 2938 56 41 20
657 2941 42 21 cm
704 2971 9 8 .

177 3010 1829 51 © Sept. 18, 1934; 2c. and aff. Sept. 20; A 75390; Rae D . Henkle.
255 3069 279 50 (34-30248)

169 3173 143 53 New
342 3172 162 53 York
565 3170 191 66 (State)
841 3168 183 68 Laws,
1054 3176 255 62 statutes,
1340 3178 99 46 etc.

249 3292 56 9 ...
352 3249 179 52 Penal
571 3247 110 51 law
723 3246 112 52 and
878 3245 98 53 the
1017 3245 153 54 Code
1210 3246 65 53 of
1315 3247 264 54 criminal
1623 3251 312 67 procedure
1978 3253 63 53 of
2083 3255 96 51 the

175 3332 142 47 state
352 3326 64 53 of
450 3326 138 52 New
625 3322 181 69 York,
842 3322 139 53 with
1019 3325 387 53 amendments
1441 3328 203 66 passed
1681 3328 74 68 by
1790 3329 98 53 the
176 3330 1976 128 Legislature
338 3410 57 47 to

437 3405 97 51 the
574 3403 108 52 end
722 3400 65 53 of
826 3401 95 52 the
962 3401 228 67 regular
1229 3403 211 52 session
1485 3404 64 52 of
1593 3407 136 51 1934
1775 3449 55 10 ...
1913 3409 134 52 26th
2093 3410 83 52 ed.

179 3485 87 67 By
293 3482 216 69 Joseph
535 3481 68 52 R.
633 3480 314 68 Clevenger
978 3521 56 9 ...
1100 3478 249 70 Albany,
1377 3481 70 52 N.
1475 3482 92 69 Y.,
1593 3483 80 54 M.
1704 3484 227 53 Bender
1959 3486 44 50 &
177 3504 1977 127 company,

375 3557 419 70 incorporated,
826 3559 151 50 1934.

249 3628 1929 58 1 p. l., v-lxi p., 1 l., 540 (i. e. 600) p., 1 l., v-xlviii, 755 (i. e. 604) p.
177 3690 58 40 23½
266 3694 43 21 cm
315 3723 8 7 .

246 3749 63 40 At
335 3749 125 39 head
487 3746 52 40 of
566 3745 133 41 title:
734 3743 229 40 Bender's
993 3744 193 39 edition.

249 3805 247 48 Irregular
525 3801 190 50 paging.

183 3875 49 51 ©
266 3879 126 47 Sept.
424 3878 37 44 8,
491 3874 139 47 1934;
662 3872 65 41 2c.
758 3873 93 39 and
883 3872 79 39 aff.
1000 3873 125 47 Sept.
1156 3873 79 40 10:
1269 3874 39 38 A
1338 3874 169 47 74865;
1542 3877 236 39 Matthew
1809 3879 191 39 Bender
2031 3881 36 40 &
2096 3892 82 37 co.,

250 3936 88 39 inc.
410 3930 278 49 (34-29859)
