2350 4196
1093 4056 97 55 971

143 417 268 66 Dickens,
450 419 262 65 Charles,
753 419 324 55 1812-1870.

213 495 121 52 The
386 500 250 63 greatest
685 513 173 51 pages
912 493 65 53 of
1030 493 234 55 Charles
1318 492 250 54 Dickens;
1655 511 31 34 a
1740 489 398 71 biographical

141 573 196 51 reader
363 573 112 51 and
500 591 31 34 a
555 572 421 69 chronological
1000 571 264 54 selection
1290 570 155 53 from
1468 571 98 52 the
1588 569 187 54 works
1799 569 64 54 of
1887 569 250 54 Dickens

141 648 140 54 with
320 669 30 33 a
389 655 385 64 commentary
812 669 72 34 on
921 650 89 53 his
1048 648 106 54 life
1189 650 113 52 and
1344 654 106 47 art.
1548 649 109 68 [By]
1704 647 254 69 Stephen
141 648 1970 132 Leacock.

362 727 232 55 Garden
633 727 152 70 City,
822 728 69 53 N.
931 728 89 68 Y.,
1057 726 355 69 Doubleday,
1450 727 199 52 Doran
1688 727 112 52 and
1840 744 296 51 company,

141 805 125 68 inc.,
297 808 149 50 1934.

212 878 87 39 viii
325 889 57 37 p.,
412 879 25 39 3
490 911 21 16 l.,
540 877 143 42 3-233
713 888 41 38 p.
784 879 108 40 incl.
921 879 172 47 plates,
1123 878 162 47 ports.,
1312 876 190 40 facsim.
1562 876 172 47 plates.
1797 875 55 41 23½
1886 878 44 22 cm
1934 908 8 8 .

213 933 287 42 Illustrated
531 937 97 45 t.-p.

215 990 161 41 “First
408 991 227 41 edition.”

146 1046 50 51 ©
224 1050 115 47 July
364 1051 69 45 11,
460 1050 114 39 1934;
630 1050 66 40 2c.
724 1052 95 38 and
845 1049 81 41 aff.
954 1050 114 47 July
1094 1050 55 39 27;
1206 1051 40 37 A
1271 1048 144 41 73624;
1472 1049 298 47 Doubleday,
1798 1050 168 39 Doran
1993 1049 36 40 &
2056 1059 82 36 сo.,

211 1106 90 40 inc.
373 1106 280 49 (34-22191)

145 1206 272 68 Dittmer,
451 1209 186 67 Hans,
673 1213 170 50 1893-

217 1285 159 69 Spiel
419 1286 105 54 mit
568 1288 219 52 wolken
831 1289 117 51 und
991 1286 252 67 winden;
1292 1287 311 67 erzählung
1647 1306 99 33 aus
1791 1288 127 51 dem
145 1287 1965 146 segelfliegerleben,

543 1365 1517 67 von Hans Dittmer. Berlin, M. Warneck [ c 1933]
214 1438 86 40 129
331 1448 42 36 p.
433 1438 163 49 front.,
630 1440 61 47 pl.
752 1440 55 39 19
810 1442 43 20 cm
860 1471 7 8 .

146 1492 50 51 ©
229 1497 116 39 Nov.
377 1497 40 46 1,
450 1495 113 41 1933;
656 1507 36 29 1c.
726 1497 113 47 May
872 1498 38 45 1,
944 1497 113 39 1934;
1119 1496 41 38 A
1160 1495 269 48 -Foreign
1461 1495 144 40 24565;
1670 1494 184 41 Martin
1886 1496 252 48 Warneck,

212 1555 179 46 verlag.
462 1553 280 49 (34-22543)

144 1656 235 66 Elgood,
410 1657 179 65 Cyril.

221 1779 54 9 ...
313 1736 284 52 Medicine
626 1736 60 52 in
718 1736 214 68 Persia,
964 1737 75 66 by
1070 1736 162 67 Cyril
1264 1736 227 67 Elgood
1527 1780 56 9 ...
1619 1735 141 53 with
1794 1741 62 48 11
147 1735 1965 130 illustrations.
386 1813 138 54 New

552 1813 178 68 York,
755 1817 65 51 P.
847 1816 66 51 B.
939 1814 243 67 Hoeber,
1209 1814 125 67 inc.,
1363 1818 149 49 1934.

216 1887 102 48 xiii,
351 1887 85 40 105
467 1897 41 37 p.
540 1888 109 39 incl.
680 1887 162 48 front.,
876 1888 168 48 plates,
1079 1891 136 44 port.,
1245 1887 215 40 facsims.
1522 1887 55 40 17
1580 1889 43 20 cm
1631 1919 6 7 .
1708 1885 299 48 (Half-title:
2037 1887 103 41 Clio

149 1945 184 39 medica;
392 1955 27 28 a
447 1945 149 39 series
625 1945 51 40 of
703 1945 205 47 primers
939 1955 58 29 on
1025 1946 82 38 the
1135 1945 186 47 history
1350 1945 52 39 of
1429 1944 235 40 medicine
1696 1975 45 8 ...
1899 1945 14 47 XIV)

222 1999 157 41 Series
406 2003 107 38 title
539 2002 50 39 in
614 2004 111 45 part
752 2006 52 36 at
829 2003 125 39 head
980 2002 51 40 of
1057 2004 97 46 t.-p.

217 2056 348 50 Bibliography:
626 2070 42 37 p.
700 2060 157 40 91-93.

148 2113 50 51 ©
229 2117 114 47 July
371 2117 68 47 11,
468 2116 140 47 1934;
639 2118 66 39 2c.
735 2119 94 38 and
858 2117 81 40 aff.
971 2118 114 47 July
1114 2118 80 46 13;
1226 2119 40 37 A
1296 2118 169 46 73399;
1498 2118 123 39 Paul
1650 2118 54 38 B.
1734 2118 203 46 Hoeber,
1969 2117 89 39 inc.

228 2174 280 48 (34-22020)

142 2274 238 67 Forbes,
411 2278 192 65 Allan,
635 2277 171 54 1874-
1019 2296 177 50 comp.

221 2352 165 54 Some
410 2353 209 51 Indian
643 2359 192 49 events
857 2354 61 52 of
941 2354 137 55 New
1102 2354 300 68 England;
1428 2377 30 33 a
1483 2353 293 54 collection
1798 2352 64 55 of
152 2355 1965 143 interesting

268 2429 281 55 incidents
567 2433 62 51 in
650 2432 95 53 the
767 2432 140 54 lives
928 2432 62 52 of
1012 2433 94 52 the
1129 2434 156 68 early
1305 2432 223 55 settlers
1548 2431 62 53 of
1632 2432 116 52 this
1769 2437 237 62 country
2029 2431 112 53 and

152 2508 93 53 the
289 2508 253 69 Indians,
583 2509 139 54 with
764 2511 429 67 reproductions
1235 2510 61 52 of
1336 2530 127 35 rare
1503 2512 204 67 prints,
1748 2508 279 68 compiled
2068 2508 73 69 by

155 2585 172 53 Allan
369 2586 209 55 Forbes
625 2631 56 9 ...
756 2587 232 69 Boston,
1028 2587 238 54 Printed
1311 2588 93 56 for
1446 2589 95 53 the
1583 2588 159 54 State
1784 2591 168 50 street
1993 2593 149 48 trust

153 2681 293 52 company,
481 2667 148 49 1934.

221 2734 101 49 viii,
353 2735 71 49 [2],
451 2736 55 39 94
531 2747 42 37 p.
600 2735 108 41 incl.
736 2736 162 49 front.,
925 2736 143 51 illus.,
1096 2741 146 45 ports.
1298 2737 147 42 23½cm.

224 2791 72 41 On
320 2803 140 30 cover:
517 2793 263 41 Presented
805 2795 60 47 by
889 2796 80 39 the
1000 2795 135 41 State
1161 2797 151 39 street
1336 2798 130 39 trust
1490 2806 248 38 company.

496 2850 1650 52 CONTENTS. — Indian anecdotes. — “Welcome, Englishmen.” — Squanto
153 2906 167 49 guides
343 2908 81 39 the
448 2907 228 48 Pilgrims
701 2910 48 38 to
776 2909 182 39 Boston
983 2909 578 50 harbour.—Weetamoe,
1589 2912 79 39 the
1695 2921 153 38 queen
1872 2913 193 39 sachem
2091 2916 51 36 of

154 2965 564 40 Pocasset.—American
741 2965 201 40 Indians
966 2965 50 40 in
1039 2967 374 41 London.—The
1441 2970 146 38 death
1612 2969 51 40 of
1688 2968 455 42 Canonchet.—The

154 3021 236 49 captivity
424 3022 50 39 of
508 3023 140 47 Mary
682 3023 644 47 Rowlandson.—Aptucxet
1361 3025 197 48 trading
1591 3029 122 45 post,
1748 3027 81 39 the
1865 3026 189 40 “cradle
2091 3027 53 39 of

153 3079 255 40 American
441 3078 307 42 commerce”.

154 3136 50 51 ©
236 3141 127 39 June
389 3142 67 45 11,
486 3140 113 39 1934;
657 3140 65 39 2c.
753 3141 95 38 and
877 3139 80 39 aff.
989 3140 115 47 July
1133 3142 53 37 17;
1244 3141 41 38 A
1314 3141 143 40 74262;
1519 3142 139 40 State
1684 3146 151 36 street
1865 3145 130 37 trust
2023 3152 67 30 сo.

229 3198 279 48 (34-22235)

146 3299 122 52 The
297 3301 402 62 Fortnightly,
774 3318 87 33 no.
894 3303 117 63 813,
1038 3319 122 35 new
1188 3303 184 51 series.
1451 3302 347 68 September,
1828 3305 151 50 1934.

155 3370 1990 53 © 1c. Sept. 6, 1934; A ad int. 19834; pubd. Sept. 1; Fortnightly review,
219 3432 100 46 ltd.,
347 3431 210 39 London.

156 3531 209 66 Frank,
394 3534 219 62 Joseph
646 3534 160 64 Otto,
840 3537 169 48 1885-

218 3609 260 69 Mystery
517 3609 378 68 experiments
935 3612 112 51 and
1088 3610 282 68 problems
1412 3612 92 53 for
1544 3612 211 53 science
1794 3613 200 52 classes
2034 3613 109 52 and

150 3689 211 51 science
390 3688 173 67 clubs,
590 3688 76 67 by
694 3687 56 53 J.
782 3687 67 55 O.
881 3689 197 51 Frank
1113 3732 53 9 ...
1202 3690 236 52 assisted
1466 3690 76 68 by
1571 3689 133 69 Guy
1732 3690 56 53 J.
1820 3689 231 53 Barlow
2087 3733 55 10 ...

153 3763 280 70 Oshkosh,
460 3765 158 64 Wis.,
645 3766 54 53 J.
731 3764 66 55 O.
828 3766 196 52 Frank
1050 3768 45 50 &
1122 3782 143 51 sons,
1293 3773 18 21 c
1317 3770 149 51 1934.

221 3839 64 47 ix,
318 3840 84 39 187
434 3850 42 37 p.
537 3838 127 41 illus.
726 3839 56 38 18
785 3841 43 20 cm
833 3872 7 6 .

159 3891 50 51 ©
241 3897 108 39 Jan.
382 3897 38 46 5,
452 3896 113 40 1934;
625 3896 65 39 2c.
724 3897 121 38 Mar.
878 3897 24 38 5;
964 3896 81 39 aff.
1076 3897 111 46 Apr.
1220 3897 54 40 23;
1335 3898 41 38 A
1406 3898 143 39 71474;
1611 3898 41 39 J.
1688 3898 51 40 O.
1772 3897 165 39 Frank
1970 3897 35 39 &
2038 3908 110 29 sons

236 3952 64 48 (J.
335 3953 51 40 O.
420 3953 176 46 Frank,
631 3954 98 39 sole
762 3954 186 46 owner)
990 3953 235 48 Oshkosh,
1258 3953 117 41 Wis.
1446 3955 279 47 (34-21837)
