2350 4196
1080 4043 98 48 851

153 402 207 66 Leary,
391 400 207 54 Daniel
627 403 142 64 Bell,
804 405 168 50 1886-

230 477 375 54 Educational
640 477 374 70 psychology;
1049 496 68 34 an
1152 475 349 69 application
1535 476 62 54 of
1628 475 232 53 modern
162 475 1958 150 psychology

161 552 1963 137 to teaching [by] Daniel Bell Leary … New York, T. Nelson and sons. 1934.
230 706 92 41 xiv.
351 704 83 41 363
462 716 41 36 p.
558 705 54 38 21½
646 707 44 20 cm
696 738 7 6 .
775 705 297 50 (Half-title:
1101 705 176 39 Nelson
1305 704 256 42 education
1590 706 176 45 series)

233 762 340 47 Bibliography
594 773 7 28 :
641 773 38 36 p.
714 761 220 43 354-359,

158 820 51 50 ©
236 823 126 39 June
390 822 67 45 18,
486 821 140 43 1934;
655 822 66 40 2c.
751 824 94 38 and
871 821 81 40 aff.
981 821 127 40 June
1134 821 54 40 28
1206 832 9 35 ;
1246 822 40 37 A
1314 820 169 48 73257;
1514 821 211 40 Thomas
1753 821 178 39 Nelson
1961 821 36 41 &
2025 830 111 32 sons

233 879 279 47 (34-19170)

150 981 248 67 Leroux,
434 983 242 63 Gaston,
714 982 323 55 1868-1927.

224 1055 1929 73 The ki ss that killed, by Gaston Leroux … New York, The
152 1136 301 69 Macaulay
483 1153 279 52 company
797 1169 13 34 [
815 1142 17 21 c
838 1139 134 50 1934
975 1168 13 34 ]

222 1206 84 43 264
337 1219 41 37 p.
441 1208 55 40 20
500 1211 43 20 cm
549 1243 6 6 .

156 1263 50 51 ©
234 1268 115 46 July
375 1268 38 39 5.
441 1267 112 40 1934
573 1278 7 31 ;
609 1268 65 39 2c.
703 1269 95 38 and
825 1267 80 40 aff.
934 1266 116 48 July
1076 1268 52 45 7;
1157 1267 40 38 A
1221 1266 170 47 73319;
1423 1267 259 49 Macaulay
1709 1278 67 29 co.

237 1324 279 47 (34-18833)

148 1423 173 68 Loeb,
356 1427 266 52 Leonard
655 1425 300 66 Benedict,
992 1429 169 48 1891-

224 1504 118 53 The
370 1505 210 51 kinetic
609 1506 200 66 theory
836 1506 63 52 of
926 1522 186 49 gases;
1143 1503 168 68 being
1340 1524 30 32 a
1400 1509 121 47 text
1548 1505 111 52 and
1690 1503 286 53 reference
2002 1503 146 53 book

154 1581 185 54 whose
374 1600 244 49 purpose
653 1583 45 52 is
732 1588 56 46 to
821 1581 254 54 combine
1109 1583 93 50 the
1235 1582 254 54 classical
1524 1582 333 53 deductions
1890 1583 139 52 with
152 1600 1970 112 recent

312 1660 409 67 experimental
758 1660 276 53 advances
1069 1660 59 54 in
1163 1678 29 33 a
1232 1658 335 55 convenient
1602 1659 152 53 form
1790 1660 94 51 for
1918 1661 230 52 student

154 1734 1996 72 and investigator, by Leonard B. Loeb … 2d ed. New York
153 1816 114 53 and
294 1816 256 66 London,
580 1815 429 55 McGraw-Hill
1037 1816 147 52 book
1214 1832 296 51 company,
1539 1816 125 66 inc.,
1699 1819 148 50 1934.

225 1897 77 36 xx,
332 1888 84 40 687
443 1899 42 36 p.
546 1889 141 47 illus.,
715 1887 177 50 diagrs.
954 1888 54 40 23½
1043 1891 43 20 cm
1092 1923 7 8 .

227 1943 348 43 “References”
621 1946 94 39 and
764 1945 188 40 “Books
996 1945 389 40 recommended”
1432 1948 51 37 at
1526 1946 91 38 end
1663 1945 51 39 of
1757 1946 117 38 each
1919 1946 227 48 chapter;

155 2002 200 47 chapter
381 2012 50 29 vi
457 2002 220 39 contains
709 2001 347 41 “References”
1084 2005 51 37 at
1162 2003 89 39 end
1279 2002 51 39 of
1357 2005 95 37 two
1481 2002 51 40 of
1559 2003 63 39 its
1653 2003 222 39 sections.

153 2055 52 52 ©
233 2060 125 38 June
384 2060 68 45 22,
480 2059 140 45 1934;
649 2060 67 39 2c.
742 2059 127 40 June
892 2060 82 45 26;
1005 2060 82 40 aff.
1115 2061 126 39 June
1266 2060 83 47 28;
1379 2061 42 38 A
1447 2060 171 48 73243;
1648 2060 352 40 McGraw-Hill
2028 2060 123 41 book

224 2126 80 38 co.,
337 2116 88 40 inc.
497 2116 279 48 (34-18819)

146 2218 216 67 Lyons,
392 2221 182 55 Ruth.

225 2291 1922 77 Tomorrow’s rapture, by Ruth Lyons … New York, The
155 2372 822 65 Macaulay company [ c 1934]
222 2445 85 40 250
342 2457 40 36 p.
448 2445 54 40 19½
534 2448 44 20 cm
584 2479 6 7 .

154 2501 50 51 ©
232 2505 115 48 July
372 2506 40 47 2,
439 2506 139 46 1934;
606 2507 67 39 2c.
701 2509 95 37 and
823 2505 81 43 aff.
934 2508 114 46 July
1075 2509 50 44 7;
1155 2508 39 38 A
1221 2507 170 46 73321;
1423 2507 259 49 Macaulay
1708 2518 64 29 co.

233 2563 279 47 (34-18692)

146 2665 298 68 Madigan,
472 2666 154 54 John
655 2666 220 57 James.

225 2741 316 70 Managing
582 2743 149 52 cloth
773 2743 343 54 inventories
1159 2742 57 53 in
1258 2744 96 53 the
1396 2749 189 48 cotton
1629 2741 196 56 textile
1866 2740 283 70 industry,

157 2817 1989 76 by John J. Madigan … Boston, Mass., Harvard university,
152 2895 291 56 Graduate
468 2898 188 53 school
682 2899 62 51 of
766 2898 252 55 business
1045 2897 479 72 administration,
1551 2899 228 52 Bureau
1805 2898 64 53 of
1897 2898 249 54 business

156 2975 462 69 research [ c 1934]
218 3045 63 49 ix,
302 3047 53 40 53
374 3057 42 37 p.
468 3047 179 50 diagrs.
697 3049 55 40 28
755 3051 44 21 cm
805 3083 7 6 .
877 3048 269 49 ([Harvard
1166 3049 282 49 university.
1504 3051 249 40 Graduate
1773 3052 158 39 school
1954 3052 49 38 of
153 3050 1974 94 business

289 3104 413 51 administration]
759 3105 222 42 Division
1012 3107 51 39 of
1090 3109 237 40 research.
1386 3108 233 41 Business
1649 3110 222 38 research
1901 3109 184 39 studies

152 3171 72 30 no.
255 3161 50 47 6)

153 3215 1972 111 On cover: Publication of the Graduate school of business administration … Harvard university, vol. XXI … no. 3.
222 3332 247 50 “Adapted
508 3334 126 39 from
674 3346 26 28 a
741 3334 153 41 thesis
931 3335 263 40 submitted
1234 3337 47 39 in
1322 3336 180 48 partial
1541 3337 282 41 fulfillment
1861 3339 53 39 of
1952 3340 81 38 the
150 3348 1974 89 requirements

471 3391 78 39 for
578 3393 79 38 the
684 3393 172 47 degree
880 3392 52 38 of
957 3393 166 38 doctor
1147 3393 50 38 of
1224 3393 305 40 commercial
1559 3393 185 41 science
1770 3399 50 36 at
1851 3396 80 40 the
152 3396 1969 91 Graduate

256 3449 158 39 school
444 3448 52 39 of
520 3448 220 41 business
765 3448 397 42 administration
1187 3450 52 39 of
1265 3449 228 42 Harvard
1520 3451 508 48 university.”—Pref.

151 3504 50 51 ©
227 3508 124 41 June
375 3509 68 42 20,
469 3508 139 45 1934;
634 3509 66 39 2c.
727 3510 95 37 and
848 3507 80 42 aff.
955 3507 127 42 June
1104 3509 81 41 25;
1213 3509 40 38 A
1277 3509 169 45 72987;
1475 3510 255 42 President
1757 3513 94 38 and
1875 3511 191 40 fellows
2091 3512 53 39 of

218 3565 229 41 Harvard
477 3567 189 47 college,
699 3564 300 49 Cambridge,
1033 3565 143 40 Mass.
1248 3565 280 49 (34-18684)

142 3652 221 69 Magre,
394 3655 279 65 Maurice,
708 3653 170 55 1877-

273 3731 1467 73 … L’amour et la haine. Paris, Fasquelle [1934]
218 3802 613 53 2 p. l. , [7]-224 p. 19 cm .
214 3859 693 51 Bibliotheque-Charpentier.

148 3911 1905 59 © Mar. 16, 1934; 1c. May 15 ; A-Foreign 24641; Fasquelle editeurs.
223 3975 278 46 (34-18806)
