2350 4196
1157 3997 96 49 848

203 375 241 65 Graves,
472 376 253 54 William
752 377 244 55 Brooke.

274 451 275 53 Uniform
588 456 142 48 state
772 452 214 67 action;
1031 471 29 33 a
1101 452 240 68 possible
1383 451 300 53 substitute
1727 451 92 53 for
205 454 1958 141 centralization,

377 528 1811 71 by W. Brooke Graves … Chapel Hill, The University
204 605 64 52 of
296 606 186 52 North
513 605 268 54 Carolina
813 625 173 49 press,
1020 610 148 50 1934.

276 678 83 47 xii,
392 678 86 41 368
510 689 43 37 p.
616 679 127 40 illus.
773 680 182 47 (maps)
1024 679 56 39 24
1083 681 44 22 cm
1131 711 9 9 .

278 732 280 43 “Classified
582 735 85 40 list
691 735 52 40 of
765 736 221 39 national
1013 736 93 39 and
1134 735 233 41 sectional
1393 734 360 48 organizations
1779 736 53 40 of
1856 737 126 40 state
207 737 1967 93 administrative

461 790 236 41 officers”:
728 802 43 37 p.
817 790 233 51 [307]-325.

212 857 51 51 ©
301 862 125 39 June
462 863 67 45 15,
567 862 138 47 1934;
745 863 66 40 2c.
850 864 126 38 June
1012 863 81 46 26;
1135 863 79 40 aff.
1253 863 125 38 June
1416 862 80 47 19;
1537 863 41 38 A
1612 862 169 48 74000;
1824 863 280 48 University
2140 865 51 38 of

277 919 154 39 North
460 918 225 41 Carolina
715 930 147 36 press.
933 919 277 48 (34-19157)

205 1019 254 67 Gribble,
491 1023 265 53 Leonard
788 1023 304 64 Reginald,
1128 1026 166 49 1908-

282 1098 120 54 The
430 1105 177 47 secret
638 1099 63 51 of
732 1099 261 67 Tangles,
1028 1100 233 52 another
1294 1115 116 35 case
1448 1099 90 50 for
1573 1099 270 67 Anthony
1878 1098 169 53 Slade
2082 1099 108 52 and

212 1175 1953 140 Department X2, by Leonard R. Gribble … Philadelphia, London,
373 1252 1033 63 J. B. Lippincott company [ c 1934]
281 1324 87 41 288
396 1335 41 38 p.
499 1323 144 42 19½cm.

214 1395 1869 54 © June 14, 1934 ; 2c. and aff. July 2; A 73324; J. B. Lippincott co.
292 1456 277 47 (34-18691)

207 1557 341 66 Haberling,
580 1557 290 66 Wilhelm,
906 1559 168 53 1871-

348 1633 1849 70 … German medicine, by W. Haberling … translated by Jules
226 1712 1971 68 Freund … with 9 illustrations. New York, P. B. Hoeber, inc.,
222 1793 144 50 1934.

282 1864 102 47 xiii,
430 1864 84 40 160
558 1875 43 36 p.
644 1864 107 40 incl.
796 1864 163 46 front.,
1004 1867 147 45 ports.
1224 1865 54 39 17
1281 1867 44 20 cm
1331 1894 6 8 .
1422 1865 298 49 (Half-title:
1764 1865 104 41 Clio
1912 1864 184 42 medica
2114 1875 10 37 ;
2170 1876 28 30 a

214 1920 1450 51 series of primers on the history of medicine … XIII)
287 1978 157 40 Series
472 1977 107 40 title
603 1977 52 39 in
681 1980 110 45 part
819 1981 50 37 at
896 1978 123 39 head
1048 1978 49 39 of
1124 1980 94 45 t.-p.

218 2045 1922 51 © June 20, 1934; 2c. and aff. June 22; A 72931; Paul B. Hoeber, inc.
293 2105 278 48 (34-18987)

209 2208 321 64 Hamilton,
564 2208 351 63 Alexander,
952 2209 322 52 1757-1804.

282 2287 213 66 Papers
522 2303 70 34 on
618 2284 193 68 public
835 2284 194 68 credit,
1055 2301 302 37 commerce
1382 2286 112 52 and
1520 2284 233 68 finance,
1777 2286 73 66 by
1875 2285 327 52 Alexander

212 2361 1987 69 Hamilton, edited by Samuel McKee, jr. … with a foreword
212 2442 73 67 by
321 2441 175 51 Elihu
534 2441 163 51 Root.
772 2440 136 51 New
945 2438 176 64 York,
1159 2438 296 55 Columbia
1490 2439 315 68 university
1843 2458 171 49 press,
2052 2443 148 50 1934.

284 2512 1343 51 xxiv, 3 p. l. , [3]-303 p., 1 l. front, (port.) 23½ cm .
222 2583 1981 51 © June 30, 1934; 2c. July 5; aff. July 3; A 73295; Columbia univ. press.
297 2644 277 47 (34-18967)

217 2746 226 64 Harris,
478 2746 201 53 James
712 2745 248 62 Arthur,
996 2747 320 50 1880-1930.

288 2824 118 51 The
438 2821 530 70 physico-chemical
997 2822 313 66 properties
1341 2823 63 51 of
1433 2824 164 66 plant
1625 2841 129 48 saps
1782 2821 58 53 in
1872 2821 240 53 relation
2143 2828 56 45 to

221 2901 538 67 phytogeography;
797 2902 128 50 data
966 2918 69 33 on
1069 2899 188 52 native
1293 2901 321 66 vegetation
1648 2902 58 50 in
1738 2900 73 52 its
1847 2899 224 53 natural
221 2918 1955 112 environment
578 2979 106 66 [by]

721 2977 1480 67 J. Arthur Harris … Compiled from original
222 3057 222 51 records
474 3057 110 51 and
614 3056 185 53 edited
827 3055 74 66 by
928 3073 29 33 a
986 3054 315 53 committee
1329 3054 62 52 of
1418 3057 102 50 Dr.
1547 3054 226 54 Harris’
1802 3055 312 66 colleagues
2142 3054 57 53 in

223 3133 90 52 the
342 3132 334 67 University
703 3131 62 52 of
791 3132 334 52 Minnesota.
1201 3131 400 68 Minneapolis,
1630 3133 120 52 The
1775 3131 332 68 University
2139 3131 63 53 of

222 3208 707 68 Minnesota press [ c 1934]
296 3282 60 47 vi,
386 3282 84 40 339
497 3293 41 37 p.
599 3282 55 38 24
657 3284 43 21 cm
707 3314 5 6 .

296 3337 255 43 Foreword
584 3337 163 48 signed
769 3349 7 27 :
810 3337 180 47 George
1022 3337 50 39 O.
1104 3337 138 47 Burr,
1275 3337 122 40 Ross
1428 3337 153 41 Aiken
1615 3338 218 46 Gortner,
1867 3337 47 40 C.
1948 3337 51 40 O.
225 3338 1960 103 Rosendahl,
381 3395 264 39 chairman.

298 3449 374 48 “Bibliography
699 3451 50 39 of
779 3450 249 47 published
1060 3459 171 37 papers
1261 3460 57 29 on
1348 3451 80 38 the
1460 3450 450 47 physico-chemical
1938 3451 265 47 properties

226 3505 50 38 of
301 3506 136 46 plant
465 3506 152 39 tissue
642 3506 198 39 fluids”:
871 3516 41 37 p.
941 3504 155 41 16-20.

226 3558 1963 109 © May 26, 1934; 2c. June 15 ; aff. June 13; A 73089; University of Minnesota, Minneapolis. (34-18821)
221 3721 338 64 Hedworth,
590 3723 281 53 Barbara.

292 3796 119 51 The
460 3814 218 34 woman
727 3798 59 50 in
836 3797 329 67 possession,
1212 3798 72 67 by
1335 3797 258 54 Barbara
1644 3799 335 52 Hedworth.
2067 3797 139 53 New

229 3873 172 63 York,
429 3874 65 52 E.
521 3874 65 52 P.
614 3873 220 53 Dutton
862 3874 45 50 &
931 3892 96 48 co.,
1056 3874 104 52 inc.
1193 3906 13 34 [
1211 3880 17 21 c
1234 3876 134 50 1934
1372 3907 11 34 ]
