2350 4196
1172 4019 95 49 192

305 493 38 37 A
367 493 145 46 study
539 492 50 40 of
613 492 82 40 the
722 492 238 48 Disciples
985 492 51 39 of
1063 490 161 41 Christ
1250 491 48 39 in
1328 492 90 40 Los
1445 491 217 49 Angeles.

231 561 51 50 ©
311 565 106 39 Jan.
448 565 37 39 5.
514 564 138 40 1934;
684 565 65 38 2c.
779 564 106 39 Jan.
916 563 80 40 23:
1029 563 78 39 aff.
1138 564 105 38 Jan.
1274 563 80 45 16;
1386 563 38 37 A
1453 562 168 40 68960:
1655 562 279 47 University

1964 563 51 39 of
297 562 1898 98 Southern
408 621 283 40 California.
721 620 91 40 Los
839 621 217 44 Angeles.
1129 620 246 47 (34—3065)

230 735 192 65 Wells,
453 736 252 53 William
735 736 232 64 Morris,
1001 736 170 52 1857-

295 814 120 52 The
451 813 228 53 desert's
716 813 213 52 hidden
965 813 232 66 wealth;
1235 812 97 53 the
1364 813 105 53 life
1503 819 155 60 story
1694 812 64 52 of
1792 831 30 33 a
1856 831 133 33 man
2022 811 65 53 of
2118 812 96 54 the

225 892 305 51 American
560 892 228 66 people:
820 892 243 65 Kansas,
1094 890 151 52 from
1276 892 183 51 desert
1488 897 58 45 to
1578 890 473 67 world-granary.
2126 890 90 67 By

224 970 258 52 William
510 970 77 50 M.
617 970 192 52 Wells.
892 969 126 65 [Los
1047 968 264 68 Angeles,
1339 974 17 21 c
1362 971 150 63 1934]

296 1041 1079 49 232 p. inch front. plates, ports. 20½ cm .
231 1112 1982 50 © Feb. 3. 1934; 2c. Feb. 10: aff. Feb. 9; A 69375; W. M. Wells, Los
294 1173 219 45 Angeles.
587 1171 248 47 (34-2612)

234 1288 460 65 [Wertenbaker,
726 1290 189 52 Green
940 1289 245 65 Peyton]
1220 1287 170 53 1907-

352 1365 93 52 Rain
481 1383 71 34 on
584 1365 93 52 the
711 1365 297 52 mountain
1048 1364 108 69 [by]
1193 1363 186 55 Green
1412 1365 222 67 Peyton
1696 1364 210 68 [pseud.]
1982 1364 233 62 Boston,

227 1441 192 69 Little,
451 1444 229 67 Brown,
711 1443 112 51 and
854 1460 296 50 company,
1180 1444 149 50 1934.

296 1514 25 39 5
347 1525 44 37 p.
455 1546 7 14 l.,
494 1514 173 50 [3]-308
694 1524 42 38 p.
797 1514 55 40 18½
886 1517 43 21 cm
934 1547 7 8 .

229 1583 1710 51 © Feb. 16. 1934; 2c. and aff. Feb. 17; A 69520; Little, Brown,
1971 1587 93 38 and
294 1595 1903 96 company.
505 1644 249 46 (34-2905)

231 1747 256 64 Weston,
523 1747 241 63 George,
801 1749 169 50 1880-

297 1823 1918 61 Comet Z', by George Weston … London, Methuen & co.,
224 1902 104 52 ltd.
365 1905 170 63 [1934]

295 1974 25 40 3
349 1986 44 37 p.
460 2005 8 15 l.,
497 1973 84 41 280
610 1986 43 37 p.
715 1973 55 41 19
774 1977 42 20 cm
820 2006 9 8 .

299 2031 255 41 American
585 2032 182 40 edition
812 2032 139 47 (New
983 2032 141 46 York,
1160 2032 182 40 Farrar
1371 2032 36 40 &
1438 2032 252 47 Rinehart,
1724 2032 362 49 incorporated)
2129 2036 87 38 has

228 2091 106 39 title:
394 2090 90 39 His
509 2090 107 40 first
643 2090 187 40 million
861 2100 196 30 women.

231 2158 1982 51 © 1c. Feb. 26. 1934; A ad int. 18682; pubd. Feb. 1: G. Weston. Plainfield.
296 2219 144 39 Conn.
513 2218 247 48 (34-4986)

297 2322 110 51 His
440 2322 122 52 first
597 2322 224 52 million
857 2339 231 49 women,
1122 2322 72 66 by
1229 2322 221 66 George
1483 2323 260 66 Weston;
1783 2323 321 54 illustrated
2138 2325 74 66 by

227 2399 248 67 Georges
513 2399 312 54 Schreiber.
901 2400 137 51 New
1078 2401 176 63 York,
1291 2401 214 50 Farrar
1542 2403 42 49 &
1621 2400 296 66 Rinehart,
227 2400 1959 129 incorporated
422 2481 190 63 [c1934]

294 2551 24 38 5
346 2560 41 37 p.
452 2581 8 15 l.,
488 2550 144 39 3-312
659 2560 41 37 p.
758 2550 127 40 illus.
942 2550 55 39 20
1001 2552 43 20 cm
1050 2583 6 6 .

295 2607 197 38 London
519 2605 181 41 edition
738 2607 254 47 (Methuen
1018 2607 36 39 &
1081 2617 81 35 co.,
1191 2606 108 46 ltd.)
1336 2607 88 39 has
1453 2607 134 40 title:
1618 2607 165 41 Comet
1827 2609 60 39 Z.

229 2673 50 51 ©
311 2678 109 38 Feb.
450 2677 68 40 27.
550 2677 139 40 1934;
723 2678 66 38 2c.
822 2678 108 38 Feb.
963 2678 81 45 27;
1080 2677 79 40 aff.
1191 2677 110 40 Feb.
1333 2677 55 39 28:
1449 2678 36 37 A
1520 2678 168 40 69647:
1725 2679 50 39 G.
1810 2680 209 46 Weston,
294 2680 1900 93 Plainfield.

448 2734 144 39 Conn.
668 2734 248 47 (34-4060)

227 2835 286 64 Whiting,
545 2836 146 53 Ellis
719 2837 88 54 W.

292 2912 121 51 The
438 2917 156 62 story
619 2911 64 52 of
706 2912 121 68 life,
851 2914 35 51 by
952 2914 146 52 Ellis
1123 2914 86 52 W.
1234 2913 293 68 Whiting;
1556 2933 72 33 an
1650 2914 325 69 intelligent
2000 2937 215 33 answer

223 2996 56 46 to
338 2990 95 51 the
491 2990 273 67 question,
825 2990 278 67 “Mother,
1161 2991 183 51 where
1402 2993 70 51 do
1528 2992 192 53 babies
1778 3010 152 37 come
1988 2994 224 53 from?”

230 3067 308 67 [Menasha,
566 3066 158 68 Wis.,
754 3074 19 20 c
777 3071 151 63 1933]

294 3140 56 39 39
382 3151 41 37 p.
485 3141 125 38 illus.
673 3141 54 39 18
731 3142 42 21 cm
780 3173 7 7 .

297 3197 161 40 “First
494 3197 557 49 edition—copyrighted
1088 3199 248 46 February
1370 3196 126 42 1933.
1561 3199 182 41 Second
1778 3200 196 49 edition,
2012 3201 200 47 revised,

225 3254 312 48 copyrighted
568 3254 261 39 December
859 3255 157 40 1933.”

229 3321 50 51 ©
307 3327 109 37 Dec.
445 3325 67 39 29.
540 3325 139 39 1933;
709 3327 64 37 2c.
802 3326 106 38 Jan.
938 3325 67 47 10,
1035 3326 138 39 1934;
1203 3326 80 39 aff.
1313 3327 107 38 Jan.
1450 3327 51 45 8;
1532 3329 41 37 A
1600 3328 167 40 67921:
1801 3331 51 37 E.
1881 3331 67 36 W.
1981 3330 229 46 Whiting,

296 3382 250 46 Appleton.
577 3382 114 38 Wis.
772 3378 51 50 [©
853 3383 211 39 revision
1093 3385 92 37 and
1216 3383 258 48 additions]
1550 3384 248 49 (34-2614)

230 3482 293 65 Whitney,
555 3485 211 52 Harris
795 3484 212 67 Smith,
1040 3490 169 49 1870-

299 3561 215 67 Joseph
551 3562 61 51 of
650 3563 348 54 Bethlehem,
1032 3565 73 66 by
1137 3566 75 50 H.
1252 3565 54 54 S.
1342 3565 289 67 Whitney.
1704 3569 223 51 Benton
1961 3569 249 65 Harbor,

231 3638 188 57 Mich.,
453 3642 147 49 1933.

295 3711 825 47 2 p. 1., 14 numb. l., 1 l. 25½ cm .
297 3768 223 40 "Edition
556 3768 186 40 limited
779 3773 47 36 to
863 3770 89 39 five
989 3772 218 39 hundred
1244 3771 156 47 copies.
1508 3772 117 40 This
1663 3784 118 37 copy
1817 3779 82 35 not
1936 3775 273 39 numbered.

295 3825 37 38 A
364 3825 248 39 narrative
644 3834 146 38 poem.

230 3887 1979 56 © Oct. l. 1933; 2c. and aff. Dec. 28: A 68829: H. S. Whitney. Benton
295 3948 205 42 Harbor.
533 3951 139 40 Mich.
745 3951 248 49 (34-3952)
