2350 4196
1149 4003 98 47 452

287 445 85 42 578
399 457 44 37 p.
501 445 57 41 19½
591 449 43 21 cm
638 480 8 8 .

289 501 169 42 “1.-10.
488 503 250 41 tausend.”

222 568 1983 54 © Not. 16. 1933; 1c. Mar. 5, 1934; A-Foreign 23831; Paul Zsolnay
289 631 178 47 verlag,
498 640 103 38 a.-g.
677 631 248 47 (34-9380)

237 746 183 66 [Scott,
450 748 292 54 Winifred
772 751 173 62 Mary]

287 822 102 52 All
423 823 169 52 about
624 824 145 54 Jane
827 824 90 68 [by]
959 825 228 53 Pamela
1223 824 222 68 Wynne
1507 823 208 69 [pseud.]
1793 820 229 55 Garden
2056 820 150 70 City,

221 898 66 53 N.
317 900 90 67 Y.,
435 900 352 69 Doubleday,
814 902 196 53 Doran
1037 903 46 51 &
1110 920 291 50 company,
1427 902 125 55 inc..
1584 904 148 49 1934.

289 970 27 40 5
346 981 43 38 p.
454 1003 9 17 l.,
496 971 86 42 308
613 983 42 38 p.
714 973 58 41 20
772 975 46 22 cm
823 1005 7 8 .

288 1028 163 42 “First
478 1029 226 42 edition.”

221 1098 51 53 ©
296 1104 113 47 Apr.
436 1103 68 48 18,
531 1104 115 40 1934;
699 1105 66 39 2c.
794 1106 95 38 and
915 1104 52 41 aff.
1023 1105 114 47 Apr.
1164 1105 80 46 19;
1274 1105 42 38 A
1342 1103 168 47 72109;
1541 1104 298 47 Doubleday,
1868 1104 167 39 Doran
2061 1103 37 40 &
2122 1111 82 36 co.,

285 1160 90 40 inc.
446 1160 248 48 (34-8978)

214 1278 232 65 Seeger,
476 1278 326 57 Elizabeth.

286 1356 120 52 The
436 1361 249 63 pageant
713 1356 62 54 of
805 1356 241 55 Chinese
1076 1356 237 68 history,
1345 1356 75 68 by
1449 1355 302 52 Elizabeth
1785 1354 233 69 Seeger;
220 1353 1964 133 illustrated
436 1433 77 69 by
544 1434 263 53 Bernard
836 1433 283 55 Watkins.
1185 1434 258 67 London,
1533 1452 81 35 New
1648 1432 163 54 York
1867 1439 118 60 [etc.]
218 1433 1968 144 Longmans,
421 1510 186 56 Green
634 1512 112 52 and
776 1530 96 48 co.,
902 1515 151 51 1934.

286 1583 104 40 xvii
412 1594 59 38 p.,
499 1584 27 39 1
573 1614 23 17 l.,
623 1583 86 41 386
734 1595 43 38 p.
837 1584 127 42 illus.
1024 1584 57 41 21cm

284 1639 140 51 Maps
454 1651 59 30 on
542 1641 362 51 lining-papers.

290 1697 177 42 Covers
503 1700 84 40 the
620 1699 169 49 period
822 1699 128 41 from
987 1699 114 41 3000
1170 1732 7 7 B.
1247 1731 7 8 C.
1292 1705 52 36 to
1378 1706 81 35 the
1495 1699 239 50 founding
1772 1699 51 41 of
1859 1701 84 40 the
1980 1700 227 50 republic.

288 1756 160 41 “First
484 1756 226 42 edition.”

289 1814 508 48 “Acknowledgments
826 1814 96 40 and
951 1814 248 41 sources”:
1227 1825 44 38 p.
1298 1814 169 40 xi-xii.

218 1882 51 52 ©
298 1888 114 46 Apr.
440 1886 68 40 18.
538 1885 114 40 1934;
708 1885 67 40 2c.
806 1885 94 40 and
930 1883 79 41 aff.
1040 1885 113 47 Apr.
1182 1884 82 41 20;
1296 1885 42 39 A
1366 1885 170 42 72121;
1568 1886 287 48 Longmans,
1888 1886 155 41 Green
2072 1886 36 40 &
2136 1897 67 30 co.

296 1941 279 50 (34-27102)

211 2060 216 64 Shuey,
456 2060 218 64 Joseph
703 2061 184 55 Scott.

287 2137 121 52 The
440 2155 121 35 new
599 2135 319 54 California
952 2135 108 54 law
1098 2136 61 52 of
1191 2135 223 67 checks;
1450 2136 169 54 taken
1656 2136 151 52 from
1840 2137 94 54 the
1967 2144 236 47 statutes

218 2212 1984 149 and general laws, codes and decisions of the Supreme and Appellate courts … By Joseph S. Shuey … Seattle, Wash.,
221 2369 173 68 Legal
423 2369 333 70 publishing
784 2387 96 49 co.,
910 2375 17 22 c
932 2371 148 50 1934.

284 2440 415 42 18 1. 23 × 29cm.
286 2497 255 49 “Stripped
573 2497 50 40 of
648 2498 128 47 legal
806 2498 317 47 phraseology
1156 2499 92 39 and
1276 2500 140 39 made
1446 2500 171 39 clear.”

285 2556 126 40 Text
439 2565 120 30 runs
588 2554 205 49 parallel
825 2553 120 42 with
976 2554 124 41 back
1129 2555 51 40 of
1212 2564 154 31 cover.

219 2626 51 51 ©
299 2631 120 38 Mar.
448 2630 69 46 31,
545 2628 139 46 1934;
715 2628 65 40 2c.
812 2629 95 38 and
936 2626 80 41 aff.
1046 2628 112 47 Apr.
1188 2627 59 40 16;
1300 2629 42 38 A
1370 2627 168 48 72071;
1572 2630 146 48 Legal
1747 2631 109 48 pub.
1885 2641 66 30 co.

297 2684 224 50 (34-8681)

212 2805 258 63 Spector,
500 2803 333 65 Benjamin,
865 2806 169 49 1893-
1247 2822 176 50 comp.

283 2881 1918 71 One hour of medical history, Benjamin Spector, M. D.,
212 2960 261 52 director.
548 2959 240 53 Volume
906 3001 8 7 III.
992 2960 230 66 Boston,
1263 2960 190 68 Mass.,
1496 2960 173 54 Tufts
1712 2962 207 68 college
1960 2963 239 53 medical

212 3038 206 67 school,
446 3041 151 49 1934.

287 3113 65 46 xi,
378 3112 83 40 181
488 3122 43 37 p.
559 3110 109 40 incl.
693 3110 164 47 front.,
884 3110 170 48 plates,
1082 3111 147 46 ports.
1284 3109 55 41 19½
1372 3113 45 21 cm
1420 3143 7 7 .

285 3169 241 47 Pageants
553 3167 140 48 given
720 3174 55 33 at
797 3166 146 40 Tufts
969 3167 180 47 college
1174 3167 202 39 medical
1403 3168 177 40 school.

218 3234 51 52 ©
308 3239 113 47 Apr.
459 3237 69 39 25.
567 3236 113 41 1934;
747 3236 68 40 2c.
855 3237 94 39 and
989 3235 80 41 aff.
1108 3237 111 47 Apr.
1258 3236 82 46 28;
1383 3238 42 38 A
1462 3238 169 46 71418;
1675 3240 191 39 Beacon
1904 3249 148 38 press,
2092 3240 107 46 inc.,

288 3295 195 40 Boston.

216 3407 225 66 Spiller,
469 3408 221 54 Robert
719 3409 235 64 Ernest,
984 3410 169 50 1896-

284 3486 54 50 A
372 3484 338 67 descriptive
744 3484 403 68 bibliography
1183 3483 62 53 of
1279 3485 95 51 the
1409 3485 261 69 writings
1707 3486 63 52 of
1806 3487 191 53 James

217 3486 1956 128 Fenimore
409 3561 235 67 Cooper,
685 3561 73 68 by
797 3560 214 53 Robert
1053 3561 65 52 E.
1165 3559 211 69 Spiller
1416 3561 43 49 &
1503 3562 199 69 Philip
1747 3562 61 56 C.
1853 3562 345 53 Blackburn.

272 3657 80 35 New
379 3638 177 66 York,
582 3639 66 51 R.
676 3638 68 52 R.
771 3637 242 53 Bowker
1039 3655 294 51 company,
1363 3641 148 50 1934.

284 3711 50 38 ix
357 3722 58 37 p.,
445 3711 23 38 2
518 3742 21 15 l.,
568 3710 97 46 259,
699 3710 53 49 [1]
780 3720 43 37 p.
883 3709 213 41 facsims.
1156 3710 143 40 24½cm.

287 3767 127 41 Title
445 3767 212 47 vignette
699 3767 256 46 (portrait)

289 3822 224 41 “Edition
538 3822 186 40 limited
751 3824 48 38 to
827 3821 86 40 500
939 3821 199 48 copies.”

218 3876 51 51 ©
299 3882 119 38 Mar.
449 3880 70 47 23,
549 3879 114 41 1934;
720 3880 66 39 2c.
817 3880 94 39 and
942 3879 80 40 aff.
1054 3880 120 39 Mar.
1205 3881 80 45 31;
1319 3881 41 38 A
1391 3879 166 48 70874;
1593 3882 53 40 R.
1680 3883 51 38 E.
1766 3882 185 48 Spiller,
285 3880 1896 104 Swarthmore,
460 3937 96 47 Pa.,
590 3937 93 39 and
714 3935 162 41 Philip
907 3936 48 40 C.
987 3936 290 40 Blackburn.
1310 3937 116 39 New
1457 3938 143 39 York.
1672 3937 248 47 (34-7398)
