2350 4196
1120 4009 59 48 1616

198 396 278 63 Waddell,
508 395 183 52 Helen
723 395 164 60 Jane,
921 401 66 45 tr.

268 472 199 52 Beasts
494 470 112 53 and
633 469 205 67 saints;
868 469 370 53 translations
1264 468 74 67 by
1364 466 183 53 Helen
1574 464 295 67 Waddell;
1901 464 284 52 woodcuts

197 548 74 68 by
295 548 211 53 Robert
534 547 298 68 Gibbings.
894 547 138 52 New
1059 545 179 66 York,
1262 544 77 52 H.
1368 543 144 53 Holt
1542 543 110 52 and
1679 559 278 50 company
1989 575 13 32 [
2007 547 16 21 c
2030 544 134 49 1934]

270 644 78 33 xx,
376 635 54 37 151
487 643 28 37 p.
556 632 108 40 incl.
689 632 160 47 front.,
877 632 127 40 illus.
1065 630 54 39 21
1123 632 43 22 cm
1172 662 6 8 .

272 684 1914 48 “Stories of … saints and beasts, from the end of the fourth to the end
199 739 1989 104 of the twelfth century … translated … from the original Latin.”—Translator's note.
272 857 259 42 “Sources”:
589 868 44 38 p.
663 858 215 40 149-151.

203 926 1984 52 © Nov. 8. 1934: 2c. and aff. Nov. 15: A 77244: Henry Holt & co., inc.
280 987 278 46 (34-10130)

199 1088 196 65 Ward,
424 1090 153 52 John
605 1088 253 54 William
890 1089 243 63 George,
1165 1089 169 53 1879-

268 1161 1859 71 The refiner’s fire, and other sermons, by J. W. G. Ward …
198 1241 139 52 New
363 1242 162 52 York
549 1242 112 52 and
687 1242 257 52 London.
970 1240 231 68 Harper
1227 1242 47 50 &
1297 1240 276 67 brothers,
1600 1242 148 50 1934.

272 1323 550 49 4 p. l., 124 p. 19½ cm .
269 1381 160 40 “First
461 1380 226 41 edition.”

204 1448 1902 52 © Nov. S. 1934: 2c. Nov. 14: aff. Nov. 16: A 78138: Harper & bros.
280 1510 278 45 (34-40131.)

204 1612 221 63 Wehrt,
460 1611 214 54 Rudolf
701 1628 134 39 van.

266 1687 404 68 Tannenberg;
700 1688 101 52 wie
828 1687 383 67 Hindenburg
1237 1687 90 52 die
1352 1688 217 52 Russen
1595 1685 215 68 schlug,
1836 1703 109 35 von
1970 1685 221 54 Rudolf

200 1785 107 34 van
335 1765 229 67 Wehrt;
596 1765 105 52 mit
731 1768 63 49 19
824 1765 349 53 aufnahmen
1201 1766 115 52 und
1348 1769 28 48 9
1404 1765 216 52 karten.
1698 1763 215 66 Berlin,
1944 1764 246 54 Ullstein

221 1847 159 49 [ c 1934]
267 1915 1373 52 273, [1] p., 3 l. illus. (maps) plates, ports. 19 ½ cm .
270 1973 531 49 "Quellennachweis”:
836 1974 100 39 leaf
968 1977 51 37 at
1052 1973 104 39 end.

204 2041 1709 51 © Aug. 10. 1934: 1c. Oct. 2: A-Foreign 25771: Ullstein a. g.
283 2101 278 42 (34-39909)

202 2205 322 63 Westphal,
554 2205 222 52 Arnold
809 2204 151 56 Carl.

270 2282 209 52 Junior
508 2281 249 67 surprise
789 2298 248 35 sermons
1064 2281 138 51 with
1232 2281 350 52 hand-made
1608 2280 230 67 objects,
1867 2281 75 66 by
1972 2281 223 52 Arnold

253 2358 1525 67 Carl Westphal … New York [etc.] Fleming H.
1817 2359 197 51 Revell
203 2377 1969 127 company
387 2470 11 33 [
404 2442 18 21 c
427 2439 151 64 1934]

272 2510 85 39 140
390 2521 42 36 p.
493 2509 142 48 illus.,
669 2508 176 48 diagrs.
910 2508 54 39 23½
997 2509 43 21 cm
1047 2539 7 8 .

207 2576 1926 51 © Oct. 27. 1934: 2c. and aff. Nov. 21; A 78212: Fleming H. Revell co.
282 2635 278 49 (34-39737)

210 2737 336 63 Wilkinson,
577 2737 257 54 Herbert
864 2737 240 62 Arnold,
1139 2744 168 49 1907-

330 2812 1863 70 … The American doctrine of state succession, by Herbert
198 2893 69 54 A.
307 2891 344 55 Wilkinson,
691 2909 96 34 ph.
830 2910 46 33 d.
954 2891 329 54 Baltimore,
1324 2892 121 53 The
1486 2893 183 54 Johns
1710 2891 268 63 Hopkins
2021 2910 170 44 press.

201 2973 149 50 1934.

270 3044 85 39 137
392 3054 43 37 p.
494 3042 56 39 24½
582 3044 44 22 cm
632 3073 7 7 .
711 3042 124 47 (The
873 3042 152 40 Johns
1064 3042 220 48 Hopkins
1322 3043 270 49 university
1631 3043 184 41 studies
1854 3043 48 38 in
1941 3043 250 41 historical

199 3097 1068 50 and political science … ser. LII. no. 4)
273 3156 167 39 Issued
467 3157 103 38 also
596 3166 52 28 as
676 3155 151 39 thesis
865 3155 106 39 (PH.
1029 3155 34 45 D.)
1098 3154 152 41 Johns
1277 3156 221 46 Hopkins
1525 3156 282 47 university.

205 3220 1902 55 © Oct. 29. 1934: 2c. and aff. Nov. 2: A 76870: Johns Hopkins press.
284 3281 278 49 (34-40071)

203 3381 304 66 Williams,
537 3384 276 52 Kenneth
843 3385 253 64 Powers,
1127 3388 170 52 1887-

269 3460 121 51 The
432 3460 339 52 calculation
814 3460 63 53 of
919 3462 94 51 the
1057 3460 176 56 orbits
1275 3463 64 52 of
1380 3462 274 56 asteroids
1698 3465 112 52 and
1852 3470 223 59 comets,
2117 3464 74 68 by
204 3537 265 52 Kenneth

511 3537 1692 71 P. Williams … Bloomington, Ind., The Principia·
201 3633 172 49 press,
403 3615 107 53 inc.
549 3649 11 33 [
565 3621 19 21 c
589 3618 150 64 1934]

271 3700 80 48 vii,
384 3700 85 40 214
501 3712 43 37 p.
604 3701 162 48 front.,
801 3703 177 48 diagrs.
1039 3703 55 40 26
1097 3706 42 21 cm
1146 3737 7 7 .

278 3757 99 40 One
404 3757 101 39 leaf
532 3758 52 39 of
609 3759 291 40 corrections
928 3759 98 41 laid
1056 3760 62 40 in.

275 3813 346 48 Bibliography:
685 3826 42 37 p.
764 3814 215 41 208-211.

208 3878 1982 60 © Aug. 22, 1934: 2c. Nov. 2; aff. Nov. 15: A 76872: Principia press, inc.
285 3941 278 46 (31-10078)
