2350 4196
1132 3992 98 51 638

189 373 273 66 Mulford,
496 375 275 55 Clarence
802 376 271 64 Edward,
1107 379 129 48 1883-

255 452 161 53 Trail
445 453 146 54 clust.
623 454 311 67 Hopalong
966 454 237 66 Cassidy
1236 453 109 52 and
1375 453 95 50 the
1501 454 118 50 Bar
1647 454 65 49 20
1743 453 138 50 with
1912 453 94 51 the
2033 453 137 52 trail

184 530 158 67 herd,
376 531 72 65 by
487 532 266 53 Clarence
791 533 65 50 E.
892 531 279 52 Mulford.
1242 530 226 55 Garden
1509 531 150 65 City,
1695 531 69 51 N.
1862 572 29 24 Y.,
186 531 1959 145 Doubleday,

341 609 198 53 Doran
565 613 46 49 &
636 627 294 49 company,
959 609 123 66 inc.,
1114 611 145 50 1934.

255 682 692 48 4 p. l., 311 p. 1 illus. 19½cm.
257 740 287 39 Illustrated
574 741 96 45 t.-p.

290 795 135 40 "First
451 794 224 40 edition.”

193 847 1979 52 © May 16, 1934; 2c. and aff. May 29; A 71834; C, E. Mulford, Fryeburg,
260 909 88 38 Me.
420 907 278 48 (34-27135)

187 997 142 53 New
359 996 160 53 York
553 996 189 67 (City)
832 996 365 64 Ordinances,
1228 1002 98 48 etc.

326 1068 1847 70 … The Code of ordinances of the city of New York, with all
196 1151 383 53 amendments
628 1156 58 45 to
736 1149 259 68 January
1048 1152 99 65 1st,
1200 1150 150 65 1934,
1402 1146 297 68 including
1748 1147 93 52 the
1893 1145 281 69 Building

196 1227 148 68 code,
393 1228 93 51 the
537 1245 119 36 new
706 1226 304 54 Electrical
1060 1227 149 66 code,
1256 1226 95 53 the
1401 1223 271 68 Sanitary
1721 1223 149 69 code,
1919 1224 111 52 and
2078 1224 94 54 the

196 1304 270 54 amended
497 1303 279 68 Building
803 1322 136 35 zone
966 1302 323 68 resolution,
1319 1301 186 53 edited
1533 1302 74 67 by
1635 1300 257 55 William
1920 1301 254 54 Edward

196 1378 1804 70 Baldwin … New York, Cleveland, Banks-Baldwin law
194 1379 1957 147 publishing
440 1476 277 50 company
753 1492 13 34 [
769 1465 20 22 c
793 1461 135 49 1934
932 1492 12 33 ]

262 1527 1304 51 2 p. l., 3-745 (i. e. 779), 16 p. illus., diagrs. 22½cm.
263 1586 65 40 At
357 1586 125 40 head
514 1586 52 40 of
595 1586 108 40 title:
764 1584 115 42 1934
910 1585 196 41 edition.

266 1642 72 41 On
370 1652 139 30 cover:
569 1642 118 40 New
718 1642 129 39 York
884 1642 126 41 Code
1041 1642 52 39 of
1123 1642 296 40 ordinances.

263 1700 154 39 Extra
449 1699 263 40 numbered
743 1707 147 40 pages
920 1698 228 41 inserted.

266 1755 384 49 “Photographic
675 1754 340 49 reproduction
1042 1755 51 40 of
1117 1757 80 38 the
1225 1755 171 41 official
1423 1755 183 41 edition
1634 1757 51 39 of
1711 1758 82 39 the

1819 1758 126 41 Code
1972 1758 50 40 of
192 1758 1964 96 ordinances.”—Pref.

194 1869 50 51 ©
272 1874 115 46 May
410 1875 41 44 4,
477 1872 114 40 1934;
645 1873 67 39 2c.
740 1873 95 38 and
863 1871 80 40 aff.
971 1872 113 47 May
1111 1872 24 39 7;
1191 1872 40 37 A
1259 1871 141 40 72340;
1456 1871 217 40 William
1700 1873 211 40 Edward
1939 1872 236 48 Baldwin,

261 1929 272 41 Cleveland.
609 1928 278 48 (34-13537)

185 2002 210 68 Niven,
429 2002 313 56 Frederick
775 2003 172 64 John,
981 2003 170 53 1878-

259 2081 301 68 Triumph,
586 2082 35 52 by
691 2080 306 54 Frederick
1028 2081 199 53 Niven.
1303 2082 138 51 New
1472 2082 179 61 York,
1681 2084 66 51 E.
1779 2085 64 51 P.
1878 2085 220 50 Dutton
2128 2087 44 48 &

191 2178 96 49 co.,
314 2160 105 53 inc.
454 2194 12 33 [
471 2166 17 22 c
494 2163 134 50 1934
631 2194 12 32 ]

259 2230 358 51 252 p. 19 ½cm .
264 2289 161 40 “First
451 2287 225 42 edition.”

196 2342 50 51 ©
276 2347 113 46 May
415 2346 69 40 23.
512 2345 113 40 1934;
678 2345 67 39 2c.
776 2344 94 39 and
899 2343 76 40 aff,
1009 2345 113 46 May
1149 2344 55 39 24:
1262 2345 40 38 A
1330 2345 141 39 71743;
1531 2346 52 39 E.
1614 2346 49 38 P.
1695 2346 188 39 Dutton
1912 2345 35 39 &
1976 2356 79 36 co.,
2086 2346 89 39 inc.

272 2401 278 50 (34-13509)

187 2474 203 65 Raine,
419 2473 254 56 William
702 2475 304 63 MacLeod,
1042 2476 168 51 1871-

261 2552 257 69 Roaring
560 2553 168 67 river,
775 2553 74 66 by
893 2552 258 55 William
1195 2554 285 52 MacLeod
1527 2553 196 53 Raine.
1799 2556 211 50 Boston
2063 2554 107 52 and

195 2629 137 54 New
362 2630 178 67 York,
568 2630 317 67 Houghton
912 2629 203 53 Mifflin
1140 2647 294 51 company,
1465 2635 148 49 1934.

264 2704 61 48 vi,
355 2703 88 41 297
468 2714 42 37 p.
569 2702 55 40 19½cm.

196 2756 1923 52 © Apr. 20, 1934; 2c. and aff, Apr. 26; A 72450; W. M. Raine, Denver.
275 2816 277 49 (34-13505)

191 2889 257 65 Richter,
482 2891 183 62 Hans,
701 2894 169 49 1889-

329 2963 1737 70 … Der herr auf Rassehne; roman. Berlin, Scherl [ c 1933]
267 3036 98 48 240,
402 3036 54 49 [1]
489 3047 42 37 p.
592 3035 57 40 19
650 3038 44 21 cm
699 3069 7 7 .

199 3093 1978 52 © Sept. 23, 1933; 1c. Jan. 9, 1934; A-Foreign 23314; August Scherl,
263 3164 40 37 g.
332 3164 59 29 m.
420 3154 40 38 b.
490 3153 43 38 h.
608 3151 277 48 (34-14574)

194 3228 266 64 Röttger,
495 3228 161 62 Karl,
694 3225 170 54 1877-

325 3301 1850 64 … Der heilige und sein jünger, roman. Berlin [etc.] P.
195 3381 258 67 Zsolnay,
488 3382 148 49 1934.

265 3451 96 48 219,
393 3453 54 49 [1]
474 3462 43 37 p.
581 3450 55 40 19½
669 3453 44 21 cm
717 3482 8 8 .

199 3507 1978 51 © Feb. 15, 1934; 1c. May 1; A -Foreign 24520; Paul Zsolnay verlag,
266 3577 102 37 a.-g.
444 3565 276 48 (34-14713)

198 3641 327 63 Rothstein,
557 3642 137 51 Mrs.
726 3639 250 62 Carolyn
1007 3640 249 63 (Green)

271 3716 140 51 Now
455 3714 93 53 Pli
593 3713 116 67 tell,
752 3713 73 68 by
872 3712 249 69 Carolyn
1164 3714 298 54 Rothstein
1519 3716 161 67 (Mrs.
1728 3715 224 53 Arnold
202 3713 1950 146 Rothstein)

420 3790 1695 67 with an introduction by Donald Henderson Clarke …
201 3869 134 52 New
369 3868 176 61 York,
575 3868 120 53 The
721 3866 314 68 Vanguard
1064 3885 170 50 press,
1265 3870 149 51 1934.
