2350 4196
1124 3998 98 55 670

178 380 167 55 Ohio.
421 382 222 54 Courts.

249 458 119 52 The
412 459 149 55 Ohio
603 460 109 52 nisi
757 460 160 68 prius
960 465 234 63 reports.
1271 462 136 51 New
1452 461 183 51 series.
1713 462 240 53 Volume
2155 505 8 8 XXXI.

181 534 166 54 Cases
391 535 233 55 decided
664 539 74 67 by
776 539 95 52 the
915 556 254 35 common
1209 539 172 68 pleas,
1422 539 237 67 probate
1701 539 111 51 and
1852 539 314 68 municipal

180 620 185 46 courts
396 614 62 52 of
485 616 94 53 the
607 621 144 49 state
781 616 64 52 of
873 617 165 55 Ohio.
1113 617 217 52 Vinton
1360 618 67 50 R.
1461 616 277 68 Shepard,
1768 617 198 53 editor.
179 611 1964 154 Cincinnati,

439 694 119 52 The
586 693 150 56 Ohio
765 696 110 49 law
901 699 255 63 reporter
1185 712 295 49 company,
1511 697 150 48 1934.

255 767 60 46 iv,
346 766 86 41 530
458 777 42 37 p.
556 766 145 40 23½cm.

185 818 51 52 ©
302 834 91 29 June
423 823 67 41 18,
522 823 139 42 1934;
693 824 67 39 2c.
792 825 95 37 and
917 822 79 41 aff.
1029 824 128 39 June
1184 823 81 39 20:
1300 823 40 38 A
1370 822 168 46 72881;
1575 820 121 43 Ohio
1727 824 93 37 law

1853 823 215 47 reporter
2100 835 67 29 co.

180 948 327 56 Oklahoma
540 951 201 69 digest.
779 954 131 48 1890
944 957 58 45 to
1036 952 146 53 date,
1217 949 265 68 covering
1518 950 75 52 all
1629 968 149 35 cases
1811 951 264 68 reported
2110 952 58 50 in

250 1027 320 55 Oklahoma
602 1033 221 63 reports
857 1030 111 51 and
1002 1025 208 57 Pacific
1243 1033 273 64 reporter,
1549 1027 139 53 with
1721 1035 226 47 current
249 1042 1894 122 cumulative
462 1107 200 67 pocket

701 1103 1406 74 service keeping the digest always to date …
249 1185 90 67 By
376 1185 94 52 the
508 1183 336 70 publisher’s
881 1183 265 54 editorial
1183 1181 148 57 staff,
1410 1203 48 33 v.
1500 1187 112 50 7-9.
1691 1184 81 54 St.
1811 1185 164 66 Paul,
2009 1187 158 52 West
247 1261 335 70 publishing
612 1280 78 35 co.
728 1297 11 32 [
745 1268 17 21 c
768 1266 135 48 1934
907 1296 11 32 ]

252 1337 25 39 3
338 1366 7 7 v.
402 1335 116 40 26cm.

592 1403 43 29 CONTENTS.—v.
674 1391 24 40 7.
751 1391 304 48 Exceptions,
1093 1391 95 39 Bill
1226 1390 457 51 of-Hospitals.—v.
1722 1389 41 41 8.
1801 1391 237 40 Husband
2076 1394 94 38 and

181 1449 450 47 wife-Judges.—v.
666 1447 41 41 9.
743 1446 598 53 Judgment-Marshaling
1376 1449 154 38 assets
1568 1448 94 39 and
1698 1446 267 43 securities.

188 1502 49 52 ©
268 1507 113 46 May
409 1505 68 47 16,
506 1505 113 40 1934;
677 1505 66 40 2c.
773 1506 117 38 each
919 1505 125 40 June
1072 1505 82 45 20;
1186 1502 107 42 affs.
1324 1504 125 41 June
1478 1504 81 46 21;
1592 1505 41 38 A
1659 1504 345 46 72916-72918;
2037 1506 136 38 West

253 1564 108 46 pub.
395 1573 65 30 co.

180 1637 250 64 Oregon.
504 1640 275 65 Supreme
814 1643 173 49 court.

250 1710 1918 78 Reports of cases decided … Bryan Goodenough, reporter,
180 1812 50 33 v.
274 1796 114 48 145.
465 1795 174 50 From
679 1790 316 55 November
1037 1795 45 64 9,
1126 1795 130 48 1933
1298 1797 57 49 to
1397 1792 296 67 February
1735 1795 46 63 6,
1824 1794 150 50 1934.
2055 1791 113 55 San
180 1869 320 68 Francisco,
544 1870 193 66 Calif.,
780 1869 581 69 Bancroft-Whitney

1404 1889 278 49 company
1731 1904 11 32 [
1748 1876 16 20 c
1771 1873 135 48 1934
1909 1903 13 32 ]

257 1945 102 46 xiii,
393 1943 86 42 759
507 1954 41 37 p.
607 1944 144 39 22½cm.

187 1998 53 51 ©
268 2002 128 39 June
422 2001 38 46 8,
489 2001 138 45 1934;
659 2000 66 40 2c.
756 2001 93 38 and
880 1999 80 39 aff.
991 2000 124 39 June
1143 2000 81 45 20;
1258 2000 40 37 A
1327 1998 167 47 72878;

1531 1999 135 41 State
1697 1999 49 40 of
1779 1999 199 48 Oregon,
2015 1997 156 41 Salem
255 2058 77 41 Or.

179 2135 201 62 Perry,
412 2131 335 66 Josephine.

254 2211 120 51 The
411 2211 127 52 how
575 2212 113 50 and
723 2210 131 65 why
892 2209 63 51 of
990 2210 163 51 home
1189 2209 283 67 etiquette,
1511 2209 76 67 by
1623 2207 308 68 Josephine
1970 2210 197 64 Perry.
186 2286 230 68 Seattle,
445 2290 271 49 Lowman
745 2290 44 50 &
817 2286 290 65 Hanford,
1139 2290 146 49 1934.

256 2361 25 38 1
312 2370 41 37 p.
417 2392 8 15 l.,
471 2359 130 49 [5]-93
631 2371 42 36 p.
734 2360 115 39 23cm.

189 2409 1980 62 © May 4, 1934; 2c. and aff. May 14; A 71630; Lowman & Hanford co.
268 2472 278 50 (34-14343)

180 2547 224 66 Potter,
434 2547 250 54 Devolco
715 2549 79 61 C.,
827 2551 172 48 1860-

254 2627 71 51 In
361 2624 330 54 memoriam
730 2625 112 51 and
882 2625 159 53 other
1080 2643 206 49 poems,
1325 2627 72 65 by
1434 2626 71 50 D.
1547 2625 62 54 C.
1648 2626 215 51 Potter.
1938 2625 232 62 Boston,
184 2703 119 53 The
336 2702 374 68 Christopher
740 2702 334 68 publishing

1102 2703 171 52 house
1351 2706 151 62 [1934]

254 2773 718 52 32 p. front. (port.) 21cm.
190 2830 51 50 ©
268 2834 114 47 Apr.
408 2833 69 46 27,
504 2833 140 39 1934;
673 2833 68 40 2c.
769 2834 113 44 May
908 2832 82 46 16;
1021 2832 82 40 aff.
1130 2834 114 46 May
1269 2833 83 46 19;
1383 2834 40 37 A
1451 2833 169 47 72420;
1653 2835 56 38 D.
1738 2833 50 41 C.

1818 2833 179 46 Potter,
255 2825 1900 118 Pittsburgh.
487 2886 66 52 [©
586 2890 207 46 changes
826 2890 94 38 and
952 2888 306 49 corrections]
1332 2889 278 47 (34-14318)

182 2965 174 63 Reed,
386 2963 256 54 Thomas
672 2965 307 63 Harrison,
1014 2968 165 49 1881-

255 3040 319 69 Municipal
623 3045 368 65 government
1035 3042 60 50 in
1140 3042 95 52 the
1282 3042 216 54 United
1549 3042 204 67 States,
1801 3042 73 67 by
1924 3042 245 51 Thomas

187 3115 1980 153 Harrison Reed … Rev. ed. New York, London, D. Appleton-Century
473 3212 293 51 company,
799 3196 396 68 incorporated
1235 3231 12 33 [
1253 3204 17 21 c
1276 3200 133 49 1934]

259 3268 64 47 xi,
357 3268 84 41 395
474 3280 42 36 p.
580 3269 153 40 tables
762 3269 48 47 (1
845 3269 142 47 fold.)
1057 3268 114 42 23cm.
1244 3270 94 48 (On
1376 3281 160 29 cover:
1571 3272 99 39 The
1707 3270 213 47 Century
1956 3271 213 47 political

186 3326 184 40 science
398 3325 173 47 series)

259 3381 344 41 “References”
634 3385 50 36 at
714 3382 88 41 end
835 3382 49 40 of
912 3384 115 39 each
1058 3384 198 45 chapter

193 3436 1978 57 © May 17, 1934; 2c. and aff. May 19; A 72437; D. Appleton-Century co.,
257 3497 90 39 inc.
418 3496 277 47 (34-14331)

206 3573 247 63 [Roosen,
480 3574 138 50 Max]

260 3650 107 51 Die
421 3648 435 68 entscheidung;
911 3649 89 51 die
1055 3649 536 53 wissenschaftliche
1644 3650 378 70 begründung
2073 3649 98 51 der

186 3744 177 33 neuen
404 3723 587 69 Reichsbankpolitik.
1069 3726 105 53 Als
1214 3727 364 69 manuskript
1620 3727 292 70 gedruckt.
1994 3727 173 67 Hrsg.

189 3822 109 33 von
350 3804 98 52 der
501 3802 492 68 Hamburgischen
1046 3804 590 70 studiengesellschaft
1691 3806 97 52 fur
1840 3804 329 71 organische

187 3880 337 53 wirtschaft.
597 3880 336 68 [Hamburg,
964 3887 20 20 c
989 3884 151 63 1933]
