2350 4196
1084 4018 96 49 891

151 358 320 66 Burnham,
506 359 214 65 Smith,
757 362 171 49 1866-

225 437 122 54 Our
384 437 340 68 beginnings
765 438 56 50 in
865 439 229 63 Europe
1135 438 111 51 and
1288 433 293 67 America;
1624 435 128 51 how
1793 432 350 54 civilization

152 512 1964 135 grew in the old world and came to the new, by Smith Burnham … with illustrations
964 594 110 51 and
1099 610 176 48 maps.
1351 590 423 67 Pennsylvania
1801 592 82 51 ed.
152 590 1964 149 Philadelphia,
437 672 250 67 Chicago
725 678 136 60 [etc.]
900 672 120 52 The

1051 669 1067 66 John C. Winston company [ c 1934]
224 756 76 36 xv,
332 744 69 50 [1],
429 745 84 38 411
542 755 42 37 p.
645 746 84 38 col.
757 745 162 47 front.,
946 744 141 47 illus.,
1116 744 155 46 plates
1299 742 135 47 (part
1462 742 111 47 col.)
1612 752 135 37 maps
1776 744 135 45 (part
1939 743 195 45 double)

155 801 143 40 20½cm.

224 857 388 49 Bibliographies
642 861 51 37 at
723 860 90 38 end
843 859 50 39 of
920 861 116 37 each
1066 859 212 45 chapter.

154 925 1906 52 © June 11, 1934; 2c. and aff. July 13; A 73413; John C. Winston co.
231 986 278 48 (34-20195)

147 1088 216 65 Cahen,
397 1090 286 55 Edmond.

285 1164 1596 69 … Léon-des-Landes; roman. Paris, Fasquclle [ c 1934]
222 1236 29 39 2
279 1247 43 37 p.
389 1268 8 16 l.,
433 1237 145 49 [7]-248
639 1249 41 36 p.
742 1237 55 40 19
799 1241 45 20 cm
851 1270 7 7 .

220 1294 695 48 Bibliothèque-Charpentier.

152 1363 51 52 ©
232 1369 119 38 Mar.
382 1369 68 47 23,
482 1369 113 40 1934;
654 1370 64 39 1c.
749 1371 113 46 May
891 1370 54 39 15;
1004 1369 309 48 A-Foreign
1342 1370 145 38 24642;
1546 1370 255 47 Fasquelle
1832 1369 228 42 éditeurs.

231 1425 279 48 (34-20037)

146 1528 342 55 California.
563 1531 244 52 District
842 1537 185 47 courts
1062 1531 64 66 of
1158 1532 219 65 appeal.

215 1605 1928 71 Reports of cases determined … from December 18, 1983,
144 1689 58 47 to
266 1685 296 67 February
625 1689 83 63 20,
776 1689 149 49 1934.
1000 1687 308 67 Randolph
1373 1688 67 52 V.
1506 1688 285 66 Whiting,
1856 1693 283 61 reporter;

145 1761 203 69 Henry
379 1764 64 51 F.
475 1763 279 68 Wrigley,
785 1763 260 55 William
1076 1766 64 54 F.
1174 1768 296 64 Traverse,
1500 1768 149 52 Win.
1683 1766 339 67 Nankervis,
2054 1766 89 67 jr.,

145 1840 269 53 assistant
455 1846 300 63 reporters,
831 1860 49 34 v.
929 1846 113 48 136.
1121 1842 115 54 San
1280 1844 322 66 Francisco,
143 1845 1977 141 Bancroft-Whitney

280 1937 295 50 company,
608 1923 148 49 1934.

217 1993 164 47 xxxvi,
412 1993 83 39 921
526 2004 42 37 p.
626 1994 55 38 22½
715 1996 43 20 cm
765 2026 7 7 .

150 2044 51 52 ©
231 2050 117 47 July
373 2050 68 47 26,
471 2050 139 47 1934;
641 2051 66 39 2c.
737 2052 95 38 and
862 2051 81 40 aff.
973 2051 118 48 Aug.
1120 2052 53 40 4;
1204 2052 40 37 A
1274 2052 167 41 73742;
1475 2053 487 43 Bancroft-Whitney
1994 2064 65 30 co.

144 2153 164 64 Carr,
336 2154 175 64 Mary
536 2154 167 56 Jane.

220 2230 276 54 Children
531 2232 64 51 of
627 2233 96 52 the
758 2233 234 53 covered
1027 2251 201 49 wagon;
1294 2250 29 33 a
1360 2237 84 47 story
1553 2231 63 52 of
1650 2232 95 51 the
1781 2231 94 53 old
1912 2231 229 67 Oregon

149 2307 151 69 trail,
332 2310 75 67 by
434 2311 171 67 Mary
634 2312 147 51 Jane
812 2311 172 66 Carr;
1017 2310 322 53 illustrated
1369 2310 74 67 by
1473 2311 209 52 Esther
1713 2312 214 50 Brann.
2004 2310 137 52 New
147 2386 177 69 York,
352 2388 247 53 Thomas

628 2389 877 67 Y. Crowell company [ c 1934]
220 2459 85 41 318
331 2472 41 36 p.
400 2461 110 41 incl.
537 2461 164 48 front.,
728 2463 142 45 illus.,
897 2463 169 47 plates.
1127 2462 51 38 21
1185 2463 42 21 cm
1234 2495 6 7 .

221 2517 287 41 Illustrated
529 2518 362 49 lining-papers.

150 2571 50 51 ©
231 2576 114 47 July
375 2576 68 47 10,
473 2577 114 39 1934;
645 2578 67 39 2c.
742 2579 95 38 and
868 2577 81 40 aff.
981 2578 81 39 July
1125 2578 55 38 12;
1239 2577 40 39 A
1308 2578 142 40 74183;
1511 2578 209 39 Thomas
1752 2578 51 38 Y.
1839 2577 205 41 Crowell
2075 2587 66 31 co.

228 2632 280 48 (34-20016)

143 2734 343 67 Chambers,
517 2737 116 63 Jay
661 2738 66 53 L.

211 2812 121 53 The
377 2832 122 34 new
544 2815 125 52 deal
716 2815 350 68 interpreted;
1148 2816 96 53 107
1289 2818 285 66 questions
1622 2818 111 52 and
1780 2836 245 34 answers
2071 2836 72 34 on

144 2890 92 52 the
281 2909 266 50 recovery
593 2910 281 36 measures
923 2895 112 52 and
1084 2894 457 54 administrative
1589 2896 272 68 agencies,
1906 2897 75 66 by
2027 2898 115 66 Jay

142 2966 1995 76 L. Chambers … and S. H. McGuire … [New Concord, O.]
142 3054 16 21 c
164 3050 148 50 1934.

216 3121 55 40 64
303 3132 43 37 p.
407 3122 55 40 23
466 3124 43 21 cm
514 3152 8 9 .
622 3123 72 39 (On
725 3133 163 31 cover:
923 3124 325 49 [Muskingum
1283 3128 192 47 college,
1510 3128 117 39 New
1663 3127 230 47 Concord,
1928 3127 66 50 O.]
145 3127 1982 90 Occasional
388 3178 199 41 studies,
643 3191 74 29 no.
748 3180 50 47 1)

219 3234 1589 50 “Muskingum college bulletin … series XXX … number 2.”
149 3287 49 51 ©
234 3292 125 40 June
394 3293 69 47 20,
498 3292 141 48 1934;
678 3294 67 39 2c.
782 3295 95 38 and
914 3294 80 40 aff.
1033 3296 129 40 June
1193 3297 82 46 28;
1314 3298 41 38 A
1392 3298 170 46 73260;
1602 3298 313 48 Muskingum
1951 3298 191 46 college.

216 3349 115 39 New
358 3349 229 47 Concord,
617 3350 50 40 O.
743 3350 279 48 (34-20064)

142 3449 279 66 Chatelle,
454 3451 229 57 Albert.

271 3525 1861 79 … L’effort belge en France pendant la guerre (1914-1918)
143 3621 130 39 avec
314 3608 99 49 325
456 3607 449 68 photographies
949 3626 71 34 ou
1063 3610 213 54 dessins
1319 3617 56 47 et
1419 3619 200 62 quatre
1660 3614 484 69 quadrichromies

143 3683 2000 79 en hors-texte; préface de m. Gaston Doumergue … Paris,
142 3759 433 56 Firmin-Didot
602 3769 54 46 et
686 3782 27 33 c
718 3762 33 29 ie
756 3805 10 25 ,
799 3766 148 50 1934.

217 3836 28 39 7
271 3846 40 37 p.
378 3867 8 17 l.,
421 3836 216 49 [13]-321,
669 3856 9 29 [1]
755 3847 41 37 p.
857 3838 143 46 illus.,
1031 3839 86 40 col.
1147 3851 28 36 pl.
1254 3844 135 45 ports.
1433 3843 138 49 (part
1602 3847 114 47 col.)
1753 3845 217 41 facsims.
2028 3844 56 41 33
2087 3845 45 22 cm
2136 3875 8 7 .

215 3892 102 41 One
352 3893 132 48 plate
521 3893 341 48 accompanied
900 3895 61 47 by
1000 3896 314 48 transparent
1352 3901 105 41 leaf
1492 3901 128 42 with
1657 3904 265 40 numbered
1960 3901 188 41 outline

146 3946 241 51 drawings
417 3952 95 38 and
540 3949 145 41 index
715 3951 50 39 of
793 3951 248 47 portraits.
