2350 4196
1141 4003 100 52 472

203 384 231 63 Laurie,
465 382 353 66 Alexander,
849 386 170 49 1892-

279 459 371 55 Commercial
671 458 189 54 flower
886 457 253 69 forcing;
1165 459 93 51 the
1281 457 423 53 fundamentals
1729 457 111 51 and
1862 456 147 54 their

208 475 1961 114 practical
381 537 349 68 application
766 542 58 47 to
859 537 95 52 the
989 536 217 53 culture
1241 535 61 52 of
1337 534 344 68 greenhouse
1719 551 178 50 crops,
1934 533 74 69 by
2046 533 146 55 Alex

211 611 1983 68 Laurie … and L. C. Chadwick … with forty-nine illustrations.
212 689 1375 70 Philadelphia, P. Blakiston’s son & co., inc. [c1934]
277 772 45 36 x,
352 759 87 42 519
462 772 43 37 p.
561 761 142 48 illus.,
732 762 177 47 diagrs.
964 761 56 38 22
1023 764 43 21 cm
1072 793 8 9 .

278 817 347 49 Bibliography
652 820 52 38 at
728 820 90 38 end
844 819 50 38 of
917 821 125 37 most
1067 818 50 40 of
1143 819 80 40 the
1250 819 238 46 chapters.

212 888 50 51 ©
289 893 113 46 Apr.
429 893 67 46 13,
524 892 139 47 1934;
692 894 66 39 2c.
788 893 93 39 and
910 892 80 40 aff.
1017 893 112 47 Apr.
1158 892 80 46 14;
1269 892 41 38 A
1335 891 169 47 71247;
1535 891 49 38 P.
1613 891 297 41 Blakiston’s
1936 903 89 30 son
2053 893 34 39 &
2115 902 81 38 co.,

277 948 90 40 inc.
438 949 248 48 (34-9907)

205 1051 331 65 Lawrence,
567 1053 282 62 Margery
877 1053 73 53 H.

279 1127 233 52 Madam
555 1127 189 61 Holle,
790 1127 73 61 by
907 1128 270 60 Margery
1221 1127 316 53 Lawrence.
1619 1127 255 61 London,
1918 1127 279 61 Jarrolds,

210 1204 222 55 limited
489 1208 151 64 [1934]

277 1276 89 40 288
393 1286 43 38 p.
493 1276 57 40 19
552 1278 43 21 cm
600 1308 9 8 .

212 1346 1983 54 © 1c. Apr. 13, 1934; A ad int. 18852; pubd. Feb. 16; Margery Towle,
279 1407 210 40 London.
560 1407 249 48 (34-9614)

206 1509 178 64 Levy,
414 1508 217 53 Melvin
659 1510 82 64 P.,
772 1514 170 49 1902-

283 1585 118 53 The
432 1588 111 50 last
570 1586 272 67 pioneers,
872 1585 73 69 by
973 1585 217 53 Melvin
1217 1585 170 69 Levy.
1455 1585 135 53 New
1622 1584 178 68 York,
1830 1585 68 52 A.
1931 1585 75 51 H.
2038 1585 162 68 King

216 1665 193 67 [c1934]

277 1734 90 41 368
392 1745 44 38 p.
495 1733 56 41 20
552 1736 44 21 cm
601 1765 10 10 .

212 1804 50 51 ©
293 1809 113 47 Apr.
436 1809 68 46 17,
536 1809 139 46 1934;
709 1810 66 38 2c.
808 1810 100 47 and,
934 1808 79 40 aff.
1046 1809 112 46 Apr.
1190 1809 80 46 18;
1306 1809 45 43 A
1376 1808 143 40 72096;
1580 1809 171 40 Alfred
1837 1842 6 8 H.
1877 1809 142 48 King,
2051 1811 88 37 inc.

289 1864 248 49 (34-9618)

206 1966 238 55 Lincoln
474 1968 233 54 electric
736 1984 101 48 co.,
870 1969 322 54 Cleveland.

277 2045 321 53 Procedure
639 2045 303 52 handbook
985 2044 64 53 of
1093 2064 90 33 arc
1230 2045 264 68 welding,
1538 2046 199 67 design
1780 2048 112 51 and
1935 2047 261 67 practice.

207 2121 1989 70 Enl. ed. … Cleveland, O., The Lincoln electric company, 1934.
278 2195 1191 48 viii, 454 p. illus., 3 fold. pl., diagrs. 23½ cm .
212 2263 50 51 ©
293 2268 119 38 Mar.
443 2268 39 46 1,
512 2266 139 42 1934;
683 2267 66 39 2c.
780 2267 112 46 Apr.
924 2267 50 45 5;
1008 2265 80 41 aff.
1120 2267 112 46 Apr.
1261 2268 54 44 4;
1347 2268 41 37 A
1418 2266 168 47 70929;
1621 2267 200 40 Lincoln
1851 2266 194 41 electric
2074 2277 66 30 co.

293 2323 248 48 (34-9870)

207 2428 269 60 Lorentz,
505 2428 168 55 Pare.
706 2428 83 53 ed.

279 2504 120 53 The
432 2504 300 52 Roosevelt
761 2521 162 50 year;
961 2527 30 32 a
1025 2503 417 68 photographic
1475 2505 215 66 record,
1724 2504 189 53 edited
1946 2505 75 68 by
2054 2505 145 51 Pare

208 2581 1967 147 Lorentz … New York and London, Funk & Wagnalls company, 1934.
277 2732 100 49 viii,
409 2733 83 40 197
523 2743 40 37 p.
596 2732 49 40 of
672 2732 144 49 illus.,
844 2734 164 46 ports.,
1039 2741 125 38 map.
1221 2732 56 40 30½cm.
1438 2734 248 48 (Literary
1720 2733 156 50 digest
1906 2735 172 47 books)

278 2789 260 41 “Sources”:
596 2800 41 37 p.
684 2788 63 50 [iv]

213 2856 50 51 ©
296 2860 110 47 Apr.
440 2859 68 48 12,
542 2859 139 47 1934;
716 2861 66 37 2c,
818 2860 94 38 and
946 2858 80 42 aff.
1059 2859 112 47 Apr.
1205 2860 81 46 23;
1323 2860 41 38 A
1397 2860 169 47 71327;
1604 2861 139 40 Funk
1776 2862 37 39 &
1845 2861 250 47 Wagnalls
2129 2871 66 30 co,

292 2916 249 47 (34-9644)

205 3018 282 66 Lorimer,
518 3020 266 55 Graeme.

283 3094 143 69 Stag
460 3094 130 68 line,
626 3094 74 69 by
741 3093 236 54 Graeme
1016 3095 111 51 and
1167 3093 183 54 Sarah
1388 3096 270 53 Lorimer.
1733 3096 230 68 Boston,
2001 3096 193 67 Little,

211 3172 210 53 Brown
455 3172 111 54 and
601 3190 293 50 company,
930 3172 148 51 1934.

280 3242 683 50 5 p. l., 3-301, [1] p. 20cm.
211 3313 50 51 ©
295 3319 113 46 Apr.
441 3318 68 47 23,
544 3317 139 47 1934;
719 3318 65 38 2c.
820 3318 94 38 and
949 3316 80 40 aff.
1064 3317 111 47 Apr.
1210 3319 82 44 24;
1328 3319 41 37 A
1403 3319 168 47 71343;
1611 3320 202 39 Graeme
1848 3319 216 40 Lorimer
2098 3320 95 39 and

281 3375 154 40 Sarah
467 3374 229 46 Lorimer,
730 3374 382 45 Meadowbrook,
1145 3374 79 38 Pa.
1297 3374 248 48 (34-9620)

206 3475 381 65 McCormick,
616 3477 219 52 Robert
865 3475 385 66 Rutherford,
1281 3480 170 49 1880-

277 3552 1817 68 The prospect for America [by] Robert R. McCormick …
213 3629 287 67 [Chicago,
529 3635 18 21 c
552 3633 135 48 1934]

277 3702 55 39 31
360 3714 29 36 p.
463 3702 54 39 23
522 3704 43 21 cm
570 3734 7 8 .

276 3756 72 41 An
376 3759 199 39 address
601 3758 241 39 delivered
870 3759 50 38 at
946 3758 177 39 Harris
1149 3758 113 40 hall.
1291 3758 365 41 Northwestern
1685 3760 283 47 university,
205 3760 1966 92 December
314 3814 68 51 13,
410 3813 126 41 1933.

210 3880 50 51 ©
294 3886 120 38 Mar.
447 3885 67 40 15.
548 3884 139 46 1934;
722 3885 66 39 2c.
823 3886 94 38 and
951 3883 79 41 aff.
1064 3885 111 46 Apr.
1209 3885 81 46 16;
1326 3886 40 37 A
1398 3885 169 47 72070;
1604 3887 211 41 Tribune
1850 3897 80 37 co.,
1966 3885 222 48 Chicago.

285 3941 248 48 (34-9846)
