2350 4196
1087 4056 131 51 1511

150 402 1649 71 Rogers, Mrs. Clara Kathleen (Barnett) 1844 – 1931.
219 484 464 55 Journal-letters
721 483 149 52 from
905 482 94 53 the
1036 479 218 68 Orient,
1290 478 72 69 by
1401 477 171 54 Clara
1607 475 284 55 Kathleen
1932 476 218 67 Rogers

152 554 1990 153 (Clara Doria) edited, with introductory letters and supplementary notes, by Henry Munroe Rogers … [Norwood, Mass.]
151 717 153 54 Priv.
337 719 157 65 print.
544 723 59 47 at
630 717 93 51 the
755 714 295 69 Plimpton
1079 731 171 50 press,
1283 715 149 49 1934.

218 795 82 41 xii.
329 794 87 40 420
448 805 40 37 p.
547 794 134 40 front.
725 795 172 47 (port.)
934 794 171 48 plates.
1162 793 143 38 24½cm.

151 856 1978 107 “This Clara Kathleen Rogers memorial edition is limited to five hundred copies … for private distribution. No copies are for sale.”
223 970 1926 49 “These letters … are now privately printed as a part of ‘The story of
152 1033 92 36 two
269 1028 519 42 lives’.”—Foreword.

223 1086 161 40 “First
412 1087 182 39 edition.
643 1086 191 47 printed
865 1086 125 38 from
1022 1087 111 44 type
1165 1085 90 38 and
1290 1087 110 43 type
1432 1084 308 39 distributed.”

156 1158 50 51 ©
249 1163 115 37 Nov.
439 1192 7 10 6,
487 1162 113 37 1934
620 1172 7 28 :
672 1163 65 37 2c.
780 1160 116 40 Nov.
938 1159 79 40 10;
1065 1158 80 41 aff.
1185 1158 116 38 Nov.
1346 1157 50 39 8:
1443 1158 39 37 A
1524 1157 142 39 77176;
1739 1158 168 46 Henry
1951 1159 201 38 Munroe

224 1219 194 46 Rogers.
454 1219 194 38 Boston.
722 1216 278 47 (34-87978)

150 1323 406 63 Seventh-day
588 1322 373 53 Adventists.
1040 1322 243 52 General
1314 1321 344 60 conference.

223 1398 191 53 Belief
457 1399 110 52 and
611 1398 158 53 work
811 1398 64 54 of
921 1396 390 69 Seventh-day
1355 1396 355 53 Adventists.
1788 1397 256 69 Century
2091 1396 64 53 of

155 1494 260 51 progress
438 1477 84 52 ed.
599 1476 313 53 Published
935 1475 94 53 for
1050 1475 95 52 the
1169 1474 246 55 General
1437 1473 332 55 conference
1791 1475 64 53 of
153 1474 2001 148 Seventh-day
303 1553 356 68 Adventists,
695 1553 405 69 Washington,
1139 1553 71 53 D.
1254 1551 62 56 C.
1392 1551 304 54 Mountain
1735 1552 182 69 View,
1961 1552 196 67 Calif.,

154 1630 221 56 Omaha
431 1636 121 62 [etc.]
588 1631 212 53 Pacific
830 1650 156 49 press
1017 1629 336 70 publishing
1383 1630 338 53 association
1761 1633 193 65 [c1934]

225 1705 25 38 2
276 1715 41 37 p.
363 1737 8 7 l.,
411 1704 115 40 3-96
549 1715 41 37 p.
614 1704 110 40 incl.
749 1705 163 39 front.,
937 1704 129 40 illus.
1119 1702 145 41 19½cm.

159 1773 1995 51 © June 6, 1934: 2c. and aff. June 12; A 73021; Pacific press pub. assn.
236 1835 279 47 (34-37656)

155 1933 339 67 Shumway,
527 1937 201 63 Harry
758 1935 222 65 Irving,
1016 1939 166 50 1883-

227 2012 220 66 Albert,
486 2013 95 53 the
618 2012 407 68 soldier-king;
1065 2013 169 66 being
1271 2014 96 53 the
1404 2013 106 53 life
1548 2019 157 58 story
1742 2014 62 52 of
1845 2014 310 63 Belgium’s

157 2090 1998 67 beloved ruler, by Harry Irving Shumway … Boston. L. C.
157 2169 156 63 Page
338 2171 46 50 &
413 2186 279 48 company
727 2170 172 64 [1934]

227 2239 1281 50 xiii p., 1 l., 268 p. front., plates, ports. 20½cm.
230 2297 158 41 “First
422 2297 300 48 impression,
757 2296 219 44 October,
1009 2296 157 40 1934.”

163 2365 50 51 ©
244 2369 101 40 Oct.
371 2368 68 41 29.
469 2368 114 40 1934
602 2380 7 28 :
640 2368 64 39 2c.
734 2369 116 38 Nov.
882 2367 25 40 8;
964 2368 79 38 aff.
1073 2368 114 38 Nov.
1219 2369 25 37 7;
1302 2368 40 38 A
1371 2368 143 40 78008;
1574 2368 49 40 L.
1655 2368 48 41 C.
1734 2370 128 45 Page
1892 2369 35 39 &
1957 2378 81 37 co.,
2068 2369 89 38 inc.

240 2425 279 49 (34-37619)

160 2530 448 54 Southwestern
638 2533 271 60 reporter
939 2530 102 63 (2d
1070 2529 145 63 ser.)

231 2607 292 52 Arkansas
581 2607 276 52 decisions
914 2608 259 66 reported
1235 2608 56 50 in
1355 2608 178 54 South
1593 2613 237 46 western
1887 2614 272 61 reporter.

165 2684 212 55 Second
417 2686 167 52 series.
672 2685 135 51 vols.
846 2689 64 48 66
944 2686 127 65 (2d)
1116 2692 57 46 to
1207 2688 64 49 71
1307 2687 126 66 (2d)
1480 2687 495 66 February–July,
2010 2691 150 52 1934,

162 2764 2000 69 with key number annotations … St. Paul, West publishing
162 2860 96 49 co.,
287 2846 149 52 1934.

232 2918 22 37 1
286 2928 41 28 V.
386 2917 151 46 diagr.
596 2915 114 39 26cm.

231 2974 208 39 Various
470 2973 216 47 pagings.

166 3040 50 51 ©
245 3044 100 40 Oct.
374 3043 39 42 9,
443 3043 139 41 1934;
611 3044 63 37 2c.
706 3044 94 38 and
831 3043 80 38 aff.
941 3043 117 41 Nov.
1088 3043 53 37 22;
1200 3043 40 38 A
1268 3042 169 41 78252:
1469 3044 135 38 West
1634 3044 107 46 pub.
1771 3054 64 29 co.

163 3145 188 53 South
396 3155 256 44 western
697 3152 271 61 reporter.
1051 3146 216 55 Second
1312 3146 182 53 series.
1579 3148 166 54 Cases
1791 3146 215 67 argued
2051 3146 111 52 and

235 3224 349 53 determined
620 3227 56 49 in
715 3225 95 51 the
846 3228 187 48 courts
1070 3224 64 52 of
1168 3225 311 58 Arkansas,
1516 3225 323 66 Kentucky,
1874 3223 289 58 Missouri,

235 3302 326 56 Tennessee,
592 3306 200 54 Texas,
824 3303 138 51 with
993 3303 107 66 key
1130 3304 237 51 number
1399 3303 363 53 annotations.
1844 3319 49 36 v.
1926 3304 67 53 72
2025 3302 126 67 (2d)

234 3380 428 68 July–August,
697 3383 149 48 1934.
917 3379 81 54 St.
1033 3382 163 57 Paul,
1227 3384 157 51 West
1418 3381 337 67 publishing
1786 3401 97 45 co.,
1918 3383 148 50 1934.

234 3454 115 48 xvii,
378 3453 113 41 1228
520 3465 40 36 p.
619 3453 178 48 diagrs.
854 3453 114 40 26cm.

169 3520 53 51 ©
248 3525 100 40 Oct.
373 3525 68 42 23,
467 3524 114 41 1934;
636 3524 64 40 2c.
729 3526 93 38 and
850 3524 79 40 aff.
956 3525 117 41 Nov.
1101 3524 54 39 22;
1210 3526 40 38 A
1276 3525 142 39 78247;
1483 3527 130 37 West
1638 3525 107 47 pub.
1774 3534 64 30 co.

167 3627 175 54 Steck
371 3645 306 48 company,
707 3630 229 64 Austin,
967 3632 132 51 Tex.

171 3702 1973 228 The Steck company’s county commissioners’ legal guide, defining the duties, powers and privileges of a county commissioner … [Austin, Tex., The Steck company, c1933]
238 3928 343 34 644 p. 23 ½cm
238 3985 67 39 On
342 3997 139 30 cover:
544 3986 274 42 1934-1935.
