2350 4296
1090 3994 98 48 225

148 352 302 67 Andrews,
481 356 253 52 Edward
820 352 215 66 Deming,
1068 357 169 48 1894-

276 431 1860 68 … The community industries of the Shakers, by Edward D.
145 508 1994 69 Andrews … Albany, The University of the state of New
146 588 177 67 York,
353 592 150 49 1932.

217 674 87 40 322
335 685 43 37 p.
440 674 128 40 illus.
599 674 131 48 (incl.
766 675 146 47 port.)
1092 704 7 8 19cm.
1175 674 140 48 (New
1349 675 131 38 York
1516 676 128 38 state
1679 681 232 31 museum.
145 673 1977 98 Handbook
295 732 78 46 15)

148 797 1991 52 © Oct. 26, 1933; 2c. Mar. 10, 1934; aff. Mar. 9; A 70581: University of
215 860 80 39 the
323 861 128 38 state
479 860 50 39 of
557 860 115 38 New
702 859 142 39 York.

143 962 204 65 Appel,
378 964 219 62 Joseph
629 964 276 63 Herbert,
940 964 169 51 1873-

209 1035 1930 73 Man proposes, by Joseph H. Appel … a truce on selfishness.
140 1117 1698 69 New York [etc.] Fleming H. Revel! company [ c 1933]
211 1204 56 39 62
304 1215 42 38 p.
408 1203 56 41 19½
496 1207 43 21 cm
545 1237 8 8 .

146 1271 1912 53 © Jan. 20, 1984; 2c. and aff. Mar. 1; A 69651; Fleming H. Revell co.
228 1334 248 48 (34-4952)

143 1434 266 57 Atlantic
447 1443 272 62 reporter.
797 1438 168 53 Cases
1005 1438 213 67 argued
1259 1438 111 51 and
1411 1435 351 53 determined
1800 1436 60 51 in
1898 1436 94 52 the
213 1434 1902 148 Supreme

443 1521 187 48 courts
668 1516 63 53 of
769 1517 211 66 Maine,
1018 1518 138 51 New
1194 1515 370 68 Hampshire,
1604 1516 294 65 Vermont,
1938 1514 201 53 Rhode

212 1593 217 67 Island,
460 1595 112 51 and
604 1596 370 54 Connecticut;
1037 1594 274 68 Supreme
1340 1599 161 49 court
1531 1594 113 51 and
1676 1593 275 66 Superior
1980 1598 160 48 court

214 1672 62 50 of
323 1672 451 67 Pennsylvania;
828 1674 181 54 Court
1053 1673 63 52 of
1162 1691 182 34 errors
1393 1673 112 51 and
1552 1672 251 67 appeals,
1851 1671 179 54 Court
2076 1671 63 53 of

214 1750 293 67 chancery,
557 1750 287 68 Orphans"
893 1757 177 60 court,
1119 1752 111 51 and
1281 1751 275 68 Supreme
1605 1751 113 51 and
1766 1750 373 68 Prerogative

214 1833 188 48 courts
431 1829 64 52 of
522 1831 138 52 New
689 1831 227 65 Jersey;
954 1830 274 67 Supreme
1259 1835 177 60 court,
1469 1832 179 53 Court
1677 1829 61 52 in
1769 1830 158 66 banc,
1960 1830 180 53 Court

214 1906 63 52 of
332 1907 294 67 chancery,
685 1908 276 67 Superior
1016 1913 175 62 court,
1249 1910 180 53 Court
1483 1908 63 52 of
1601 1909 229 67 general
1884 1908 255 66 sessions,

217 1983 286 69 Orphans’
545 1992 161 46 court
748 1987 112 51 and
904 1987 179 53 Court
1122 1987 62 52 of
1226 2006 133 48 oyer
1400 1987 112 51 and
1552 1986 273 53 terminer
1865 1986 62 51 of
215 1987 1897 143 Delaware,
422 2064 111 52 and
577 2066 179 53 Court
797 2064 64 53 of
903 2067 232 65 appeals

1177 2065 63 53 of
1280 2065 329 67 Maryland,
1650 2064 141 53 with
1830 2064 108 68 key
212 2083 1902 110 number
370 2142 362 52 annotations.
825 2159 50 35 v.
940 2146 115 48 168.
1154 2143 608 66 October-December,
1827 2146 149 49 1933.
2055 2143 83 54 St.

212 2220 164 67 Paul,
404 2223 160 53 West
592 2221 336 68 publishing
956 2240 96 49 co.,
1084 2225 149 49 1934.

213 2319 79 36 xx,
322 2307 117 40 1016
463 2318 45 37 p.
565 2308 56 39 26
624 2310 45 21 cm
673 2340 9 8 .

146 2375 1699 53 © Jan. 24, 1934; 2c. and aff. Feb. 23; A 69612; West pub. co.
141 2483 276 65 Bennett,
448 2483 258 55 Thomas
735 2484 253 65 Gordon,
1021 2487 169 50 1890-

209 2559 56 52 A
296 2560 195 53 health
523 2578 274 51 program
829 2560 93 53 for
954 2562 96 51 the
1083 2561 259 53 children
1373 2560 64 54 of
1471 2580 31 34 a
1536 2565 237 64 county;
1810 2580 31 34 a
1874 2561 171 69 study
2077 2559 64 54 of

141 2637 154 53 child
329 2637 195 54 health
559 2639 60 51 in
655 2638 195 64 Queen
885 2638 213 54 Anne’s
1134 2643 227 65 county,
1397 2638 329 70 Maryland,
1763 2638 140 54 with
1942 2658 31 34 a

142 2656 1974 126 proposed
349 2716 155 53 child
539 2717 195 52 health
769 2735 273 51 program
1079 2716 93 53 for
1208 2717 115 53 this
1358 2720 227 67 county,
1621 2717 329 54 considered
1988 2716 153 54 from

141 2792 97 54 the
266 2795 335 67 standpoint
632 2794 64 53 of
725 2795 483 68 administration,
1237 2795 75 69 by
1343 2795 250 54 Thomas
1624 2795 238 55 Gordon
1894 2797 247 51 Bennett

288 2872 138 53 New
471 2872 163 53 York
678 2873 134 69 city,
857 2873 279 53 Teachers
1181 2873 229 69 college,
1458 2872 300 56 Columbia
1805 2872 336 69 university,

145 2952 147 49 1933.

213 3029 86 39 viii
333 3039 58 38 p.,
430 3031 24 38 1
530 3061 6 15 l.,
575 3028 85 41 196
694 3039 43 37 p.
799 3029 127 40 illus.
957 3029 183 48 (maps)
1189 3028 179 48 diagrs.
1429 3029 55 40 23½
1518 3030 43 22 cm
1567 3061 7 7 .
1647 3028 264 47 (Teachers
1951 3027 190 47 college,

142 3082 250 44 Columbia
419 3085 283 47 university.
758 3084 367 42 Contributions
1153 3088 47 38 to
1231 3085 272 49 education,
1533 3096 74 30 no.
1638 3086 108 46 584)

214 3154 170 43 Issued
411 3157 101 40 also
540 3168 53 29 as
621 3157 152 41 thesis
810 3158 106 47 (PH.
977 3159 32 46 D.)
1048 3156 251 41 Columbia
1330 3156 283 47 university.

214 3211 374 50 Bibliography:
619 3224 43 37 p.
693 3213 217 43 191-196.

148 3281 1869 51 © Dec. 27, 1933; 2c. Feb. 1, 1984; aff. Feb. 16: A 69456; Teachers
214 3286 1906 104 college,
364 3342 249 40 Columbia
647 3343 129 40 univ.
848 3342 249 48 (34-4855)

145 3445 250 65 Brande,
427 3447 320 55 Dorothea.

215 3522 312 69 Becoming
559 3543 30 33 a
622 3523 210 68 writer,
863 3524 74 67 by
968 3525 292 52 Dorothea
1290 3525 248 52 Brande.
1605 3526 138 50 New
1776 3523 179 65 York,
145 3524 1968 144 Harcourt,
351 3604 180 50 Brace
560 3602 112 51 and
702 3619 279 50 company
1015 3635 12 33 [
1032 3608 18 21 c
1056 3605 150 63 1934]

215 3674 28 39 6
267 3685 41 36 p.
373 3705 7 14 l.,
409 3674 146 40 3-148
579 3686 41 36 p.
677 3675 55 38 21
736 3677 43 20 cm
785 3708 7 7 .

214 3745 161 40 “First
406 3745 224 41 edition.”

216 3801 374 48 Bibliography:
624 3813 42 36 p.
697 3802 216 40 147-148.

151 3869 1521 54 © Mar. 1, 1934; 2c. and aff. Mar. 6; A 69728; Harcourt,
1700 3874 154 41 Brace
1880 3873 34 39 &
1941 3882 65 30 co.
2048 3873 89 41 inc.

226 3929 248 49 (34-4985)
