2350 4196
1184 4022 97 49 102

252 422 236 63 Hoyle’s
524 443 205 49 games.
805 425 345 67 Autograph
1184 425 102 65 ed.,
1323 442 111 34 rev.
1472 423 112 52 and
1618 424 251 67 brought
1899 441 78 51 up
2008 429 61 48 to
2103 424 130 52 date

313 503 75 66 by
421 502 66 51 R.
525 502 64 52 F.
626 503 216 65 Foster,
879 502 137 51 with
1053 501 271 67 complete
1359 501 367 52 instructions
1763 501 59 51 in
1856 500 93 52 the

316 500 1919 147 forcing-approach
644 586 206 61 system
889 579 64 52 of
990 584 253 47 contract
1280 578 216 67 bridge.
1572 578 138 52 New
1751 577 178 68 York,
1970 578 267 69 Chicago,

313 658 70 51 A.
414 658 62 52 L.
508 659 148 51 Burt
686 674 296 50 company,
1015 659 147 49 1934.

315 728 986 51 1 p. l., v-xiv, 3-460 p. illus. 19½cm.
251 799 50 51 ©
366 815 73 27 Jun.
471 803 68 47 24,
569 803 138 46 1934;
741 803 64 38 2c.
838 802 93 38 and
963 812 80 28 aff.
1076 802 107 38 Jan.
1213 800 54 39 29;
1327 801 40 38 A
1398 799 168 43 60216;
1600 800 51 39 A.
1685 801 49 39 L.
1767 802 123 38 Burt
1921 811 65 29 co.

326 860 249 48 (34-2101)

252 978 207 64 Hume,
492 979 199 63 Edgar
723 977 272 64 Erskine,
1030 981 169 49 1889-

319 1054 119 52 The
477 1053 224 70 Society
739 1053 62 53 of
836 1054 95 54 the
972 1052 324 56 Cincinnati
1335 1052 111 52 and
1482 1052 94 55 the
1617 1052 181 68 Corps
1834 1052 63 52 of
1932 1050 305 72 engineers,

251 1128 1987 72 United States army [by] Edgar Erskine Hume … [Baltimore,
249 1217 17 21 c
272 1213 131 48 1933]

318 1281 283 44 cover-title.
634 1281 54 40 20
722 1292 41 37 p.
821 1280 142 47 illus.,
994 1280 188 41 facsim.
1243 1281 115 40 23cm.

321 1339 292 48 “Reprinted
647 1340 94 38 and
774 1339 250 47 expanded
1060 1339 124 38 from
1221 1339 81 39 the
1336 1339 574 48 November-December,
1946 1338 127 50 1933,
2108 1340 128 41 issue

250 1396 51 40 of
328 1397 82 39 the
440 1396 219 47 Military
691 1394 238 49 engineer,
959 1394 89 41 vol.
1181 1426 9 17 XXV,
1220 1405 75 31 no.
1325 1395 98 48 144,
1454 1396 80 40 the
1565 1396 131 39 Mills
1726 1396 230 47 building,
251 1399 1969 103 Washington,
377 1455 56 38 D.
466 1452 79 42 C.”

250 1526 50 50 ©
329 1529 108 39 Jan.
465 1529 38 42 6.
531 1528 114 39 1934;
699 1527 66 40 2c.
794 1529 94 38 and
916 1526 79 40 aff.
1025 1527 106 38 Jan.
1161 1526 80 45 13;
1271 1527 42 38 A
1338 1526 168 46 68862;
1541 1526 189 47 Society
1757 1527 51 40 of
1836 1528 155 38 Amer.
2022 1527 217 45 military

316 1586 262 46 engineers.
611 1584 334 47 Washington.
1021 1583 247 48 (34-2254)
2063 1582 86 42 660

252 1704 206 62 Hurst,
487 1702 169 56 Vida.

321 1778 1921 69 Career for sale, by Vida Hurst … New York, Grosset &
249 1859 464 67 Dunlap [ c 1934]
317 1930 557 49 3 p. l., 236 p. 19½ cm .
251 2001 50 50 ©
331 2005 109 39 Feb.
469 2005 37 40 5,
535 2003 112 40 1934;
705 2004 65 38 2c.
801 2003 108 39 Feb.
982 2013 8 36 8;
1021 2002 80 40 aff.
1132 2003 108 39 Feb.
1269 2004 25 37 7;
1352 2003 40 37 A
1420 2002 169 47 69346;
1622 2003 197 40 Grosset
1849 2004 36 39 &
1912 2005 207 47 Dunlap,
2149 2005 88 40 inc.

326 2059 248 50 (34-2144)

253 2178 300 64 Husband,
585 2176 256 54 Richard
872 2176 373 65 Wellington,
1279 2180 171 50 1904-

319 2255 1858 68 Applied psychology, by Richard Wellington Husband …
251 2336 136 50 New
413 2334 160 53 York
601 2334 110 52 and
736 2334 257 67 London,
1018 2336 231 64 Harper
1275 2337 42 49 &
1344 2333 274 67 brothers,
1647 2337 148 51 1934.

318 2419 60 28 xv
406 2420 55 35 p.,
491 2409 18 37 3
564 2439 21 15 l.,
615 2408 83 38 654
727 2419 40 35 p.
825 2408 142 45 illus.,
997 2407 177 46 diagrs.
1231 2406 58 38 22
1289 2409 43 20 cm
1339 2438 6 7 .

347 2465 289 39 "References"
694 2467 53 36 at
771 2466 94 37 end
894 2464 51 38 of
974 2466 125 37 most
1127 2464 49 39 of
1206 2464 81 39 the
1317 2464 237 46 chapters.

250 2519 50 51 ©
333 2524 108 38 Jan.
471 2523 39 41 2,
542 2521 138 41 1934;
714 2522 65 38 2c.
812 2521 109 39 Jan.
951 2522 26 37 4;
1038 2521 82 41 aff.
1151 2521 108 39 Feb.
1294 2522 23 38 7;
1378 2521 40 37 A
1448 2520 147 40 70160;
1652 2522 193 46 Harper
1878 2522 35 39 &
1943 2522 122 40 bros.

326 2578 248 49 (34-1238)

253 2696 388 65 Hutchinson,
670 2697 130 63 Ray
829 2697 277 64 Coryton,
1135 2696 169 52 1907-

320 2773 1918 69 The unforgotten prisoner, by R. C. Hutchinson … New
254 2854 173 67 York,
455 2854 215 50 Farrar
700 2855 45 49 &
772 2851 282 54 Rinehart
1088 2885 12 33 [
1105 2858 17 21 c
1128 2854 152 64 1934]

318 2929 26 38 6
370 2938 29 37 p
441 2927 27 38 1.
510 2925 144 41 3-564
681 2936 43 38 p.
783 2924 56 40 22½
873 2927 43 21 cm
920 2957 8 9 .

250 2982 50 51 ©
340 2986 109 38 Feb.
486 2985 38 40 5.
563 2984 112 38 1934;
741 2984 65 39 2c.
846 2983 109 38 Feb.
994 2983 28 39 8;
1086 2981 80 40 aff.
1205 2983 108 38 Feb.
1353 2984 25 37 7;
1445 2984 39 38 A
1522 2983 169 42 70184;
1734 2984 52 38 R.
1828 2984 48 40 C,
1916 2984 319 39 Hutchinson.

316 3041 238 46 Norwich,
581 3041 219 40 Norfolk.
828 3040 234 45 England.
1134 3039 247 48 (34-2153)

249 3157 246 53 Indiana
530 3158 112 51 and
675 3157 185 52 North
896 3160 216 47 eastern
1148 3156 199 67 digest,
1381 3156 267 69 covering
1680 3158 76 51 all
1789 3177 148 34 cases
1970 3158 263 68 reported

321 3235 57 52 in
425 3235 244 53 Indiana
720 3237 237 64 reports,
1003 3233 243 53 Indiana
1294 3235 308 66 Appellate
1649 3241 159 47 court
1854 3242 219 61 reports
2123 3237 110 50 and

318 3312 1914 146 North eastern reporter, with current cumulative pocket service keeping the digest always to date … By the publisher’s
319 3468 265 52 editorial
626 3465 150 55 staff,
852 3487 49 32 v.
945 3469 185 50 25-30.
1208 3467 82 53 St.
1333 3470 164 64 Paul,
1539 3469 201 66 Minn.,
1779 3472 158 52 West
319 3470 1888 143 publishing
448 3567 76 33 co.
562 3580 12 32 [
580 3552 17 20 c
603 3549 150 62 1933]

316 3622 25 37 6
369 3630 39 28 v.
468 3620 54 39 26
527 3622 42 20 cm
576 3652 7 7 .

579 3687 115 27 CONTENTS.—v.
746 3673 72 41 25.
868 3673 573 41 Names-Partition.—v.
1493 3674 71 40 26.
244 3676 1991 95 Partnership-Powers.—v.

323 3730 70 41 27.
430 3733 242 46 Principal
711 3733 93 38 and
840 3731 553 46 agent-Railroads.—v.
1432 3730 70 42 28.
1539 3733 366 47 Rape-Schools
1942 3735 94 37 and
2072 3733 160 40 school

244 3789 337 39 districts.—v.
628 3789 72 39 29.
746 3789 130 39 Scire
919 3788 351 40 facias-Street
1313 3788 360 41 railroads.—v.
1719 3789 71 41 30.
1840 3790 297 40 Submission
2182 3790 49 37 of

240 3846 489 45 controversy-Time.

248 3897 50 50 ©
329 3902 110 39 Dec.
468 3902 68 41 28,
568 3901 110 39 1933;
738 3903 64 38 2c.
834 3904 115 37 each
980 3903 93 38 and
1104 3902 104 38 affs.
1241 3903 107 38 Jan.
1380 3902 67 41 19.
1478 3903 139 45 1934;
1650 3905 40 38 A
1720 3904 344 47 69104-69109;
2097 3905 132 38 West

346 3958 102 34 pub. co.
