2350 4196
1069 4046 100 54 779

160 403 138 64 Cox,
329 401 236 67 Sidney,
597 404 83 53 ed.

230 481 174 53 Prose
441 480 370 67 preferences.
889 481 216 55 Second
1144 480 182 54 series.
1405 481 253 55 Selected
1696 483 111 52 and
1846 482 187 55 edited
2075 485 72 67 by

164 556 1980 68 Sidney Cox … and Edmund Freeman … New York and
160 634 255 69 London,
442 637 232 67 Harper
701 641 45 50 &
770 638 276 65 brothers,
1075 641 147 49 1934.

233 707 68 40 vii
327 719 56 37 p.,
411 709 26 38 2
498 740 8 16 l.,
535 709 146 41 3-499
707 721 41 37 p.
810 710 144 40 21½cm.

234 763 160 42 “First
422 766 226 41 edition.”

161 833 50 51 ©
240 838 125 39 June
391 839 69 46 18,
487 838 113 40 1934;
654 839 69 40 2c.
752 840 126 39 June
905 840 80 47 19;
1017 838 79 41 aff.
1127 840 125 39 June
1279 839 80 47 20;
1392 839 42 38 A
1460 838 169 48 72875;
1659 840 193 47 Harper
1880 842 37 39 &
1945 842 123 41 bros.

237 895 278 48 (34-17233)

151 997 280 66 Douglas,
458 999 145 53 Paul
633 1000 275 65 Howard,
940 1002 171 50 1892-

225 1076 187 53 Know
456 1078 284 68 America,
782 1078 72 53 its
903 1078 92 55 ills
1040 1080 110 51 and
1194 1095 172 37 cures,
1411 1078 75 66 by
1529 1078 301 53 Professor
1873 1081 147 52 Paul
2065 1082 76 52 H.

154 1152 1453 72 Douglas … Chicago, Buti-Lami press, c 1933.
226 1226 55 41 80
306 1238 43 37 p.
408 1228 55 38 21
468 1230 43 21 cm
516 1260 8 8 .
595 1229 125 48 (The
748 1230 141 40 know
918 1229 174 47 series)

229 1284 167 40 “Some
428 1285 272 41 references
729 1287 79 39 for
839 1287 196 40 further
1069 1286 199 48 reading
1300 1288 95 38 and
1426 1286 202 48 study”:
1663 1297 41 37 p.
1737 1286 69 41 80.

157 1352 50 51 ©
245 1358 120 39 Mar.
402 1357 38 47 1,
478 1357 140 48 1933;
657 1358 66 40 2c.
759 1359 107 39 Jan.
904 1357 70 48 29,
1012 1358 138 46 1934;
1189 1358 82 41 aff.
1309 1358 113 47 Apr.
1460 1358 80 46 19;
1582 1359 42 38 A
1659 1359 169 47 71891;
1869 1360 276 40 Buti-Lami

221 1424 149 37 press.
444 1415 279 47 (34-17079)

146 1518 193 64 Dunn,
368 1519 173 64 Mary
568 1520 336 65 Borromeo,
933 1520 181 66 sister,
1146 1519 165 54 1879-

277 1595 1864 70 … Our cornerstone of faith, by Sister Mary Borromeo, PH. D.
147 1673 1724 70 Washington, D. C., The Immaculata seminary [ c 1934]
216 1749 56 40 45
307 1760 43 37 p.
409 1749 55 40 23½
497 1751 45 21 cm
547 1781 8 8 .

218 1806 68 40 “A
331 1805 127 41 brief
503 1805 189 49 history
738 1806 51 40 of
835 1806 219 41 Catholic
1103 1807 255 46 Maryland
1408 1808 46 38 to
1502 1808 81 38 the
1631 1805 313 41 revolution."
1964 1831 56 4 —
2041 1808 100 49 Slip

145 1864 228 40 mounted
405 1874 60 29 on
498 1866 98 45 t.-p.

215 1921 65 39 At
320 1921 124 39 head
485 1920 53 40 of
577 1920 135 40 title:
757 1921 356 46 Tercentenary
1156 1921 49 39 of
1247 1920 230 48 religious
1519 1920 216 40 freedom
1777 1921 49 39 in
1868 1921 254 48 Maryland

144 1978 127 48 1634,
313 1977 128 42 1934.

149 2046 50 51 ©
226 2051 112 46 May
362 2049 69 47 28,
457 2049 114 41 1934;
623 2050 65 39 2c.
717 2050 125 39 June
866 2049 51 46 5;
946 2049 79 39 aff.
1053 2049 125 39 June
1201 2049 53 46 4;
1282 2049 41 38 A
1348 2047 169 47 72606;
1550 2048 179 41 Sisters
1753 2050 53 39 of
1831 2049 307 48 Providence,

216 2106 334 49 Washington.
625 2106 279 48 (34-17029)

142 2210 217 66 Ellard,
390 2211 232 55 Gerald.

212 2286 1927 69 Christian life and worship, by Kev. Gerald Ellard … New
143 2362 1973 73 York, Milwaukee [etc.] The Bruce publishing company [ c 1934]
210 2441 130 47 xxvi,
365 2441 85 40 358
475 2450 43 37 p.
578 2440 163 49 front.,
768 2440 143 47 illus.,
938 2441 170 47 plates,
1134 2443 137 45 port.,
1298 2440 178 48 diagrs.
1507 2439 47 47 (1
1580 2438 144 47 fold.)
1792 2440 55 39 22
1851 2441 43 21 cm
1900 2469 8 9 .
143 2440 1993 98 (Half-title:

211 2496 1698 106 Religion and culture series, J. Husslein … general editor) First edition published
909 2554 49 39 in
1001 2553 113 41 1933
1156 2565 53 29 as
1252 2566 26 28 a
1323 2554 189 40 volume
1555 2555 51 39 of
1649 2554 81 40 the
1775 2553 223 41 “Science
2041 2555 93 40 and

139 2614 190 39 culture
376 2610 174 42 texts”.

209 2669 226 41 Includes
464 2667 391 49 bibliographies.

144 2739 50 51 ©
229 2744 115 46 May
373 2744 39 45 8,
445 2742 115 39 1934;
621 2742 66 39 2c.
722 2742 94 39 and
846 2740 81 40 aff.
965 2741 112 46 May
1110 2741 80 44 31;
1227 2741 42 38 A
1300 2741 170 46 71883;
1508 2741 156 39 Bruce
1699 2741 105 47 pub.
1842 2751 66 30 co.

211 2741 1907 106 [Copyright
365 2799 41 40 is
430 2799 204 40 claimed
661 2809 62 29 on
747 2796 210 41 revision
984 2798 94 38 and
1104 2804 409 42 rearrangement]
1581 2798 280 48 (34-16382)

135 2901 163 67 Ellis,
330 2902 167 55 Carle
502 2904 122 63 ton,
658 2901 171 54 1876-

198 2978 1932 147 The chemistry of petroleum derivatives, by Carleton Ellis … New York,
664 3057 121 53 The
823 3056 290 56 Chemical
1151 3059 224 67 catalog
1411 3076 97 48 co.,
1542 3058 127 65 inc.,
1706 3059 149 50 1934.

207 3133 24 39 1
258 3144 41 37 p.
362 3163 9 17 l.,
399 3132 175 40 5-1285
598 3142 42 37 p.
701 3131 143 47 illus.,
872 3131 178 48 diagrs.
1114 3130 54 41 23½c
1217 3133 27 21 m
1251 3162 8 8 .

141 3186 50 51 ©
227 3192 112 46 May
372 3190 69 46 29,
475 3189 140 46 1934;
652 3189 64 39 2c.
753 3189 95 39 and
883 3188 81 40 aff.
1000 3189 113 47 May
1146 3189 81 46 31;
1264 3189 42 38 A
1338 3189 170 47 71850;
1547 3188 245 41 Chemical
1827 3189 192 47 catalog
2049 3198 82 37 co.,

207 3247 89 41 inc.
367 3246 280 49 (34-17259)

133 3352 237 64 Ervine,
399 3353 86 53 St.
515 3352 153 52 John
701 3351 199 53 Greer.

199 3428 173 54 God’s
404 3428 225 53 soldier.
711 3428 361 66 [Instalment
1106 3432 47 62 1]

215 3505 81 47 (In
325 3500 200 43 London
555 3498 201 51 Sunday
786 3497 262 51 chronicle,
1074 3498 118 52 May
1225 3501 71 49 27,
1329 3500 142 50 1934)

139 3557 50 51 ©
250 3572 36 29 1c.
320 3561 115 47 July
466 3560 69 47 21,
568 3559 151 46 1934;.
742 3558 40 39 A
814 3559 61 39 ad
907 3558 88 39 int.
1027 3557 168 48 19178;
1231 3560 142 47 pubd.
1407 3561 114 47 May
1553 3561 82 46 27;
1675 3561 66 40 St.
1775 3560 128 40 John
1936 3558 192 50 Ervine,

203 3619 210 39 London.

130 3719 1997 70 Federal digest. June, 1934, cumulative pamphlet … with
197 3797 1926 71 table of cases digested. St. Paul, West publishing co. [ c 1934]
202 3876 87 40 310
316 3886 41 37 p.
417 3875 55 38 24
475 3876 43 21 cm
525 3906 7 7 .

136 3928 50 51 ©
216 3932 127 40 June
368 3932 69 46 27,
467 3930 114 40 1934;
639 3930 66 39 2c.
736 3929 115 47 July
882 3929 80 40 14;
997 3928 79 39 aff.
1109 3929 114 46 July
1254 3929 81 46 16;
1369 3929 40 39 A
1441 3929 171 46 74222;
1635 3928 142 46 West
1808 3930 107 48 pub.
1949 3941 69 30 co.
