2350 4196
1097 4084 100 49 207

485 544 58 4 CONTENTS.—
547 521 69 49 pt.
665 551 9 9 I.
706 521 153 39 Naval
889 518 295 47 terms.—pt.
1212 522 51 34 II.
1295 516 272 48 Colloquies
1595 526 57 28 on
1684 513 144 40 naval
1856 515 279 39 matters.—

140 581 65 49 pt.
301 612 9 9 III.
342 577 567 51 Correspondence.—pt.
940 582 68 33 IV.
1041 576 174 40 Tables
1246 575 49 40 of
1328 575 136 39 rank.

138 630 1883 59 © Jan. 4, 1934; 2c. and aff. Feb. 12; A 69381; U. S. naval institute.
214 696 249 48 (34-4365)

140 798 121 52 The
293 797 220 54 United
549 799 202 52 States
787 796 58 51 in
878 795 180 51 world
1095 790 222 69 affairs;
1357 811 71 33 an
1464 797 236 48 account
1734 791 62 52 of
1827 790 307 54 American

209 875 227 68 foreign
478 874 286 66 relations,
807 877 149 47 1933.
1033 871 292 68 Prepared
1363 871 74 66 by
1474 869 264 56 William
1779 868 66 55 O.
1889 867 244 68 Scroggs

211 955 109 50 and
360 954 94 52 the
492 953 255 51 research
786 950 133 53 staff
958 951 62 53 of
1059 951 94 51 the
1193 949 239 56 Council
1470 967 71 34 on
1580 948 230 66 foreign
1846 947 288 51 relations.

209 1032 213 52 Edited
474 1032 111 50 and
638 1031 137 51 with
829 1049 71 33 an
950 1028 391 52 introduction
1394 1028 71 65 by
1515 1026 221 54 Walter
1786 1025 348 67 Lippmann.

210 1111 138 51 New
392 1110 161 53 York
597 1109 111 51 and
751 1108 257 65 London,
1049 1107 142 53 Pub.
1237 1106 93 51 for
1373 1106 94 51 the
1512 1104 238 55 Council
1793 1123 73 42 on,
1907 1102 229 68 foreign

209 1188 270 52 relations
507 1188 72 66 by
608 1188 232 66 Harper
868 1190 45 49 &
940 1186 276 56 brothers,
1247 1187 149 49 1934.

205 1262 152 40 xxxiv
387 1273 55 36 p.,
478 1263 22 37 1
568 1292 7 16 l.,
608 1261 88 39 324
726 1272 41 35 p.
828 1261 56 37 22½
917 1261 15 20 cm
968 1291 5 7 .
1055 1257 331 40 [Publications
1421 1257 52 39 of
1505 1257 81 38 the
1620 1254 199 41 Council
1855 1265 59 28 on
1946 1252 191 48 foreign

136 1320 246 48 relations]
419 1320 194 38 annual.

210 1377 224 39 Includes
466 1376 349 46 bibliography.

141 1428 1882 52 © Feb. 21, 1934; 2c. Feb. 23; aff. Feb. 24; A 69568; Harper & bros.
139 1550 414 66 Vecchierello,
584 1551 251 64 Hubert,
871 1552 171 50 1896-

211 1630 120 51 The
364 1628 280 69 plurality
676 1628 62 53 of
769 1628 209 52 forms:
1009 1627 96 52 the
1136 1626 423 69 psychological
1594 1625 273 68 problem,
1899 1625 74 67 by
2003 1625 140 51 Rev.

141 1703 1999 69 Hubert Vecchierello … Paterson, N. J., St. Anthony guild
139 1804 172 49 press,
344 1785 346 52 Franciscan
722 1791 325 62 monastery
1267 1817 12 34 [c1933]

211 1858 650 50 2 p. l., 10 p., 1 l. 22½ cm .
213 1917 347 49 Bibliography:
619 1918 25 37 1
673 1917 100 40 leaf
798 1919 54 38 at
880 1917 105 40 end.

144 1973 1978 108 © Dec. 15, 1933; 2c. Jan. 11, 1934; aff. Jan. 10; A 67944; Saint Anthony's guild,
610 2033 250 45 Paterson,
894 2033 54 38 N.
983 2032 42 39 J.
1098 2031 249 48 (34-4370)

150 2136 256 65 Watson,
437 2138 218 51 Ernest
684 2136 266 64 Bradlee,
983 2136 172 53 1879-
1368 2153 177 50 comp.

217 2214 1925 67 Contemporary drama. European plays. [v.] IV … Selected
146 2291 1997 69 by E. Bradlee Watson … and Benfield Pressey … New
147 2371 177 66 York,
355 2371 250 67 Chicago
640 2376 136 61 [etc.]
812 2371 236 55 Charles
1079 2370 311 56 Scribner’s
1419 2389 127 36 sons
1581 2374 193 64 [c1934]

211 2445 696 47 xii p., 2 l., 3-425 p. 17 cm .
489 2502 164 39 CONTENTS.—The
677 2502 172 47 cherry
877 2502 206 39 orchard
1114 2502 87 48 [by]
1232 2503 161 39 Anton
1422 2503 48 37 P.
1501 2502 242 40 Chekhov.
1801 2501 74 40 He
1904 2502 106 38 who
2037 2504 105 45 gets

143 2559 197 47 slapped
375 2560 87 48 [by]
495 2559 180 39 Leonid
706 2559 268 47 Andreyev.
1035 2560 115 38 Man
1180 2561 94 37 and
1306 2560 81 39 the
1417 2570 184 29 masses
1636 2561 88 47 [by]
1760 2560 177 39 Ernest
1967 2559 173 39 Toller.

189 2655 6 7 R.
225 2624 55 41 U.
308 2624 53 38 R.
393 2625 89 47 [by]
512 2624 150 39 Karel
691 2624 176 47 Capek.
926 2624 196 47 “Henry
1202 2624 22 16 IV”
1259 2625 88 49 [by]
1378 2624 141 48 Luigi
1548 2624 293 42 Pirandello.

146 2676 1996 51 © Feb. 2, 1934; 2c. Feb. 17; aff. Feb. 19; A 69482; Charles Scribner’s
217 2746 124 31 sons.

152 2841 195 65 [Welo,
377 2842 254 66 Samuel]

221 2916 205 54 Studio
478 2920 320 51 handbook.
892 2924 135 48 1934
1080 2921 83 52 ed.
1253 2922 153 54 Over
1460 2925 101 49 250
1614 2940 190 49 pages,
1856 2919 287 69 lettering,

150 2996 198 68 design
393 2997 112 52 and
546 2999 243 67 layouts,
831 3017 122 34 new
996 2999 233 53 modern
1275 3000 314 68 alphabets.
1668 2999 270 68 Chicago,
1982 2999 65 51 F.
2091 2998 56 54 J.

147 3074 582 69 Drake & co. [ c 1934]
219 3145 97 50 134,
353 3147 302 49 134A-134B,
695 3149 216 49 135-208,
948 3150 308 48 208A-208X,
1295 3151 203 41 209-232
1535 3163 56 37 p.,
1632 3153 24 38 1
1713 3183 7 7 l.
1788 3152 141 45 illus.,
1967 3152 178 48 diagrs.

147 3205 54 41 19
205 3209 43 20 cm
253 3237 8 9 .

219 3265 226 39 Lettered
485 3276 59 28 on
585 3275 165 29 cover:
797 3265 170 40 Studio
1009 3268 268 46 handbook,
1320 3270 146 38 letter
1507 3269 95 38 and
1644 3268 167 48 design
1853 3268 78 38 for
1972 3268 172 40 artists

149 3321 93 38 and
272 3321 296 40 advertisers
615 3322 59 46 [by]
724 3321 193 42 Samuel
947 3324 145 40 Welo.

151 3374 1994 54 © Jan. 15, 1934; 2c. Feb. 27; aff. Feb. 23; A 70404; Frederick J. Drake
215 3436 35 39 &
277 3447 66 28 co.
409 3433 66 52 [©
504 3446 105 30 new
636 3439 193 46 matter]
906 3437 250 49 (34-4668)

151 3537 346 67 Wihlfahrt,
527 3540 193 54 Julius
750 3542 172 54 Emil.

151 3615 1996 149 A treatise on baking, by Julius E. Wihlfahrt … in collaboration with Robert W. Brooks. 2d. ed. New York, N. Y.,
152 3769 289 54 Standard
471 3772 209 54 brands
711 3772 399 69 incorporated
1326 3809 12 33 [c1934]

219 3844 63 47 xi,
318 3845 88 40 458
440 3856 42 36 p.
544 3845 142 48 illus.,
725 3846 178 49 diagrs.
963 3848 56 40 26
1022 3851 43 20 cm
1072 3881 7 7 .

221 3900 255 40 Formulas
504 3903 96 38 and
628 3904 220 39 methods:
908 3915 41 37 p.
979 3904 216 41 340-385.

153 3952 50 51 ©
233 3957 109 41 Feb.
371 3959 68 46 15,
469 3959 113 40 1934;
639 3960 66 40 2c.
735 3962 95 38 and
860 3961 80 40 aff.
971 3962 108 39 Feb.
1112 3962 52 39 23:
1226 3963 38 37 A
1294 3963 144 39 70330;
1498 3963 244 40 Standard
1774 3963 191 40 brands,
1998 3962 89 39 inc.

230 4013 248 49 (34-4219)
