2350 4196
1121 4007 97 53 839

181 356 348 66 Widdemer,
561 359 322 62 Margaret.

253 436 156 53 Back
439 441 58 46 to
526 434 202 67 virtue,
759 437 190 65 Betty,
978 434 73 68 by
1081 435 295 65 Margaret
1403 432 347 56 Widdemer.
1826 434 136 51 New
1995 433 179 63 York,

185 511 1268 69 Farrar & Rinehart, incorporated [ c 1934 ]
256 585 525 48 3 p. l., 3-304 p. 19½cm.
183 654 51 51 ©
258 659 126 39 June
406 657 68 48 29,
498 657 113 40 1934;
662 657 66 39 2c.
756 657 114 47 July
894 657 24 39 3;
974 656 81 40 aff.
1080 656 124 39 June
1227 655 82 46 30;
1337 656 41 38 A
1401 654 147 40 73280;
1599 656 62 38 M.
1686 654 290 47 Widdemer,
252 653 1909 108 Larchmont,
426 715 54 38 N.
510 715 50 37 Y.
636 712 279 49 (34-18525)

177 816 316 65 Wigmore,
525 817 153 53 John
712 818 220 63 Henry.

248 896 55 52 A
336 894 359 68 supplement
732 896 307 49 1923-1933
1072 899 59 47 to
1165 893 92 52 the
1293 893 202 54 second
1530 892 217 53 edition
1792 892 190 68 (1923)
2027 892 63 54 of
2122 893 57 52 A

177 972 233 53 treatise
439 993 71 34 on
539 973 94 52 the
665 978 210 61 system
905 972 62 53 of
998 972 261 52 evidence
1288 972 60 51 in
1378 971 164 52 trials
1573 976 57 46 at
1660 989 257 35 common
1947 973 127 66 law,
2103 972 74 67 by

177 1049 1977 148 John Henry Wigmore … Boston, Little, Brown, and company, 1934.
252 1214 76 37 xv,
358 1203 113 39 1395
502 1214 40 36 p.
601 1202 55 39 26
660 1205 43 20 cm
708 1232 7 8 .

185 1270 51 51 ©
267 1275 114 46 July
411 1274 66 46 18,
508 1274 139 46 1934;
679 1274 65 39 2c.
776 1274 95 38 and
900 1272 80 40 aff.
1012 1272 115 47 July
1157 1271 80 47 20;
1270 1272 41 38 A
1340 1272 170 46 73555;
1544 1272 42 40 J.
1618 1272 60 39 H.
1710 1271 256 48 Wigmore,
256 1272 1905 105 Evanston,
381 1332 74 39 Ill.

180 1431 167 67 Wirt,
380 1431 253 56 William
664 1433 227 63 Albert,
925 1433 167 53 1874-

252 1512 262 53 America
548 1519 150 47 must
730 1511 261 67 lose—by
1023 1531 31 33 a
1086 1511 282 67 “planned
1401 1510 321 68 economy”,
1754 1511 94 52 the
182 1511 1969 132 steppingstone

367 1596 57 47 to
455 1610 31 33 a
516 1589 348 69 regimented
895 1594 160 57 state,
1086 1589 75 67 by
1188 1588 260 56 William
1482 1590 68 52 A.
1582 1589 169 55 Wirt.
1827 1590 139 52 New
2002 1591 173 64 York,

183 1667 335 54 Committee
546 1667 92 53 for
666 1669 94 51 the
787 1669 197 52 nation
1018 1703 11 32 [c1
1092 1673 100 48 934]

252 1741 57 40 47
337 1752 43 37 p.
441 1741 152 47 diagr.
653 1741 57 40 20½
742 1744 43 21 cm
792 1774 7 8 .

185 1809 52 51 ©
270 1814 121 39 Mar.
423 1812 68 48 28,
525 1812 140 47 1934;
701 1813 66 39 2c.
802 1814 111 46 May
947 1813 51 45 8;
1035 1812 80 39 aff.
1149 1813 113 46 Apr.
1295 1812 52 45 6;
1384 1813 41 38 A
1457 1812 170 46 71908;
1664 1813 71 39 W.
1770 1812 52 38 A.
1858 1810 139 48 Wirt,
2035 1811 144 47 Gary,

251 1871 104 38 Ind.
427 1870 280 47 (34-17990)

181 1973 152 55 Wolf
337 1990 124 49 son,
494 1973 215 55 Pincus
741 1974 200 55 Jacob.

311 2051 1863 68 … Is my flesh of brass? New York, The Vanguard press,
181 2133 148 51 1934.

254 2202 524 49 6 p. l., 3-306 p. 19½cm.
254 2257 63 42 At
345 2260 124 39 head
496 2258 51 41 of
574 2260 135 40 title:
740 2260 50 40 P.
819 2260 43 40 J.
891 2259 233 42 Wolfson.

184 2327 51 51 ©
272 2332 127 39 June
434 2331 67 47 21,
539 2331 140 47 1934;
719 2332 65 39 2c.
824 2333 94 38 and
955 2332 81 40 aff.
1072 2332 125 39 June
1233 2332 55 40 26;
1354 2332 43 39 A
1432 2332 169 46 73226;
1642 2332 49 39 P.
1732 2332 43 41 J.
1812 2331 235 48 Wolfson,
2085 2332 93 40 Los

251 2389 219 47 Angeles.
544 2388 279 48 (34-18187)

176 2491 352 65 Woodbnrn,
561 2493 205 54 James
799 2493 225 63 Albert,
1060 2496 169 50 1856-

247 2570 120 52 The
406 2569 204 54 citizen
650 2571 113 52 and
801 2571 96 53 the
936 2570 281 69 republic;
1260 2569 284 70 problems
1583 2568 60 55 in
1681 2569 307 55 American
177 2572 1978 144 democracy,

433 2647 1746 69 by James Albert Woodburn … and Thomas Francis
176 2725 2002 71 Moran … New York, Boston [etc.] Longmans, Green and co.,
179 2808 149 50 1934.

248 2878 1666 50 viii p., 1 l., 561, xi-lvii p. illus., diagrs. (1 double) 20½ cm .
250 2934 348 41 “References”
628 2939 51 37 at
707 2938 91 38 end
828 2936 53 40 of
908 2936 117 40 each
1053 2936 214 46 chapter.

185 2990 51 51 ©
263 2994 115 47 July
404 2994 37 46 5,
468 2993 117 41 1934;
637 2994 66 40 2c.
730 2994 115 46 July
872 2994 51 46 7;
952 2994 79 39 aff.
1060 2995 118 47 July
1200 2994 52 47 9;
1281 2995 41 38 A
1347 2995 170 44 73362;
1547 2995 288 48 Longmans,
1865 2996 156 39 Green
2046 2996 37 40 &
2109 3007 67 29 co.

253 3050 283 49 [Copyright
561 3051 41 40 is
631 3051 205 39 claimed
864 3062 60 28 on
951 3062 105 28 new
1083 3053 194 47 matter]
1350 3051 279 50 (34-18959)

178 3151 281 67 Worster,
489 3152 255 55 William
774 3156 106 63 W.,
915 3152 170 56 1878-

253 3229 120 52 The
404 3227 146 55 office
581 3230 328 67 laboratory
961 3230 92 68 [by]
1088 3230 258 54 William
1376 3230 87 53 W.
1495 3232 254 53 Worster

183 3230 1962 144 … San Gabriel, Calif., The author, 1934.
252 3382 1022 50 5 p. l., 115, [1] p. illus., diagrs. 20cm.
255 3439 212 40 “Second
496 3439 226 41 edition.”

257 3495 132 41 First
418 3496 183 40 edition
627 3496 255 48 published
913 3496 153 40 under
1095 3496 134 41 title:
1262 3498 201 40 Manual
1494 3498 51 40 of
1575 3496 193 43 clinical
1798 3499 296 46 laboratory.

183 3548 51 51 ©
270 3553 126 40 June
430 3554 38 46 6,
504 3554 114 39 1934;
681 3554 67 39 2c.
785 3555 94 38 and
915 3554 80 39 aff.
1032 3554 126 40 June
1192 3554 81 47 12;
1311 3556 41 38 A
1386 3555 143 41 73031;
1594 3556 70 40 W.
1702 3557 71 39 W.
1808 3557 232 46 Worster,
2081 3555 94 40 San

253 3609 207 48 Gabriel,
493 3610 143 40 Calif.
702 3610 279 49 [Copyright
1011 3610 41 41 is
1082 3611 206 40 claimed
1315 3623 60 28 on
1402 3613 134 47 chap,
1601 3632 141 30 X-XIII]
262 3667 278 48 (34-18986)

178 3769 254 65 Wright,
460 3769 277 55 Watkins
763 3772 67 55 E.

250 3847 119 53 The
414 3867 478 48 moneymooners,
938 3849 74 67 by
1056 3850 266 53 Watkins
1370 3852 65 51 E.
1481 3850 250 67 Wright,
1808 3851 138 52 New
1992 3850 178 52 York.

180 3923 88 55 W.
299 3925 261 67 Godwin,
590 3926 124 67 inc.,
745 3931 149 51 1934.
