2350 4196
1080 4001 96 50 521

150 431 307 67 Phöniker,
494 449 109 34 von
640 432 173 53 Louis
851 433 324 65 Delaporte.
1251 432 113 51 Mit
1403 435 29 48 6
1469 431 201 53 tafeln.
1747 433 284 68 Freiburg
2068 434 80 50 im

206 509 242 68 Breisgau,
476 510 226 52 Herder
729 515 44 49 &
800 529 76 36 co.
906 529 50 48 g.
985 528 71 34 m.
1083 510 51 52 b.
1163 509 70 67 h.,
1261 512 148 49 1933.

223 584 62 46 ix,
314 583 88 40 362.
426 593 42 37 p.
526 594 31 27 XII
627 586 60 45 pl.
744 584 113 39 23cm.
926 583 14 48 (
948 582 252 48 Half-title
1206 593 13 28 :
1249 582 286 41 Geschichte
1565 584 84 39 der
1678 582 275 40 führenden
1982 583 167 40 Völker

264 641 158 48 … 3. bd.)
227 697 116 39 “Die
379 697 306 47 Babylonier,
721 698 219 47 Assyrer,
977 697 171 39 Perser
1183 697 96 38 und
1316 695 271 40 Phöniker”
1625 697 273 39 translated
1935 698 60 46 by
153 696 1980 98 Consuelo

312 755 204 38 baronin
544 766 40 28 v.
613 755 191 39 Heeren
832 755 93 38 and
954 754 121 38 Karl
1103 753 179 47 Joseph
1309 764 41 29 v.
1380 752 258 48 Bissingen.
1709 753 60 47 cf.
1798 763 42 37 p.
1874 751 113 51 [176]

224 812 277 39 “Literatur”
550 823 7 27 :
593 822 41 37 p.
684 811 233 48 [349]-353.

156 864 50 51 ©
236 869 126 47 Sept.
389 869 39 46 7,
455 868 112 40 1933;
624 869 51 39 1c.
718 869 108 38 Jan.
854 868 38 46 9,
921 867 112 40 1934;
1089 868 41 38 A
1131 865 268 49 -Foreign
1426 866 143 40 23263;
1627 867 191 39 Herder
1845 867 37 39 &
1908 875 81 39 co.,
2018 877 42 37 g.
2088 878 59 29 m.

222 926 39 38 b.
287 926 45 38 h.
395 925 258 47 (34-10879)

152 1015 307 65 Larrabee,
487 1015 221 53 Harold
738 1015 236 64 Atkins,
1007 1018 168 49 1894-

219 1093 307 68 Lafayette
555 1099 58 47 at
641 1093 405 68 Schenectady,
1072 1092 219 68 March,
1320 1091 162 67 1778;
1516 1090 634 70 September-October,

154 1171 160 67 1784;
355 1171 169 69 June,
565 1175 151 49 1825.
797 1174 126 66 [By]
967 1171 225 52 Harold
1232 1170 71 53 A.
1341 1170 299 53 Larrabee.
1723 1169 427 69 [Schenectady,

149 1250 67 52 N.
247 1251 89 65 Y.]
369 1250 159 53 Priv.
557 1250 194 69 print.,
782 1254 151 50 1934.

221 1323 336 49 11 p. 21 ½ cm.
226 1381 307 48 “Unrhymed
568 1382 206 41 verses.”
777 1405 60 3 —
839 1382 271 41 Foreword.

154 1437 50 51 ©
229 1441 113 47 Apr.
367 1441 69 47 25,
463 1440 113 40 1934;
630 1440 65 40 2c.
723 1440 95 39 and
844 1439 80 40 aff.
951 1440 112 47 Apr.
1090 1440 55 39 27;
1199 1439 42 39 A
1267 1438 141 41 72196;
1466 1439 58 39 H.
1552 1439 52 39 A.
1634 1440 256 47 Larrabee,
224 1439 1906 106 Schenectady,
379 1498 55 39 N.
461 1498 53 39 Y.
580 1497 278 49 (34-11052)

148 1589 268 64 Lederer,
445 1589 279 56 Norbert.

220 1665 268 68 Tropical
520 1664 104 53 fish
655 1667 45 49 &
731 1666 148 53 their
911 1682 140 49 care,
1082 1665 72 68 by
1184 1663 246 54 Norbert
1462 1663 271 66 Lederer;
1766 1662 380 56 illustrations

152 1739 1990 73 by W. Hammersley Southwick … and Diana H. Furth. New
152 1820 175 70 York,
360 1821 67 52 A.
463 1822 67 50 A.
566 1819 223 70 Knopf,
824 1824 148 48 1934.

219 1893 99 47 xxi,
345 1892 98 48 229,
476 1894 54 48 [1]
559 1904 42 36 p.
630 1893 109 41 incl.
766 1894 163 48 front.,
959 1894 125 38 illus.
1144 1892 144 42 19½cm.

221 1950 159 40 “First
414 1950 226 41 edition.”

219 2008 348 47 Bibliography
585 2018 8 28 :
624 2019 42 37 p.
696 2006 216 42 203-207.

151 2065 50 51 ©
227 2069 113 47 Apr.
365 2068 69 47 23,
461 2068 113 40 1934;
628 2068 67 39 2c.
722 2069 95 38 and
843 2066 81 41 aff.
951 2067 112 47 Apr.
1090 2067 55 38 24;
1200 2067 40 38 A
1266 2067 143 39 71324;
1465 2067 209 40 Norbert
1701 2067 48 41 L,
1778 2068 223 47 Lederer,
2028 2067 118 40 New

215 2126 143 40 York.
417 2124 279 49 (34-10343)

144 2218 257 64 Longus.

218 2296 121 52 The
370 2297 254 66 pastoral
655 2296 153 51 loves
840 2293 63 54 of
933 2293 263 68 Daphnis
1229 2293 112 52 and
1375 2292 195 69 Chloe,
1602 2293 74 68 by
1707 2293 262 68 Longus;
2004 2292 143 52 done

150 2375 119 52 into
308 2373 265 69 English,
612 2373 140 52 with
792 2391 71 34 an
901 2372 407 67 introduction,
1346 2372 74 68 by
1461 2371 222 69 George
1720 2370 225 68 Moore;
147 2370 1976 134 illustrated
361 2452 140 53 with
526 2451 258 69 etchings
807 2452 75 67 by
905 2451 159 52 Ruth
1090 2451 228 53 Reeves.
1378 2451 139 52 New
1543 2450 179 67 York,
1750 2450 121 53 The
1894 2450 252 53 Limited

146 2530 243 53 editions
420 2530 145 67 club,
598 2532 151 50 1934.

221 2601 1331 51 XXV, 130 p., 1 l. incl. illus., plates. front. 29½cm.
218 2660 1926 50 “Fifteen hundred copies … Designed by Porter Garnett and printed
152 2720 151 40 under
347 2717 77 42 his
469 2718 237 40 direction
754 2729 58 29 on
859 2719 81 40 the
988 2718 285 49 hand-press
1321 2722 51 36 at
1423 2718 300 49 Pittsburgh,
1773 2718 373 48 Pennsylvania.

149 2774 1998 51 This is … copyright copy. Illustrated with etchings by Ruth Reeves &
148 2836 111 39 here
287 2835 166 48 signed
481 2835 60 47 by
569 2835 86 40 her
673 2845 8 28 :
713 2833 132 41 Ruth
876 2833 222 41 Reeves.”

147 2889 50 51 ©
224 2894 108 39 Jan.
357 2894 70 46 25,
453 2892 113 40 1934;
621 2893 65 40 2c.
714 2892 94 39 and
836 2890 80 41 aff.
942 2892 110 46 Apr.
1082 2891 25 39 9;
1162 2892 39 38 A
1227 2891 142 41 70972;
1427 2891 208 40 Limited
1664 2893 209 40 editions
1900 2893 122 47 club,
2050 2893 89 40 inc.

204 2946 71 53 [©
300 2950 329 40 illustrations
659 2950 94 38 and
782 2948 319 48 decorations]
1171 2948 279 49 (34-10900)

139 3038 342 65 McCallum,
510 3040 202 53 James
740 3040 160 63 Dow,
931 3041 170 50 1892-
1313 3039 83 53 ed.

216 3112 1814 73 The college omnibus, edited by James Dow McCallum …
149 3197 133 49 1934
308 3196 82 51 ed.
455 3194 135 51 New
620 3192 178 70 York,
824 3193 305 68 Harcourt,
1156 3193 179 54 Brace
1364 3192 111 53 and
1503 3210 294 51 company,
1824 3194 151 52 1934.

251 3297 8 16 x,
289 3265 116 41 1018
433 3277 42 37 p.
531 3264 145 41 23½cm.

218 3323 161 41 “First
407 3322 229 49 printing,
666 3322 182 47 March,
880 3322 156 40 1934.”

214 3382 225 39 Lettered
473 3391 58 29 on
562 3389 140 31 cover
720 3392 8 28 :
761 3378 291 49 Biography,
1083 3390 179 38 essays,
1294 3381 153 48 novel,
1479 3381 255 48 novelette,
1767 3382 152 47 plays,
1953 3383 182 47 poetry,

145 3440 135 38 short
314 3438 188 40 stories.

145 3496 50 51 ©
224 3500 111 47 Apr.
367 3499 68 47 24,
467 3498 112 40 1934;
639 3498 66 38 2c.
737 3498 94 38 and
863 3496 81 40 aff.
975 3497 112 46 Apr.
1119 3497 55 39 28;
1233 3496 42 39 A
1304 3496 143 41 71425;
1510 3497 260 47 Harcourt,
1803 3498 154 39 Brace
1987 3498 37 39 &
2054 3506 82 38 co.,

212 3556 90 40 inc.
360 3554 280 50 (34-10883)

142 3633 395 66 [MacGregor,
566 3632 258 51 Thomas
852 3632 81 65 F.]

208 3708 346 68 Abolishing
576 3712 239 62 poverty
840 3708 251 67 through
1117 3726 32 33 a
1173 3707 258 52 national
1456 3706 260 53 machine
1741 3723 161 50 wage
1926 3709 209 64 system

137 3786 59 52 in
239 3786 305 52 American
588 3785 280 67 industry.
948 3784 448 68 Philadelphia]
1446 3785 121 67 Pa.,
1612 3784 121 52 The
1778 3781 354 54 Manocratic

136 3863 336 70 publishing
501 3880 97 49 co.,
629 3865 171 49 c1934.

212 3937 55 39 14
295 3948 44 37 p.
398 3937 116 40 23cm.
