2350 4196
1100 4016 97 50 943

121 458 261 54 criminal
421 456 327 70 procedure,
789 456 94 51 the
925 451 255 55 Inferior
1221 447 262 55 criminal
1524 453 188 47 courts
1755 452 106 62 act,
1902 446 206 52 Parole

120 536 358 55 commission
507 535 109 54 law
651 535 93 51 for
776 534 123 52 first
930 532 141 54 class
1104 529 156 53 cities
1294 529 112 52 and
1443 526 322 56 Children’s
1797 529 159 48 court
1991 530 116 47 acts

117 615 63 53 of
203 617 138 52 New
365 614 163 53 York
549 619 144 50 state
716 613 111 51 and
849 612 137 52 New
1014 608 160 54 York
1196 607 134 67 city,
1353 605 392 67 exhaustively
1769 605 337 66 annotated;

121 701 158 45 court
312 690 291 69 decisions,
639 709 190 35 source
863 694 156 48 notes
1054 689 111 51 and
1199 684 509 55 cross-references,
1742 700 58 35 as
1835 683 270 52 amended

123 777 56 51 to
207 772 95 53 the
326 773 106 51 end
462 770 64 53 of
550 770 95 53 the
672 767 315 70 legislative
1013 764 225 68 session,
1267 767 148 50 1934.
1494 764 133 52 17th
1654 764 102 63 ed.,
1782 762 189 53 edited
1999 762 108 50 and

123 840 1958 141 annotated by Joseph R. Clevenger … Albany, N. Y., M. Bender
247 931 45 51 &
319 944 296 50 company,
643 924 417 69 incorporated,
1090 925 146 50 1934.

194 990 1927 61 2 p. l., iii-xxxii p., 1 l., 826 (i. e. 864) p., 1 l., 1176 (i. e. 1190) p. 26 cm .
198 1073 249 47 Irregular
476 1071 192 49 paging.

196 1131 72 40 On
297 1139 167 31 cover:
498 1127 228 42 Gilbert’s
757 1125 266 42 annotated
1054 1122 235 43 Criminal
1321 1121 114 41 code
1467 1121 37 41 &
1533 1121 144 48 penal
1707 1120 109 41 law.

130 1191 1997 59 © July 24, 1934; 2c. July 26; aff. July 25; A 73616; Matthew Bender &
197 1270 79 35 co.,
303 1258 89 39 inc.
465 1255 280 50 (34-20926)

125 1375 373 66 O’Flaherty,
533 1374 188 67 Liam,
757 1373 172 54 1897-

259 1445 1782 73 … Shame the devil. London, Grayson & Grayson [1934]
199 1526 1139 54 3 p. l., [9]—284, [1] p. front. (port.) 21 cm .
199 1587 411 48 Autobiography.

133 1654 1981 112 © 1c. June 8, 1934; A ad int. 19117; pubd. Apr. 10; L. O’Flaherty, Kilronan,
403 1719 133 39 Aran
570 1717 207 46 Islands,
812 1715 190 49 County
1037 1714 214 50 Galway,
1288 1714 209 40 Ireland.
1569 1711 281 50 (34-21495)

130 1836 199 65 Orioli,
361 1835 312 66 Giuseppe.

202 1912 241 68 Moving
467 1912 199 68 along;
695 1912 119 68 just
838 1930 31 34 a
896 1911 183 69 diary,
1103 1911 73 68 by
1202 1909 67 55 G.
1299 1908 201 56 Orioli.
1564 1909 259 69 London,
1851 1908 211 55 Chatto
2090 1911 45 50 &

133 1988 262 65 Windus,
429 1992 150 50 1934.

205 2079 43 37 x,
276 2069 98 48 265,
409 2069 54 50 [1]
493 2078 42 38 p.
596 2068 171 51 plates,
795 2071 148 45 ports.
1005 2067 56 41 23
1065 2070 43 21 cm
1113 2100 7 8 .

209 2124 310 42 Illustration
550 2127 229 39 mounted
810 2136 58 29 on
903 2127 124 46 t.-p.;
1062 2134 110 38 map
1206 2124 227 42 attached
1465 2126 48 38 to
1545 2124 122 40 back
1700 2132 153 33 cover.

208 2182 100 40 The
345 2182 198 47 journal
579 2183 51 38 of
666 2193 29 29 a
730 2183 214 47 walking
980 2183 113 38 tour
1126 2181 210 48 through
1374 2182 233 40 southern
1647 2180 143 47 Italy.

140 2246 1999 60 © 1c. June 26, 1934; A ad int. 19088: pubd. May 1; G. Orioli, Florence,
208 2313 142 47 Italy.
425 2310 282 50 (34-21508)

134 2428 236 67 Patton,
401 2430 142 54 Odis
573 2428 249 66 Knight,
856 2432 169 50 1889-
1239 2431 81 51 ed.

209 2507 157 53 Iowa
393 2507 362 55 annotations
783 2514 57 46 to
864 2509 97 51 the
985 2508 388 54 Restatement
1398 2508 63 52 of
1487 2510 97 51 the
1607 2510 110 51 law
1744 2508 63 52 of
1833 2514 298 49 contracts,

141 2604 58 35 as
231 2587 246 66 adopted
508 2585 75 69 by
611 2588 97 51 the
737 2584 306 56 American
1075 2588 107 50 law
1213 2585 277 71 institute,
1520 2587 268 67 covering
1818 2587 252 53 volumes
2104 2593 24 47 1

141 2659 1992 156 Morris to 214 Iowa. Prepared for the Iowa state bar association by O. K. Patton … assisted by Raymond J. Mischler,
144 2817 1989 76 Leland O. Graham … [and others] under the direction of a
143 2900 208 66 special
385 2899 319 55 committee
738 2900 63 53 of
835 2901 93 51 the
962 2900 103 53 bar
1099 2899 353 70 association,
1487 2902 296 67 composed
1821 2901 63 52 of
1921 2901 213 69 Casper

148 2972 1925 77 Schenk, chairman, Truman S. Stevens, James A. Devitt …
153 3058 130 63 [and
312 3058 207 66 others]
599 3057 155 52 Iowa
787 3057 153 68 City,
968 3059 104 66 la.,
1101 3059 156 51 Iowa
1288 3061 145 50 state
1463 3059 102 51 bar
1596 3056 356 69 association,
1987 3063 147 49 1934.

218 3131 166 46 xxxix,
415 3130 87 41 936
529 3141 42 37 p.
630 3131 57 39 24
690 3133 43 21 cm
738 3162 8 8 .

151 3197 51 53 ©
240 3201 125 41 June
402 3203 68 46 14,
507 3200 141 49 1934;
688 3202 65 40 2c.
792 3202 125 39 June
954 3202 83 47 21;
1077 3201 79 40 aff.
1195 3203 126 39 June
1358 3202 81 48 28;
1480 3203 40 38 A
1556 3203 171 47 74035;
1768 3201 50 42 O.
1858 3203 57 38 K.
1955 3203 192 48 Patton,

218 3259 131 39 Iowa
378 3259 123 47 City,
559 3270 41 29 Ia.
672 3259 280 47 (34-20928)

147 3377 392 66 Raubicheck,
569 3381 137 50 Mrs.
737 3377 242 57 Letitia.

220 3453 344 71 Improving
599 3472 144 51 your
781 3455 227 69 speech;
1053 3474 30 33 a
1123 3455 210 68 pupil’s
1373 3457 249 68 practice
1659 3456 147 55 book
1842 3457 61 51 in
1942 3459 199 65 speech

155 3528 1964 136 training with phonetic aids, by Letitia Raubicheck … illustrated
389 3612 74 67 by
510 3611 237 56 Charles
794 3614 88 53 W.
931 3612 377 55 Raubicheck.
1385 3615 138 52 New
1575 3616 179 65 York,
1803 3616 179 51 Noble
2031 3617 111 50 and

156 3687 405 70 Noble [ c 1934]
228 3761 81 49 vii,
337 3761 83 42 163
449 3774 42 36 p.
553 3761 127 42 illus.
741 3763 56 40 19½
829 3766 44 22 cm
878 3797 8 8 .

231 3816 129 43 “The
385 3820 181 40 sounds
593 3820 53 39 of
670 3820 232 48 English”
930 3832 60 29 on
1013 3822 139 40 front
1176 3821 334 51 lining-paper.

162 3885 49 52 ©
242 3891 116 47 July
385 3891 40 47 9,
455 3891 139 46 1934;
627 3893 64 39 2c.
723 3892 117 48 July
869 3894 81 45 13;
983 3893 81 40 aff.
1096 3895 116 47 July
1241 3896 81 45 17;
1356 3896 40 39 A
1427 3896 170 44 74243;
1631 3898 150 39 Noble
1813 3896 36 41 &
1879 3898 165 38 Noble.

240 3948 278 48 (34-21132)
