2350 4196
1069 4004 132 50 1597

152 367 200 64 Reilly,
384 367 204 55 Helen.

312 441 1836 70 … The line-up … Garden City, N. Y., Pub. for the Crime
146 522 144 64 club,
323 521 125 66 inc.,
478 522 73 66 by
581 523 357 66 Doubleday,
968 522 196 52 Doran
1195 524 45 48 &
1272 538 298 49 company,
1606 522 122 64 inc.,
1763 524 148 49 1934.

213 597 26 35 5
270 607 40 36 p.
363 627 21 12 l.,
416 594 87 41 306
534 607 39 36 p.
636 594 144 41 19½cm.

218 652 161 39 “First
414 651 226 40 edition.”

149 704 50 52 ©
225 709 117 38 Nov.
370 710 37 39 7.
436 708 140 41 1934;
665 741 7 7 2c.
700 710 93 38 and
819 708 81 41 aff.
928 708 108 38 Dec.
1065 708 25 38 3;
1148 707 37 37 A
1215 706 167 45 77414;
1415 706 57 38 H.
1504 705 171 48 Reilly,
1705 707 260 45 Westport.
1995 705 148 41 Conn.

226 765 278 47 (34-39742)

149 841 180 65 Riley,
362 842 242 63 Eugene
634 842 303 54 Boniface.

143 914 2001 149 Economics for secondary schools, by Eugene B. Riley … under the editorial supervision of Edgar S. Furniss … Rev.
142 1075 111 52 and
313 1074 105 53 enl.
477 1074 84 52 ed.
622 1074 139 52 with
820 1072 391 55 illustrations.
1289 1074 232 64 Boston,
1581 1073 137 52 New
1779 1072 161 53 York
2019 1078 120 61 [etc.]

140 1152 319 68 Houghton
490 1152 205 52 Mifflin
728 1170 279 50 company
1061 1154 174 64 [c1934]

217 1224 1142 50 vi p,, 1 l., 451, lii p. illus., diagrs. 19½cm.
215 1282 349 47 Bibliography
582 1294 9 28 :
626 1294 41 37 p.
719 1282 271 49 [xxxi]-xlii.

150 1334 1976 109 © Oct. 20, 1934; 2c. Nov. 17; aff. Nov. 20; A 78226 : E. B. Riley, Jamaica, N. Y. (34-39710)
148 1457 315 66 Robinson,
496 1460 202 52 James
733 1461 257 61 Harvey,
1028 1460 169 52 1863-

217 1533 284 55 Medieval
537 1536 112 52 and
683 1537 236 51 modern
951 1537 193 65 times;
1180 1554 71 34 an
1284 1535 391 53 introduction
1705 1540 59 47 to
1797 1535 95 52 the
1926 1534 221 67 history

146 1612 64 53 of
257 1617 239 48 western
544 1613 351 53 civilization
943 1613 154 53 from
1142 1613 94 53 the
1285 1613 340 53 dissolution
1673 1612 63 52 of
1782 1613 95 52 the
1923 1613 224 52 Roman

145 1691 215 66 empire
395 1696 59 48 to
490 1691 96 53 the
623 1697 227 61 present
884 1693 156 64 time,
1076 1692 74 66 by
1185 1691 195 54 James
1418 1691 237 65 Harvey
1690 1690 312 53 Robinson.
2074 1689 73 54 2d

148 1786 112 33 rev.
289 1767 85 54 ed.
438 1769 234 65 Boston,
701 1770 138 51 New
871 1769 162 53 York
1066 1775 136 60 [etc.]
1237 1768 157 55 Ginn
1422 1769 113 52 and
1564 1786 280 48 company
1878 1771 193 63 [c1934]

217 1839 84 48 xii,
344 1840 98 48 825,
487 1841 108 40 xliii
637 1852 43 36 p.
751 1841 85 40 col.
881 1842 162 46 front.,
1090 1841 140 47 illus.,
1274 1841 157 47 plates
1460 1842 134 46 (part
1639 1842 111 38 col.)
1803 1845 162 43 ports.,
2010 1851 136 37 maps

157 1897 136 48 (part
323 1897 197 48 double)
590 1897 145 41 19½cm.

219 1953 346 49 Bibliography
585 1965 9 28 :
626 1966 42 36 p.
700 1955 134 38 i-xxi
862 1960 51 34 at
942 1955 105 39 end.

152 2007 53 51 ©
237 2012 126 47 Sept.
398 2012 69 42 20,
501 2012 139 39 1934;
678 2012 65 38 2c.
779 2012 116 40 Nov.
931 2012 78 39 16;
1046 2010 80 39 aff.
1161 2011 116 39 Nov.
1313 2012 79 38 15;
1430 2013 39 36 A
1504 2011 169 41 78175;
1713 2012 42 39 J.
1791 2012 57 37 H.
1886 2009 260 43 Robinson,

217 2069 116 39 New
364 2069 144 39 York.
581 2068 279 42 (34-39715)

147 2129 179 66 Rohr,
357 2129 214 54 Moritz
602 2146 128 41 von,
769 2134 171 50 1868-

214 2208 119 53 Das
377 2207 334 68 brillenglas
756 2208 82 52 als
882 2206 281 68 optisches
1210 2207 358 67 instrument,
1614 2227 110 33 von
1769 2210 108 51 den
143 2208 1977 132 wissenschaftlichen
548 2286 393 52 mitarbeitern
969 2304 71 33 an
1069 2286 99 51 der
1195 2285 294 67 optischen
1522 2287 322 52 werkstätte
1872 2303 108 35 von
2011 2287 135 54 Carl

144 2364 1999 68 Zeiss, Jena. dr. Moritz von Rohr … und dr. Hans Boegeheld.
147 2442 107 54 Mit
281 2443 179 53 einem
486 2443 255 67 beitrage
767 2460 110 34 von
905 2445 83 51 dr.
1019 2444 164 51 Hans
1208 2442 335 69 Hartinger.
1621 2442 229 67 Völlige
149 2443 1972 145 neubearbeitung

420 2519 1731 69 des buches “ Die brille als optisches instrument”, mit
148 2604 96 48 119
293 2600 382 67 abbildungen
727 2601 110 50 und
891 2599 180 52 einem
1120 2599 209 53 bikinis
1379 2617 108 34 von
1537 2600 204 52 Allvar
1787 2601 355 54 Gullstrand.

146 2677 212 57 Berlin,
391 2679 55 53 J.
486 2678 295 66 Springer.
818 2682 148 48 1934.

217 2760 42 38 X,
287 2751 79 40 281,
418 2770 8 29 [1]
503 2762 41 35 p.
606 2751 162 42 front.,
798 2751 140 45 illus,
968 2750 178 47 diagrs.
1206 2749 115 41 24cm.

247 2806 218 47 “Quellen-
499 2808 95 38 und
624 2806 504 41 namenverzeichnis”;
1190 2819 41 36 p.
1265 2807 247 49 [249]-281.

151 2860 1799 53 © June 29. 1934; 1c. Oct. 2: A -Foreign 25810 : Julius Springer.
229 2922 279 48 (34-39890)

152 2984 219 53 Ronald
403 3000 168 48 press
602 3000 306 47 company,
938 2987 138 50 New
1111 2986 172 52 York.

218 3060 280 53 Effective
537 3060 293 52 collection
873 3061 193 52 letters
1105 3061 125 52 that
1270 3060 169 70 bring
1481 3062 58 50 in
1582 3061 93 52 the
1715 3078 200 51 money
1957 3061 193 69 today,

149 3138 167 53 based
340 3157 72 34 on
436 3138 94 52 the
555 3138 248 67 practice
827 3137 64 54 of
917 3141 64 49 56
1006 3139 176 52 credit
1209 3140 316 51 executives;
1585 3139 184 52 issued
1798 3158 61 34 as
1882 3158 31 33 a
1938 3137 211 69 special

147 3216 358 67 supplement
539 3221 58 47 to
630 3214 277 54 Effective
940 3217 293 51 collection
1267 3217 260 52 methods
1564 3217 71 67 by
1671 3216 66 52 E.
1774 3216 76 52 H.
1884 3214 266 57 Gardner

148 3295 112 51 and
286 3295 64 51 F.
380 3295 68 51 A.
476 3293 146 52 Fall.
685 3293 137 52 New
853 3293 178 67 York,
1057 3294 118 52 The
1201 3294 225 53 Ronald
1455 3312 158 50 press
1638 3310 279 53 company
1968 3296 158 50 [c1934]

225 3365 78 48 vii,
330 3371 25 34 216
441 3377 39 35 p.
509 3368 105 36 incl.
644 3366 126 39 illus.,
811 3366 165 39 forms.
1038 3367 114 37 21cm.

152 3420 51 51 ©
230 3425 116 39 Nov.
374 3425 39 46 2,
440 3424 114 40 1934;
612 3424 65 40 2c.
705 3424 118 39 Nov.
851 3425 24 38 8;
931 3424 79 39 aff.
1039 3425 117 39 Nov.
1184 3428 24 36 6
1227 3436 8 29 :
1267 3426 38 37 A
1335 3426 140 38 77150;
1535 3425 189 39 Ronald
1752 3436 135 36 press
1915 3436 67 29 co.

229 3481 279 46 (34-39520)

149 3544 168 63 Ross,
347 3544 201 61 Betty.

221 3619 194 53 Heads
457 3620 112 52 and
609 3619 159 67 tales,
809 3620 73 66 by
924 3621 174 66 Betty
1136 3622 172 66 Ross;
1351 3622 141 52 with
1533 3640 71 33 an
1643 3621 391 53 introduction
2073 3622 74 66 by

149 3696 67 53 R.
247 3697 71 52 D.
348 3697 388 52 Blumenfeld.
800 3696 259 68 London,
1084 3698 146 53 Rich
1258 3701 46 50 &
1332 3698 232 66 Cowan,
1591 3698 123 66 ltd.,
1744 3701 151 51 1934.

219 3769 84 48 xii,
341 3768 205 51 [13]-300
575 3780 44 38 p.
681 3769 113 40 19cm.

221 3823 312 43 Confessions
561 3825 51 41 of
638 3835 29 30 a
693 3824 267 47 journalist
987 3826 46 38 in
1063 3826 340 50 interviewing
1428 3827 286 41 celebrities.

155 3878 1989 53 © 1c. Oct. 26, 1934; A ad int. 19523; pubd. Sept. 13; B. Ross, New York.
232 3938 278 48 (34-39714)
