<alto xmlns="http://www.loc.gov/standards/alto/ns-v3#" xmlns:xsi="http://www.w3.org/2001/XMLSchema-instance" xsi:schemaLocation="http://www.loc.gov/standards/alto/ns-v3# http://www.loc.gov/alto/v3/alto-3-0.xsd"><Description>
<MeasurementUnit>pixel</MeasurementUnit>
<sourceImageInformation>
<fileName>1934_v1_Part1.pdf</fileName>
</sourceImageInformation>
<OCRProcessing ID="IdOcr">
<ocrProcessingStep>
<processingDateTime>2019-01-10</processingDateTime>
<processingSoftware>
<softwareCreator>ABBYY</softwareCreator>
<softwareName>ABBYY Recognition Server</softwareName>
<softwareVersion>4.0</softwareVersion>
</processingSoftware>
</ocrProcessingStep>
</OCRProcessing>
</Description>
<Styles>
<ParagraphStyle ALIGN="Left" FIRSTLINE="0." ID="StyleId-FFFFFFFF-FFFF-FFFF-FFFF-FFFFFFFFFFFF-" LEFT="0." RIGHT="0." />
<ParagraphStyle ALIGN="Right" FIRSTLINE="0." ID="StyleId-521E1FC6-FE7E-43A4-90E6-A9B61626A263-" LEFT="0." LINESPACE="13.30000019" RIGHT="0." />
<ParagraphStyle ALIGN="Left" FIRSTLINE="-27." ID="StyleId-639B624E-F6F5-47B6-BB1D-34E64B53022F-" LEFT="0." LINESPACE="13.43999958" RIGHT="0." />
<ParagraphStyle ALIGN="Left" FIRSTLINE="0." ID="StyleId-100905F9-D385-406B-A5BD-ED5B8FD85431-" LEFT="0." RIGHT="0." />
<ParagraphStyle ALIGN="Left" FIRSTLINE="-27." ID="StyleId-7C9F9BA2-EF3A-4B7F-8486-CCC7B7F49B39-" LEFT="0." LINESPACE="18.71999931" RIGHT="0." />
<ParagraphStyle ALIGN="Block" FIRSTLINE="-27." ID="StyleId-350780E3-60F2-4605-88F5-BB54F9B87091-" LEFT="0." LINESPACE="18.71999931" RIGHT="0." />
<ParagraphStyle ALIGN="Left" FIRSTLINE="0." ID="StyleId-90B16C58-D795-4C77-9B89-30378C515D40-" LEFT="0." LINESPACE="14.39999962" RIGHT="0." />
<ParagraphStyle ALIGN="Right" FIRSTLINE="-27." ID="StyleId-17090E09-AFAF-4086-BD9B-4E99FAE6B057-" LEFT="0." LINESPACE="14.39999962" RIGHT="0." />
<ParagraphStyle ALIGN="Left" FIRSTLINE="-27." ID="StyleId-8B87B633-89DB-4D72-B1FC-26E4ABD680BC-" LEFT="0." LINESPACE="18.47999954" RIGHT="0." />
<ParagraphStyle ALIGN="Left" FIRSTLINE="0." ID="StyleId-42DA7417-CA90-4D71-A57B-06556C38D752-" LEFT="0." LINESPACE="13.30000019" RIGHT="0." />
<ParagraphStyle ALIGN="Block" FIRSTLINE="0." ID="StyleId-D8EE2A7E-42AE-4E35-98DB-F0F935637AA0-" LEFT="0." LINESPACE="6.599999905" RIGHT="0." />
<ParagraphStyle ALIGN="Left" FIRSTLINE="0." ID="StyleId-33CD3121-D4F5-43B6-BA96-6382D166E6B8-" LEFT="0." LINESPACE="15.5" RIGHT="0." />
<ParagraphStyle ALIGN="Block" FIRSTLINE="-21." ID="StyleId-1CE52AFA-C319-4DD9-B4B1-F0EBFA2B3F0B-" LEFT="0." LINESPACE="18.71999931" RIGHT="0." />
<ParagraphStyle ALIGN="Left" FIRSTLINE="0." ID="StyleId-B74F1B65-92F1-49C5-A5FA-D20442F031F2-" LEFT="0." LINESPACE="17.70006076" RIGHT="0." />
<ParagraphStyle ALIGN="Center" FIRSTLINE="0." ID="StyleId-79E2924A-215C-40B7-B577-7236BFBAA25E-" LEFT="0." LINESPACE="7.199999809" RIGHT="0." />
</Styles>
<Layout>
<Page HEIGHT="4196" ID="Page1691" PHYSICAL_IMG_NR="1691" WIDTH="2350">
<TopMargin HEIGHT="313" HPOS="0" VPOS="0" WIDTH="2350">
</TopMargin>
<LeftMargin HEIGHT="3838" HPOS="0" VPOS="313" WIDTH="47">
</LeftMargin>
<RightMargin HEIGHT="3838" HPOS="2241" VPOS="313" WIDTH="109">
</RightMargin>
<BottomMargin HEIGHT="45" HPOS="0" VPOS="4151" WIDTH="2350">
</BottomMargin>
<PrintSpace HEIGHT="3838" HPOS="47" VPOS="313" WIDTH="2194">
<TextBlock HEIGHT="147" HPOS="1038" ID="Page1691_Block1" LANG="en-US" STYLEREFS="StyleId-D4172D0F-43CD-4D7B-A4E1-67D32C7007A2-" VPOS="4004" WIDTH="348">
<TextLine HEIGHT="52" HPOS="1091" VPOS="4006" WIDTH="133">
<String CONTENT="1691" HEIGHT="52" HPOS="1091" VPOS="4006" WIDTH="133" />
</TextLine>
</TextBlock>
<TextBlock CS="1" HEIGHT="3661" HPOS="47" ID="Page1691_Block2" LANG="en-US" STYLEREFS="StyleId-E58651B9-2F11-4A8C-957D-12222A72D980-" VPOS="313" WIDTH="2194">
<TextLine CS="1" HEIGHT="48" HPOS="232" VPOS="433" WIDTH="800">
<String CONTENT="vi" HEIGHT="37" HPOS="232" VPOS="434" WIDTH="44" />
<SP HEIGHT="46" HPOS="277" VPOS="434" WIDTH="25" />
<String CONTENT="p.," HEIGHT="37" HPOS="303" VPOS="443" WIDTH="56" />
<SP HEIGHT="45" HPOS="360" VPOS="435" WIDTH="27" />
<String CONTENT="1" HEIGHT="37" HPOS="388" VPOS="435" WIDTH="23" />
<SP HEIGHT="37" HPOS="412" VPOS="435" WIDTH="27" />
<String CONTENT="l.," CS="1" HEIGHT="6" HPOS="462" VPOS="467" WIDTH="6" />
<SP HEIGHT="43" HPOS="485" VPOS="435" WIDTH="25" />
<String CONTENT="183" HEIGHT="39" HPOS="511" VPOS="435" WIDTH="83" />
<SP HEIGHT="46" HPOS="595" VPOS="435" WIDTH="26" />
<String CONTENT="p." HEIGHT="37" HPOS="622" VPOS="444" WIDTH="42" />
<SP HEIGHT="38" HPOS="665" VPOS="435" WIDTH="63" />
<String CONTENT="illus." HEIGHT="38" HPOS="729" VPOS="435" WIDTH="125" />
<SP HEIGHT="39" HPOS="855" VPOS="434" WIDTH="62" />
<String CONTENT="19cm." HEIGHT="40" HPOS="918" VPOS="433" WIDTH="114" />
</TextLine>
<TextLine HEIGHT="49" HPOS="228" VPOS="489" WIDTH="452">
<String CONTENT="&#8220;First" HEIGHT="41" HPOS="228" VPOS="489" WIDTH="163" />
<SP HEIGHT="43" HPOS="392" VPOS="494" WIDTH="27" />
<String CONTENT="printing.&#8221;" HEIGHT="47" HPOS="420" VPOS="491" WIDTH="260" />
</TextLine>
<TextLine CS="1" HEIGHT="51" HPOS="160" VPOS="544" WIDTH="1837">
<String CONTENT="&#169;" HEIGHT="51" HPOS="160" VPOS="544" WIDTH="51" />
<SP HEIGHT="51" HPOS="212" VPOS="544" WIDTH="23" />
<String CONTENT="Nov." HEIGHT="40" HPOS="236" VPOS="549" WIDTH="115" />
<SP HEIGHT="39" HPOS="352" VPOS="550" WIDTH="25" />
<String CONTENT="12," HEIGHT="41" HPOS="378" VPOS="550" WIDTH="66" />
<SP HEIGHT="40" HPOS="445" VPOS="551" WIDTH="26" />
<String CONTENT="1934;" CS="1" HEIGHT="40" HPOS="472" VPOS="548" WIDTH="111" />
<SP HEIGHT="42" HPOS="611" VPOS="549" WIDTH="25" />
<String CONTENT="2c." HEIGHT="39" HPOS="637" VPOS="549" WIDTH="64" />
<SP HEIGHT="28" HPOS="702" VPOS="560" WIDTH="27" />
<String CONTENT="and" HEIGHT="39" HPOS="730" VPOS="549" WIDTH="93" />
<SP HEIGHT="40" HPOS="824" VPOS="549" WIDTH="26" />
<String CONTENT="aff." HEIGHT="40" HPOS="851" VPOS="549" WIDTH="80" />
<SP HEIGHT="40" HPOS="932" VPOS="549" WIDTH="24" />
<String CONTENT="Nov." HEIGHT="39" HPOS="957" VPOS="549" WIDTH="114" />
<SP HEIGHT="37" HPOS="1072" VPOS="550" WIDTH="28" />
<String CONTENT="14" HEIGHT="37" HPOS="1101" VPOS="549" WIDTH="53" />
<SP HEIGHT="40" HPOS="1155" VPOS="549" WIDTH="18" />
<String CONTENT=":" HEIGHT="30" HPOS="1174" VPOS="559" WIDTH="6" />
<SP HEIGHT="40" HPOS="1181" VPOS="549" WIDTH="27" />
<String CONTENT="A" HEIGHT="37" HPOS="1209" VPOS="549" WIDTH="39" />
<SP HEIGHT="39" HPOS="1249" VPOS="549" WIDTH="22" />
<String CONTENT="78096;" CS="1" HEIGHT="41" HPOS="1272" VPOS="547" WIDTH="143" />
<SP HEIGHT="43" HPOS="1442" VPOS="548" WIDTH="28" />
<String CONTENT="Webb" HEIGHT="39" HPOS="1471" VPOS="548" WIDTH="147" />
<SP HEIGHT="38" HPOS="1619" VPOS="548" WIDTH="26" />
<String CONTENT="book" HEIGHT="38" HPOS="1646" VPOS="548" WIDTH="121" />
<SP HEIGHT="46" HPOS="1768" VPOS="548" WIDTH="26" />
<String CONTENT="pub." HEIGHT="47" HPOS="1795" VPOS="547" WIDTH="107" />
<SP HEIGHT="29" HPOS="1903" VPOS="557" WIDTH="27" />
<String CONTENT="co." HEIGHT="30" HPOS="1931" VPOS="556" WIDTH="66" />
</TextLine>
<TextLine HEIGHT="49" HPOS="237" VPOS="603" WIDTH="279">
<String CONTENT="(34-39675)" HEIGHT="49" HPOS="237" VPOS="603" WIDTH="279" />
</TextLine>
<TextLine HEIGHT="65" HPOS="156" STYLEREFS="StyleId-AB770ACA-6FE0-4C37-A6AB-3475423F064F-" VPOS="709" WIDTH="728">
<String CONTENT="Graham," HEIGHT="63" HPOS="156" VPOS="709" WIDTH="279" />
<SP HEIGHT="62" HPOS="436" VPOS="710" WIDTH="30" />
<String CONTENT="Harry," HEIGHT="64" HPOS="467" VPOS="710" WIDTH="216" />
<SP HEIGHT="57" HPOS="684" VPOS="717" WIDTH="34" />
<String CONTENT="1874-" HEIGHT="51" HPOS="719" VPOS="713" WIDTH="165" />
</TextLine>
<TextLine CS="1" HEIGHT="70" HPOS="294" STYLEREFS="StyleId-6FEDFBAE-90AC-4741-9BED-C6785A63145C-" VPOS="783" WIDTH="1859">
<String CONTENT="Happy" CS="1" HEIGHT="51" HPOS="294" VPOS="802" WIDTH="151" />
<SP HEIGHT="69" HPOS="446" VPOS="784" WIDTH="33" />
<String CONTENT="families," HEIGHT="68" HPOS="480" VPOS="784" WIDTH="263" />
<SP HEIGHT="46" HPOS="744" VPOS="806" WIDTH="29" />
<String CONTENT="a" HEIGHT="31" HPOS="774" VPOS="806" WIDTH="27" />
<SP HEIGHT="34" HPOS="802" VPOS="804" WIDTH="30" />
<String CONTENT="story" HEIGHT="58" HPOS="833" VPOS="794" WIDTH="152" />
<SP HEIGHT="66" HPOS="986" VPOS="786" WIDTH="33" />
<String CONTENT="for" HEIGHT="51" HPOS="1020" VPOS="786" WIDTH="90" />
<SP HEIGHT="45" HPOS="1111" VPOS="793" WIDTH="28" />
<String CONTENT="the" HEIGHT="53" HPOS="1140" VPOS="785" WIDTH="92" />
<SP HEIGHT="50" HPOS="1233" VPOS="803" WIDTH="25" />
<String CONTENT="young" HEIGHT="51" HPOS="1259" VPOS="802" WIDTH="192" />
<SP HEIGHT="49" HPOS="1452" VPOS="802" WIDTH="26" />
<String CONTENT="of" HEIGHT="50" HPOS="1479" VPOS="785" WIDTH="63" />
<SP HEIGHT="53" HPOS="1543" VPOS="785" WIDTH="28" />
<String CONTENT="all" HEIGHT="53" HPOS="1572" VPOS="785" WIDTH="77" />
<SP HEIGHT="51" HPOS="1650" VPOS="785" WIDTH="27" />
<String CONTENT="ages," HEIGHT="50" HPOS="1678" VPOS="801" WIDTH="148" />
<SP HEIGHT="64" HPOS="1827" VPOS="784" WIDTH="31" />
<String CONTENT="by" HEIGHT="68" HPOS="1859" VPOS="784" WIDTH="66" />
<SP HEIGHT="69" HPOS="1926" VPOS="783" WIDTH="34" />
<String CONTENT="Harry" HEIGHT="66" HPOS="1961" VPOS="783" WIDTH="192" />
</TextLine>
<TextLine HEIGHT="71" HPOS="162" STYLEREFS="StyleId-6FEDFBAE-90AC-4741-9BED-C6785A63145C-" VPOS="859" WIDTH="1991">
<String CONTENT="Graham;" HEIGHT="61" HPOS="162" VPOS="862" WIDTH="280" />
<SP HEIGHT="42" HPOS="443" VPOS="881" WIDTH="52" />
<String CONTENT="with" HEIGHT="51" HPOS="496" VPOS="863" WIDTH="133" />
<SP HEIGHT="53" HPOS="630" VPOS="863" WIDTH="48" />
<String CONTENT="illustrations" HEIGHT="53" HPOS="679" VPOS="863" WIDTH="376" />
<SP HEIGHT="53" HPOS="1056" VPOS="862" WIDTH="45" />
<String CONTENT="by" HEIGHT="68" HPOS="1102" VPOS="862" WIDTH="71" />
<SP HEIGHT="68" HPOS="1174" VPOS="862" WIDTH="47" />
<String CONTENT="Lewis" HEIGHT="53" HPOS="1222" VPOS="862" WIDTH="182" />
<SP HEIGHT="53" HPOS="1405" VPOS="861" WIDTH="44" />
<String CONTENT="Baumer." HEIGHT="54" HPOS="1450" VPOS="861" WIDTH="262" />
<SP HEIGHT="52" HPOS="1713" VPOS="861" WIDTH="84" />
<String CONTENT="London," HEIGHT="67" HPOS="1798" VPOS="860" WIDTH="256" />
<SP HEIGHT="68" HPOS="2055" VPOS="859" WIDTH="44" />
<String CONTENT="J." HEIGHT="55" HPOS="2100" VPOS="859" WIDTH="53" />
</TextLine>
<TextLine CS="1" HEIGHT="69" HPOS="161" STYLEREFS="StyleId-6FEDFBAE-90AC-4741-9BED-C6785A63145C-" VPOS="938" WIDTH="349">
<String CONTENT="Cape" HEIGHT="69" HPOS="161" VPOS="938" WIDTH="154" />
<SP HEIGHT="50" HPOS="316" VPOS="957" WIDTH="39" />
<String CONTENT="[1934]" CS="1" HEIGHT="48" HPOS="377" VPOS="943" WIDTH="133" />
</TextLine>
<TextLine CS="1" HEIGHT="51" HPOS="227" VPOS="1010" WIDTH="1113">
<String CONTENT="2" HEIGHT="39" HPOS="227" VPOS="1010" WIDTH="27" />
<SP />
<String CONTENT="p." HEIGHT="37" HPOS="282" LANG="fr" VPOS="1021" WIDTH="43" />
<SP />
<String CONTENT="l.," CS="1" LANG="fr" />
<SP HEIGHT="49" HPOS="400" VPOS="1010" WIDTH="28" />
<String CONTENT="9-316," HEIGHT="49" HPOS="429" VPOS="1010" WIDTH="157" />
<SP HEIGHT="30" HPOS="587" VPOS="1031" WIDTH="33" />
<String CONTENT="[1]" HEIGHT="47" HPOS="621" VPOS="1014" WIDTH="54" />
<SP HEIGHT="37" HPOS="676" VPOS="1023" WIDTH="33" />
<String CONTENT="p." HEIGHT="37" HPOS="710" VPOS="1023" WIDTH="41" />
<SP HEIGHT="39" HPOS="752" VPOS="1013" WIDTH="60" />
<String CONTENT="front.," HEIGHT="45" HPOS="813" VPOS="1013" WIDTH="161" />
<SP HEIGHT="44" HPOS="975" VPOS="1014" WIDTH="32" />
<String CONTENT="illus." HEIGHT="38" HPOS="1008" VPOS="1013" WIDTH="126" />
<SP HEIGHT="39" HPOS="1135" VPOS="1011" WIDTH="59" />
<String CONTENT="20&#189;cm." CS="1" HEIGHT="41" HPOS="1195" VPOS="1011" WIDTH="145" />
</TextLine>
<TextLine CS="1" HEIGHT="52" HPOS="159" VPOS="1066" WIDTH="1996">
<String CONTENT="&#169;" HEIGHT="52" HPOS="159" LANG="en-US" VPOS="1066" WIDTH="51" />
<SP />
<String CONTENT="1c." CS="1" LANG="en-US" />
<SP />
<String CONTENT="Dec." HEIGHT="41" HPOS="337" LANG="en-US" VPOS="1072" WIDTH="111" />
<SP HEIGHT="40" HPOS="449" VPOS="1073" WIDTH="28" />
<String CONTENT="4." HEIGHT="39" HPOS="478" LANG="en-US" VPOS="1073" WIDTH="39" />
<SP HEIGHT="37" HPOS="518" VPOS="1075" WIDTH="30" />
<String CONTENT="1934;" HEIGHT="43" HPOS="549" LANG="en-US" VPOS="1071" WIDTH="139" />
<SP HEIGHT="39" HPOS="689" VPOS="1075" WIDTH="29" />
<String CONTENT="A" HEIGHT="35" HPOS="719" LANG="en-US" VPOS="1075" WIDTH="39" />
<SP HEIGHT="36" HPOS="759" VPOS="1075" WIDTH="29" />
<String CONTENT="ad" HEIGHT="35" HPOS="789" LANG="de" VPOS="1076" WIDTH="58" />
<SP HEIGHT="39" HPOS="848" VPOS="1072" WIDTH="31" />
<String CONTENT="int." HEIGHT="40" HPOS="880" LANG="de" VPOS="1072" WIDTH="84" />
<SP HEIGHT="38" HPOS="965" VPOS="1074" WIDTH="31" />
<String CONTENT="19680;" CS="1" HEIGHT="41" HPOS="997" LANG="fi" VPOS="1070" WIDTH="140" />
<SP HEIGHT="37" HPOS="1165" VPOS="1081" WIDTH="32" />
<String CONTENT="pubd." CS="1" HEIGHT="46" HPOS="1198" LANG="en-US" VPOS="1072" WIDTH="139" />
<SP HEIGHT="41" HPOS="1338" VPOS="1070" WIDTH="33" />
<String CONTENT="Oct." HEIGHT="41" HPOS="1372" LANG="en-US" VPOS="1070" WIDTH="99" />
<SP HEIGHT="39" HPOS="1472" VPOS="1071" WIDTH="32" />
<String CONTENT="8;" CS="1" HEIGHT="39" HPOS="1505" LANG="en-US" VPOS="1071" WIDTH="24" />
<SP HEIGHT="42" HPOS="1556" VPOS="1072" WIDTH="33" />
<String CONTENT="H." HEIGHT="41" HPOS="1590" LANG="en-US" VPOS="1072" WIDTH="59" />
<SP HEIGHT="42" HPOS="1650" VPOS="1071" WIDTH="32" />
<String CONTENT="Graham," HEIGHT="47" HPOS="1683" LANG="en-US" VPOS="1071" WIDTH="227" />
<SP HEIGHT="46" HPOS="1911" VPOS="1072" WIDTH="31" />
<String CONTENT="London." HEIGHT="39" HPOS="1943" LANG="en-US" VPOS="1072" WIDTH="212" />
</TextLine>
<TextLine HEIGHT="47" HPOS="236" VPOS="1127" WIDTH="281">
<String CONTENT="(34-42420)" HEIGHT="47" HPOS="236" VPOS="1127" WIDTH="281" />
</TextLine>
<TextLine HEIGHT="69" HPOS="160" STYLEREFS="StyleId-AB770ACA-6FE0-4C37-A6AB-3475423F064F-" VPOS="1229" WIDTH="1123">
<String CONTENT="[Gribble," HEIGHT="67" HPOS="160" VPOS="1229" WIDTH="275" />
<SP HEIGHT="63" HPOS="436" VPOS="1232" WIDTH="33" />
<String CONTENT="Leonard" HEIGHT="54" HPOS="470" VPOS="1232" WIDTH="265" />
<SP HEIGHT="53" HPOS="736" VPOS="1233" WIDTH="31" />
<String CONTENT="Reginald]" HEIGHT="66" HPOS="768" VPOS="1232" WIDTH="305" />
<SP HEIGHT="59" HPOS="1074" VPOS="1239" WIDTH="39" />
<String CONTENT="1908-" HEIGHT="49" HPOS="1114" VPOS="1237" WIDTH="169" />
</TextLine>
<TextLine CS="1" HEIGHT="70" HPOS="231" STYLEREFS="StyleId-6FEDFBAE-90AC-4741-9BED-C6785A63145C-" VPOS="1306" WIDTH="1922">
<String CONTENT="The" HEIGHT="51" HPOS="231" VPOS="1307" WIDTH="120" />
<SP HEIGHT="33" HPOS="352" VPOS="1325" WIDTH="30" />
<String CONTENT="man" HEIGHT="36" HPOS="383" VPOS="1325" WIDTH="129" />
<SP HEIGHT="51" HPOS="513" VPOS="1307" WIDTH="35" />
<String CONTENT="from" HEIGHT="52" HPOS="549" VPOS="1307" WIDTH="147" />
<SP HEIGHT="51" HPOS="697" VPOS="1307" WIDTH="34" />
<String CONTENT="Manhattan;" HEIGHT="65" HPOS="732" VPOS="1306" WIDTH="368" />
<SP HEIGHT="46" HPOS="1101" VPOS="1325" WIDTH="36" />
<String CONTENT="a" HEIGHT="33" HPOS="1138" VPOS="1325" WIDTH="26" />
<SP HEIGHT="33" HPOS="1165" VPOS="1325" WIDTH="37" />
<String CONTENT="murder" HEIGHT="51" HPOS="1203" VPOS="1308" WIDTH="229" />
<SP HEIGHT="33" HPOS="1433" VPOS="1325" WIDTH="32" />
<String CONTENT="mystery" HEIGHT="61" HPOS="1466" VPOS="1315" WIDTH="246" />
<SP HEIGHT="68" HPOS="1713" VPOS="1308" WIDTH="37" />
<String CONTENT="by" HEIGHT="66" HPOS="1751" VPOS="1308" WIDTH="68" />
<SP HEIGHT="66" HPOS="1820" VPOS="1308" WIDTH="40" />
<String CONTENT="Leo" HEIGHT="52" HPOS="1861" VPOS="1308" WIDTH="109" />
<SP HEIGHT="52" HPOS="1971" VPOS="1307" WIDTH="33" />
<String CONTENT="G" HEIGHT="52" HPOS="2005" LANG="fr" VPOS="1307" WIDTH="47" />
<String CONTENT="rex" HEIGHT="33" HPOS="2062" VPOS="1325" WIDTH="91" />
</TextLine>
<TextLine CS="1" HEIGHT="70" HPOS="166" STYLEREFS="StyleId-6FEDFBAE-90AC-4741-9BED-C6785A63145C-" VPOS="1384" WIDTH="1488">
<String CONTENT="[pseud.]" CS="1" HEIGHT="68" HPOS="166" VPOS="1385" WIDTH="194" />
<SP HEIGHT="67" HPOS="397" VPOS="1385" WIDTH="77" />
<String CONTENT="London," HEIGHT="66" HPOS="475" VPOS="1385" WIDTH="257" />
<SP HEIGHT="66" HPOS="733" VPOS="1385" WIDTH="30" />
<String CONTENT="Hutchinson" HEIGHT="53" HPOS="764" VPOS="1385" WIDTH="361" />
<SP HEIGHT="51" HPOS="1126" VPOS="1386" WIDTH="30" />
<String CONTENT="&amp;" HEIGHT="50" HPOS="1157" VPOS="1386" WIDTH="44" />
<SP HEIGHT="51" HPOS="1202" VPOS="1386" WIDTH="29" />
<String CONTENT="co." HEIGHT="35" HPOS="1232" VPOS="1402" WIDTH="75" />
<SP HEIGHT="51" HPOS="1308" VPOS="1386" WIDTH="31" />
<String CONTENT="ltd." HEIGHT="54" HPOS="1340" VPOS="1384" WIDTH="102" />
<SP HEIGHT="34" HPOS="1443" VPOS="1420" WIDTH="37" />
<String CONTENT="[1934]" HEIGHT="66" HPOS="1481" VPOS="1388" WIDTH="173" />
</TextLine>
<TextLine CS="1" HEIGHT="49" HPOS="226" VPOS="1455" WIDTH="607">
<String CONTENT="3" HEIGHT="40" HPOS="226" LANG="en-US" VPOS="1456" WIDTH="27" />
<SP />
<String CONTENT="p." HEIGHT="37" HPOS="277" LANG="fr" VPOS="1466" WIDTH="46" />
<SP />
<String CONTENT="l.," CS="1" LANG="fr" />
<SP HEIGHT="46" HPOS="399" VPOS="1457" WIDTH="29" />
<String CONTENT="11-287" HEIGHT="41" HPOS="429" LANG="en-US" VPOS="1455" WIDTH="172" />
<SP HEIGHT="47" HPOS="602" VPOS="1457" WIDTH="25" />
<String CONTENT="p." HEIGHT="37" HPOS="628" LANG="en-US" VPOS="1467" WIDTH="43" />
<SP HEIGHT="39" HPOS="672" VPOS="1458" WIDTH="60" />
<String CONTENT="19cm" HEIGHT="39" HPOS="733" LANG="en-US" VPOS="1457" WIDTH="100" />
</TextLine>
<TextLine CS="1" HEIGHT="52" HPOS="159" VPOS="1512" WIDTH="1998">
<String CONTENT="&#169;" HEIGHT="51" HPOS="159" VPOS="1512" WIDTH="51" />
<SP />
<String CONTENT="1c." CS="1" />
<SP />
<String CONTENT="Nov." HEIGHT="38" HPOS="326" VPOS="1517" WIDTH="116" />
<SP HEIGHT="39" HPOS="443" VPOS="1515" WIDTH="25" />
<String CONTENT="9," HEIGHT="47" HPOS="469" VPOS="1515" WIDTH="39" />
<SP HEIGHT="43" HPOS="509" VPOS="1519" WIDTH="24" />
<String CONTENT="1934;" HEIGHT="45" HPOS="534" VPOS="1515" WIDTH="139" />
<SP HEIGHT="43" HPOS="674" VPOS="1517" WIDTH="28" />
<String CONTENT="A" HEIGHT="38" HPOS="703" VPOS="1517" WIDTH="38" />
<SP HEIGHT="39" HPOS="742" VPOS="1517" WIDTH="25" />
<String CONTENT="ad" HEIGHT="39" HPOS="768" VPOS="1517" WIDTH="60" />
<SP HEIGHT="40" HPOS="829" VPOS="1516" WIDTH="25" />
<String CONTENT="int." HEIGHT="40" HPOS="855" VPOS="1516" WIDTH="84" />
<SP HEIGHT="38" HPOS="940" VPOS="1518" WIDTH="27" />
<String CONTENT="19677;" CS="1" HEIGHT="40" HPOS="968" VPOS="1516" WIDTH="141" />
<SP HEIGHT="36" HPOS="1137" VPOS="1527" WIDTH="27" />
<String CONTENT="pubd." HEIGHT="46" HPOS="1165" VPOS="1517" WIDTH="139" />
<SP HEIGHT="40" HPOS="1305" VPOS="1516" WIDTH="29" />
<String CONTENT="Sept." HEIGHT="48" HPOS="1335" VPOS="1516" WIDTH="126" />
<SP HEIGHT="40" HPOS="1462" VPOS="1518" WIDTH="26" />
<String CONTENT="14;" CS="1" HEIGHT="37" HPOS="1489" VPOS="1518" WIDTH="53" />
<SP HEIGHT="45" HPOS="1571" VPOS="1518" WIDTH="30" />
<String CONTENT="Doubleday," HEIGHT="46" HPOS="1602" VPOS="1518" WIDTH="298" />
<SP HEIGHT="46" HPOS="1901" VPOS="1518" WIDTH="27" />
<String CONTENT="Doran" HEIGHT="38" HPOS="1929" VPOS="1518" WIDTH="165" />
<SP HEIGHT="40" HPOS="2095" VPOS="1517" WIDTH="25" />
<String CONTENT="&amp;" HEIGHT="40" HPOS="2121" VPOS="1517" WIDTH="36" />
</TextLine>
<TextLine CS="1" HEIGHT="48" HPOS="226" VPOS="1572" WIDTH="1102">
<String CONTENT="co.," HEIGHT="34" HPOS="226" VPOS="1584" WIDTH="80" />
<SP HEIGHT="44" HPOS="307" VPOS="1574" WIDTH="28" />
<String CONTENT="inc.," HEIGHT="45" HPOS="336" VPOS="1574" WIDTH="103" />
<SP HEIGHT="46" HPOS="440" VPOS="1573" WIDTH="28" />
<String CONTENT="Garden" HEIGHT="40" HPOS="469" VPOS="1573" WIDTH="191" />
<SP HEIGHT="39" HPOS="661" VPOS="1574" WIDTH="28" />
<String CONTENT="City," HEIGHT="47" HPOS="690" VPOS="1573" WIDTH="122" />
<SP />
<String CONTENT="N." HEIGHT="38" HPOS="843" LANG="fi" VPOS="1574" WIDTH="52" />
<SP />
<String CONTENT="Y." HEIGHT="38" HPOS="927" VPOS="1574" WIDTH="49" />
<SP />
<String CONTENT="(34-42422)" HEIGHT="48" HPOS="1050" VPOS="1572" WIDTH="278" />
</TextLine>
<TextLine HEIGHT="69" HPOS="156" STYLEREFS="StyleId-AB770ACA-6FE0-4C37-A6AB-3475423F064F-" VPOS="1662" WIDTH="701">
<String CONTENT="Hill," HEIGHT="66" HPOS="156" VPOS="1662" WIDTH="135" />
<SP HEIGHT="64" HPOS="292" VPOS="1664" WIDTH="27" />
<String CONTENT="Tristram," HEIGHT="65" HPOS="320" VPOS="1664" WIDTH="314" />
<SP HEIGHT="48" HPOS="635" VPOS="1683" WIDTH="27" />
<String CONTENT="pseud." HEIGHT="65" HPOS="663" VPOS="1666" WIDTH="194" />
</TextLine>
<TextLine CS="1" HEIGHT="68" HPOS="225" STYLEREFS="StyleId-6FEDFBAE-90AC-4741-9BED-C6785A63145C-" VPOS="1741" WIDTH="1935">
<String CONTENT="Questing" HEIGHT="68" HPOS="225" VPOS="1741" WIDTH="283" />
<SP HEIGHT="68" HPOS="509" VPOS="1741" WIDTH="27" />
<String CONTENT="heart," HEIGHT="67" HPOS="537" VPOS="1741" WIDTH="181" />
<SP HEIGHT="66" HPOS="719" VPOS="1742" WIDTH="28" />
<String CONTENT="by" HEIGHT="67" HPOS="748" VPOS="1742" WIDTH="74" />
<SP HEIGHT="66" HPOS="823" VPOS="1743" WIDTH="30" />
<String CONTENT="Tristram" HEIGHT="52" HPOS="854" VPOS="1743" WIDTH="283" />
<SP HEIGHT="52" HPOS="1138" VPOS="1742" WIDTH="31" />
<String CONTENT="Hill" HEIGHT="52" HPOS="1170" VPOS="1742" WIDTH="127" />
<SP HEIGHT="51" HPOS="1298" VPOS="1743" WIDTH="37" />
<String CONTENT="&#8230;" CS="1" />
<SP />
<String CONTENT="London," HEIGHT="65" HPOS="1472" VPOS="1743" WIDTH="258" />
<SP HEIGHT="66" HPOS="1731" VPOS="1742" WIDTH="33" />
<String CONTENT="Eldon" HEIGHT="53" HPOS="1765" VPOS="1742" WIDTH="189" />
<SP HEIGHT="48" HPOS="1955" VPOS="1761" WIDTH="32" />
<String CONTENT="press," HEIGHT="48" HPOS="1988" VPOS="1761" WIDTH="172" />
</TextLine>
<TextLine HEIGHT="66" HPOS="157" STYLEREFS="StyleId-6FEDFBAE-90AC-4741-9BED-C6785A63145C-" VPOS="1820" WIDTH="431">
<String CONTENT="limited" HEIGHT="52" HPOS="157" VPOS="1820" WIDTH="219" />
<SP HEIGHT="66" HPOS="377" VPOS="1820" WIDTH="38" />
<String CONTENT="[1934]" HEIGHT="64" HPOS="416" VPOS="1822" WIDTH="172" />
</TextLine>
<TextLine CS="1" HEIGHT="50" HPOS="255" VPOS="1890" WIDTH="665">
<String CONTENT="x" CS="1" />
<SP HEIGHT="37" HPOS="255" VPOS="1903" WIDTH="28" />
<String CONTENT="p.," CS="1" HEIGHT="37" HPOS="284" LANG="fr" VPOS="1903" WIDTH="42" />
<SP HEIGHT="41" HPOS="342" VPOS="1893" WIDTH="30" />
<String CONTENT="1" HEIGHT="38" HPOS="373" VPOS="1893" WIDTH="23" />
<SP />
<String CONTENT="l.," CS="1" />
<SP HEIGHT="44" HPOS="470" VPOS="1893" WIDTH="29" />
<String CONTENT="13-317" HEIGHT="42" HPOS="500" VPOS="1890" WIDTH="173" />
<SP HEIGHT="48" HPOS="674" VPOS="1892" WIDTH="27" />
<String CONTENT="p." HEIGHT="36" HPOS="702" VPOS="1904" WIDTH="42" />
<SP HEIGHT="37" HPOS="745" VPOS="1895" WIDTH="61" />
<String CONTENT="19cm." HEIGHT="40" HPOS="807" VPOS="1892" WIDTH="113" />
</TextLine>
<TextLine CS="1" HEIGHT="53" HPOS="159" VPOS="1945" WIDTH="1999">
<String CONTENT="&#169;" HEIGHT="52" HPOS="159" VPOS="1945" WIDTH="51" />
<SP />
<String CONTENT="1c." CS="1" />
<SP />
<String CONTENT="Nov." HEIGHT="41" HPOS="332" VPOS="1950" WIDTH="118" />
<SP HEIGHT="40" HPOS="451" VPOS="1951" WIDTH="27" />
<String CONTENT="10," HEIGHT="48" HPOS="479" VPOS="1948" WIDTH="67" />
<SP HEIGHT="46" HPOS="547" VPOS="1950" WIDTH="27" />
<String CONTENT="1934;" CS="1" HEIGHT="41" HPOS="575" VPOS="1947" WIDTH="113" />
<SP HEIGHT="44" HPOS="716" VPOS="1950" WIDTH="30" />
<String CONTENT="A" HEIGHT="37" HPOS="747" VPOS="1950" WIDTH="38" />
<SP HEIGHT="38" HPOS="786" VPOS="1950" WIDTH="27" />
<String CONTENT="ad" HEIGHT="38" HPOS="814" VPOS="1950" WIDTH="60" />
<SP HEIGHT="38" HPOS="875" VPOS="1950" WIDTH="24" />
<String CONTENT="int." HEIGHT="38" HPOS="900" VPOS="1950" WIDTH="85" />
<SP HEIGHT="38" HPOS="986" VPOS="1949" WIDTH="27" />
<String CONTENT="19564;" CS="1" HEIGHT="41" HPOS="1014" VPOS="1947" WIDTH="143" />
<SP HEIGHT="36" HPOS="1183" VPOS="1960" WIDTH="30" />
<String CONTENT="pubd." HEIGHT="47" HPOS="1214" VPOS="1949" WIDTH="142" />
<SP HEIGHT="41" HPOS="1357" VPOS="1949" WIDTH="30" />
<String CONTENT="Sept." HEIGHT="47" HPOS="1388" VPOS="1949" WIDTH="125" />
<SP HEIGHT="36" HPOS="1514" VPOS="1952" WIDTH="32" />
<String CONTENT="14;" CS="1" HEIGHT="37" HPOS="1547" VPOS="1951" WIDTH="52" />
<SP HEIGHT="46" HPOS="1627" VPOS="1950" WIDTH="30" />
<String CONTENT="Yseult" HEIGHT="39" HPOS="1658" VPOS="1950" WIDTH="169" />
<SP HEIGHT="37" HPOS="1828" VPOS="1952" WIDTH="26" />
<String CONTENT="Alice" HEIGHT="42" HPOS="1855" VPOS="1948" WIDTH="136" />
<SP HEIGHT="38" HPOS="1992" VPOS="1951" WIDTH="26" />
<String CONTENT="Mary" HEIGHT="47" HPOS="2019" VPOS="1951" WIDTH="139" />
</TextLine>
<TextLine CS="1" HEIGHT="48" HPOS="228" VPOS="2006" WIDTH="1840">
<String CONTENT="Letchmere" HEIGHT="40" HPOS="228" VPOS="2007" WIDTH="280" />
<SP HEIGHT="38" HPOS="509" VPOS="2007" WIDTH="34" />
<String CONTENT="Low," HEIGHT="45" HPOS="544" VPOS="2007" WIDTH="125" />
<SP HEIGHT="44" HPOS="670" VPOS="2008" WIDTH="35" />
<String CONTENT="Amersham" HEIGHT="38" HPOS="706" VPOS="2007" WIDTH="286" />
<SP />
<String CONTENT="Common," HEIGHT="46" HPOS="1031" VPOS="2006" WIDTH="240" />
<SP />
<String CONTENT="Buckinghamshire," HEIGHT="48" HPOS="1310" VPOS="2006" WIDTH="485" />
<SP HEIGHT="45" HPOS="1796" VPOS="2008" WIDTH="37" />
<String CONTENT="England." HEIGHT="48" HPOS="1834" VPOS="2006" WIDTH="234" />
</TextLine>
<TextLine HEIGHT="47" HPOS="236" VPOS="2063" WIDTH="279">
<String CONTENT="(34-42182)" HEIGHT="47" HPOS="236" VPOS="2063" WIDTH="279" />
</TextLine>
<TextLine HEIGHT="66" HPOS="156" STYLEREFS="StyleId-AB770ACA-6FE0-4C37-A6AB-3475423F064F-" VPOS="2153" WIDTH="1154">
<String CONTENT="Huffard," HEIGHT="65" HPOS="156" VPOS="2154" WIDTH="274" />
<SP HEIGHT="63" HPOS="431" VPOS="2156" WIDTH="28" />
<String CONTENT="Mrs." HEIGHT="52" HPOS="460" VPOS="2156" WIDTH="136" />
<SP HEIGHT="54" HPOS="597" VPOS="2154" WIDTH="31" />
<String CONTENT="Grace" HEIGHT="54" HPOS="629" VPOS="2154" WIDTH="186" />
<SP HEIGHT="52" HPOS="816" VPOS="2154" WIDTH="26" />
<String CONTENT="Thompson," HEIGHT="65" HPOS="843" VPOS="2153" WIDTH="354" />
<SP HEIGHT="44" HPOS="1198" VPOS="2173" WIDTH="28" />
<String CONTENT="ed." HEIGHT="50" HPOS="1227" VPOS="2156" WIDTH="83" />
</TextLine>
<TextLine CS="1" HEIGHT="68" HPOS="227" STYLEREFS="StyleId-6FEDFBAE-90AC-4741-9BED-C6785A63145C-" VPOS="2232" WIDTH="1921">
<String CONTENT="My" HEIGHT="68" HPOS="227" VPOS="2232" WIDTH="101" />
<SP HEIGHT="49" HPOS="329" VPOS="2251" WIDTH="27" />
<String CONTENT="poetry" HEIGHT="60" HPOS="357" VPOS="2240" WIDTH="198" />
<SP HEIGHT="68" HPOS="556" VPOS="2232" WIDTH="25" />
<String CONTENT="book;" CS="1" HEIGHT="52" HPOS="582" VPOS="2232" WIDTH="145" />
<SP HEIGHT="48" HPOS="756" VPOS="2250" WIDTH="29" />
<String CONTENT="an" HEIGHT="33" HPOS="786" VPOS="2250" WIDTH="68" />
<SP HEIGHT="33" HPOS="855" VPOS="2250" WIDTH="28" />
<String CONTENT="anthology" HEIGHT="68" HPOS="884" VPOS="2232" WIDTH="308" />
<SP HEIGHT="49" HPOS="1193" VPOS="2251" WIDTH="30" />
<String CONTENT="of" HEIGHT="52" HPOS="1224" VPOS="2232" WIDTH="63" />
<SP HEIGHT="52" HPOS="1288" VPOS="2232" WIDTH="27" />
<String CONTENT="modern" HEIGHT="51" HPOS="1316" VPOS="2233" WIDTH="234" />
<SP HEIGHT="34" HPOS="1551" VPOS="2251" WIDTH="25" />
<String CONTENT="verse" HEIGHT="34" HPOS="1577" VPOS="2251" WIDTH="154" />
<SP HEIGHT="51" HPOS="1732" VPOS="2233" WIDTH="29" />
<String CONTENT="for" HEIGHT="51" HPOS="1762" VPOS="2233" WIDTH="90" />
<SP HEIGHT="51" HPOS="1853" VPOS="2233" WIDTH="26" />
<String CONTENT="boys" HEIGHT="66" HPOS="1880" VPOS="2233" WIDTH="137" />
<SP HEIGHT="33" HPOS="2018" VPOS="2252" WIDTH="25" />
<String CONTENT="and" HEIGHT="51" HPOS="2044" VPOS="2233" WIDTH="104" />
</TextLine>
<TextLine HEIGHT="69" HPOS="157" STYLEREFS="StyleId-6FEDFBAE-90AC-4741-9BED-C6785A63145C-" VPOS="2310" WIDTH="1994">
<String CONTENT="girls," HEIGHT="68" HPOS="157" VPOS="2311" WIDTH="158" />
<SP HEIGHT="46" HPOS="316" VPOS="2332" WIDTH="30" />
<String CONTENT="selected" HEIGHT="54" HPOS="347" VPOS="2311" WIDTH="236" />
<SP HEIGHT="51" HPOS="584" VPOS="2313" WIDTH="32" />
<String CONTENT="and" HEIGHT="52" HPOS="617" VPOS="2311" WIDTH="110" />
<SP HEIGHT="52" HPOS="728" VPOS="2311" WIDTH="33" />
<String CONTENT="arranged" HEIGHT="66" HPOS="762" VPOS="2311" WIDTH="281" />
<SP HEIGHT="52" HPOS="1044" VPOS="2310" WIDTH="30" />
<String CONTENT="by" HEIGHT="67" HPOS="1075" VPOS="2310" WIDTH="74" />
<SP HEIGHT="67" HPOS="1150" VPOS="2310" WIDTH="29" />
<String CONTENT="Grace" HEIGHT="55" HPOS="1180" VPOS="2310" WIDTH="182" />
<SP HEIGHT="49" HPOS="1363" VPOS="2313" WIDTH="29" />
<String CONTENT="Thompson" HEIGHT="65" HPOS="1393" VPOS="2312" WIDTH="328" />
<SP HEIGHT="51" HPOS="1722" VPOS="2312" WIDTH="32" />
<String CONTENT="Huffard" HEIGHT="51" HPOS="1755" VPOS="2312" WIDTH="252" />
<SP HEIGHT="51" HPOS="2008" VPOS="2312" WIDTH="34" />
<String CONTENT="and" HEIGHT="51" HPOS="2043" VPOS="2313" WIDTH="108" />
</TextLine>
<TextLine CS="1" HEIGHT="146" HPOS="156" STYLEREFS="StyleId-6FEDFBAE-90AC-4741-9BED-C6785A63145C-" VPOS="2388" WIDTH="1995">
<String CONTENT="Laura" HEIGHT="54" HPOS="156" VPOS="2388" WIDTH="189" />
<SP HEIGHT="53" HPOS="346" VPOS="2389" WIDTH="26" />
<String CONTENT="Mae" HEIGHT="52" HPOS="373" VPOS="2389" WIDTH="130" />
<SP HEIGHT="55" HPOS="504" VPOS="2388" WIDTH="27" />
<String CONTENT="Carlisle," HEIGHT="64" HPOS="532" VPOS="2388" WIDTH="260" />
<SP HEIGHT="63" HPOS="793" VPOS="2389" WIDTH="25" />
<String CONTENT="in" HEIGHT="50" HPOS="819" VPOS="2389" WIDTH="57" />
<SP HEIGHT="32" HPOS="877" VPOS="2407" WIDTH="30" />
<String CONTENT="collaboration" HEIGHT="52" HPOS="908" VPOS="2388" WIDTH="407" />
<SP HEIGHT="33" HPOS="1316" VPOS="2407" WIDTH="30" />
<String CONTENT="with" HEIGHT="52" HPOS="1347" VPOS="2389" WIDTH="135" />
<SP HEIGHT="50" HPOS="1483" VPOS="2389" WIDTH="30" />
<String CONTENT="Helen" HEIGHT="51" HPOS="1514" VPOS="2389" WIDTH="185" />
<SP HEIGHT="51" HPOS="1700" VPOS="2389" WIDTH="27" />
<String CONTENT="Ferris;" HEIGHT="63" HPOS="1728" VPOS="2389" WIDTH="222" />
<SP HEIGHT="62" HPOS="1951" VPOS="2390" WIDTH="29" />
<String CONTENT="introduction" HEIGHT="129" HPOS="158" VPOS="2390" WIDTH="1975" />
<SP HEIGHT="51" HPOS="390" VPOS="2467" WIDTH="40" />
<String CONTENT="by" HEIGHT="67" HPOS="431" VPOS="2467" WIDTH="71" />
<SP HEIGHT="65" HPOS="503" VPOS="2469" WIDTH="42" />
<String CONTENT="Booth" HEIGHT="51" HPOS="546" VPOS="2468" WIDTH="186" />
<SP HEIGHT="51" HPOS="733" VPOS="2468" WIDTH="39" />
<String CONTENT="Tarkington," HEIGHT="67" HPOS="773" VPOS="2466" WIDTH="379" />
<SP HEIGHT="61" HPOS="1153" VPOS="2466" WIDTH="41" />
<String CONTENT="illustrated" HEIGHT="52" HPOS="1195" VPOS="2466" WIDTH="321" />
<SP HEIGHT="51" HPOS="1517" VPOS="2467" WIDTH="45" />
<String CONTENT="by" HEIGHT="64" HPOS="1563" VPOS="2467" WIDTH="72" />
<SP HEIGHT="63" HPOS="1636" VPOS="2468" WIDTH="38" />
<String CONTENT="Willy" HEIGHT="67" HPOS="1675" VPOS="2467" WIDTH="179" />
<SP HEIGHT="65" HPOS="1855" VPOS="2469" WIDTH="42" />
<String CONTENT="Pog&#225;ny." CS="1" HEIGHT="65" HPOS="1898" VPOS="2469" WIDTH="253" />
</TextLine>
<TextLine CS="1" HEIGHT="70" HPOS="160" STYLEREFS="StyleId-6FEDFBAE-90AC-4741-9BED-C6785A63145C-" VPOS="2543" WIDTH="1993">
<String CONTENT="Chicago," HEIGHT="68" HPOS="160" VPOS="2545" WIDTH="270" />
<SP HEIGHT="64" HPOS="431" VPOS="2547" WIDTH="39" />
<String CONTENT="Philadelphia" HEIGHT="66" HPOS="471" VPOS="2544" WIDTH="406" />
<SP HEIGHT="48" HPOS="878" VPOS="2563" WIDTH="46" />
<String CONTENT="[etc.]" CS="1" HEIGHT="44" HPOS="941" VPOS="2552" WIDTH="99" />
<SP HEIGHT="65" HPOS="1061" VPOS="2546" WIDTH="46" />
<String CONTENT="The" HEIGHT="51" HPOS="1108" VPOS="2545" WIDTH="118" />
<SP HEIGHT="53" HPOS="1227" VPOS="2545" WIDTH="40" />
<String CONTENT="John" HEIGHT="53" HPOS="1268" VPOS="2545" WIDTH="155" />
<SP HEIGHT="54" HPOS="1424" VPOS="2543" WIDTH="41" />
<String CONTENT="C." HEIGHT="54" HPOS="1466" VPOS="2543" WIDTH="61" />
<SP HEIGHT="53" HPOS="1528" VPOS="2546" WIDTH="39" />
<String CONTENT="Winston" HEIGHT="54" HPOS="1568" VPOS="2545" WIDTH="264" />
<SP HEIGHT="34" HPOS="1833" VPOS="2564" WIDTH="43" />
<String CONTENT="company" HEIGHT="48" HPOS="1877" VPOS="2564" WIDTH="276" />
</TextLine>
<TextLine HEIGHT="64" HPOS="165" STYLEREFS="StyleId-6FEDFBAE-90AC-4741-9BED-C6785A63145C-" VPOS="2627" WIDTH="192">
<String CONTENT="[c1934]" HEIGHT="64" HPOS="165" VPOS="2627" WIDTH="192" />
</TextLine>
<TextLine CS="1" HEIGHT="50" HPOS="228" VPOS="2694" WIDTH="1524">
<String CONTENT="xxii," HEIGHT="48" HPOS="228" VPOS="2696" WIDTH="116" />
<SP HEIGHT="45" HPOS="345" VPOS="2699" WIDTH="36" />
<String CONTENT="504." HEIGHT="37" HPOS="382" VPOS="2699" WIDTH="86" />
<SP HEIGHT="35" HPOS="469" VPOS="2708" WIDTH="34" />
<String CONTENT="p." HEIGHT="35" HPOS="504" VPOS="2708" WIDTH="42" />
<SP HEIGHT="39" HPOS="547" VPOS="2697" WIDTH="39" />
<String CONTENT="incl." HEIGHT="39" HPOS="587" VPOS="2695" WIDTH="107" />
<SP HEIGHT="48" HPOS="695" VPOS="2695" WIDTH="36" />
<String CONTENT="plates" HEIGHT="48" HPOS="732" VPOS="2695" WIDTH="156" />
<SP HEIGHT="44" HPOS="889" VPOS="2696" WIDTH="28" />
<String CONTENT="(part" HEIGHT="47" HPOS="918" VPOS="2696" WIDTH="134" />
<SP HEIGHT="37" HPOS="1053" VPOS="2698" WIDTH="35" />
<String CONTENT="col.)" HEIGHT="46" HPOS="1089" VPOS="2695" WIDTH="109" />
<SP HEIGHT="46" HPOS="1199" VPOS="2695" WIDTH="75" />
<String CONTENT="col." HEIGHT="38" HPOS="1275" VPOS="2697" WIDTH="85" />
<SP HEIGHT="39" HPOS="1361" VPOS="2696" WIDTH="36" />
<String CONTENT="front." HEIGHT="40" HPOS="1398" VPOS="2696" WIDTH="147" />
<SP HEIGHT="41" HPOS="1546" VPOS="2695" WIDTH="61" />
<String CONTENT="22&#189;cm." CS="1" HEIGHT="42" HPOS="1608" VPOS="2694" WIDTH="144" />
</TextLine>
<TextLine CS="1" HEIGHT="41" HPOS="228" VPOS="2752" WIDTH="891">
<String CONTENT="Title" HEIGHT="39" HPOS="228" LANG="en-US" VPOS="2754" WIDTH="128" />
<SP HEIGHT="29" HPOS="357" VPOS="2764" WIDTH="34" />
<String CONTENT="within" HEIGHT="39" HPOS="392" LANG="en-US" VPOS="2753" WIDTH="170" />
<SP HEIGHT="29" HPOS="563" VPOS="2762" WIDTH="32" />
<String CONTENT="orname" CS="1" HEIGHT="29" HPOS="596" LANG="fr" VPOS="2762" WIDTH="116" />
<String CONTENT="ntal" HEIGHT="37" HPOS="797" LANG="en-US" VPOS="2753" WIDTH="100" />
<SP HEIGHT="37" HPOS="898" VPOS="2753" WIDTH="36" />
<String CONTENT="border." HEIGHT="38" HPOS="935" LANG="en-US" VPOS="2752" WIDTH="184" />
</TextLine>
<TextLine HEIGHT="47" HPOS="232" VPOS="2809" WIDTH="912">
<String CONTENT="Illustrated" HEIGHT="39" HPOS="232" VPOS="2811" WIDTH="285" />
<SP HEIGHT="39" HPOS="518" VPOS="2810" WIDTH="29" />
<String CONTENT="lining-papers" HEIGHT="47" HPOS="548" VPOS="2809" WIDTH="349" />
<SP HEIGHT="39" HPOS="898" VPOS="2809" WIDTH="26" />
<String CONTENT="in" HEIGHT="39" HPOS="925" VPOS="2809" WIDTH="48" />
<SP HEIGHT="29" HPOS="974" VPOS="2819" WIDTH="28" />
<String CONTENT="color." HEIGHT="39" HPOS="1003" VPOS="2809" WIDTH="141" />
</TextLine>
<TextLine CS="1" HEIGHT="51" HPOS="162" VPOS="2864" WIDTH="1912">
<String CONTENT="&#169;" HEIGHT="51" HPOS="162" VPOS="2864" WIDTH="53" />
<SP HEIGHT="51" HPOS="216" VPOS="2864" WIDTH="27" />
<String CONTENT="Oct." HEIGHT="41" HPOS="244" VPOS="2867" WIDTH="99" />
<SP HEIGHT="38" HPOS="344" VPOS="2868" WIDTH="28" />
<String CONTENT="26," HEIGHT="42" HPOS="373" VPOS="2868" WIDTH="68" />
<SP HEIGHT="40" HPOS="442" VPOS="2870" WIDTH="31" />
<String CONTENT="1934;" CS="1" HEIGHT="40" HPOS="474" VPOS="2866" WIDTH="111" />
<SP HEIGHT="43" HPOS="613" VPOS="2865" WIDTH="32" />
<String CONTENT="2c." HEIGHT="41" HPOS="646" VPOS="2865" WIDTH="67" />
<SP HEIGHT="30" HPOS="714" VPOS="2876" WIDTH="30" />
<String CONTENT="and" HEIGHT="39" HPOS="745" VPOS="2866" WIDTH="92" />
<SP HEIGHT="39" HPOS="838" VPOS="2866" WIDTH="31" />
<String CONTENT="aff." HEIGHT="39" HPOS="870" VPOS="2865" WIDTH="79" />
<SP HEIGHT="38" HPOS="950" VPOS="2866" WIDTH="31" />
<String CONTENT="Dec." HEIGHT="39" HPOS="982" VPOS="2866" WIDTH="109" />
<SP HEIGHT="36" HPOS="1092" VPOS="2868" WIDTH="33" />
<String CONTENT="17;" CS="1" HEIGHT="39" HPOS="1126" VPOS="2867" WIDTH="51" />
<SP HEIGHT="39" HPOS="1205" VPOS="2868" WIDTH="33" />
<String CONTENT="A" HEIGHT="36" HPOS="1239" VPOS="2868" WIDTH="38" />
<SP HEIGHT="40" HPOS="1278" VPOS="2867" WIDTH="28" />
<String CONTENT="78600;" HEIGHT="46" HPOS="1307" VPOS="2866" WIDTH="170" />
<SP HEIGHT="45" HPOS="1478" VPOS="2867" WIDTH="32" />
<String CONTENT="John" HEIGHT="39" HPOS="1511" VPOS="2867" WIDTH="127" />
<SP HEIGHT="40" HPOS="1639" VPOS="2866" WIDTH="32" />
<String CONTENT="C." CS="1" HEIGHT="7" HPOS="1714" VPOS="2901" WIDTH="6" />
<SP HEIGHT="41" HPOS="1721" VPOS="2867" WIDTH="31" />
<String CONTENT="Winston" HEIGHT="40" HPOS="1753" VPOS="2866" WIDTH="223" />
<SP HEIGHT="29" HPOS="1977" VPOS="2878" WIDTH="28" />
<String CONTENT="co." HEIGHT="31" HPOS="2006" VPOS="2877" WIDTH="68" />
</TextLine>
<TextLine HEIGHT="48" HPOS="238" VPOS="2925" WIDTH="279">
<String CONTENT="(34-28463)" HEIGHT="48" HPOS="238" VPOS="2925" WIDTH="279" />
</TextLine>
<TextLine CS="1" HEIGHT="68" HPOS="162" STYLEREFS="StyleId-AB770ACA-6FE0-4C37-A6AB-3475423F064F-" VPOS="3015" WIDTH="772">
<String CONTENT="[IIive," CS="1" HEIGHT="66" HPOS="162" VPOS="3017" WIDTH="178" />
<SP HEIGHT="63" HPOS="341" VPOS="3016" WIDTH="30" />
<String CONTENT="Jacob]" HEIGHT="65" HPOS="372" VPOS="3016" WIDTH="199" />
<SP HEIGHT="59" HPOS="572" VPOS="3022" WIDTH="38" />
<String CONTENT="1705-1763." HEIGHT="54" HPOS="611" VPOS="3015" WIDTH="323" />
</TextLine>
<TextLine HEIGHT="67" HPOS="227" STYLEREFS="StyleId-6FEDFBAE-90AC-4741-9BED-C6785A63145C-" VPOS="3091" WIDTH="1931">
<String CONTENT="The" HEIGHT="52" HPOS="227" VPOS="3094" WIDTH="120" />
<SP HEIGHT="51" HPOS="348" VPOS="3095" WIDTH="35" />
<String CONTENT="Book" HEIGHT="52" HPOS="384" VPOS="3093" WIDTH="162" />
<SP HEIGHT="51" HPOS="547" VPOS="3093" WIDTH="33" />
<String CONTENT="of" HEIGHT="52" HPOS="581" VPOS="3092" WIDTH="63" />
<SP HEIGHT="53" HPOS="645" VPOS="3092" WIDTH="34" />
<String CONTENT="Jasher," HEIGHT="66" HPOS="680" VPOS="3091" WIDTH="225" />
<SP HEIGHT="48" HPOS="906" VPOS="3109" WIDTH="33" />
<String CONTENT="one" HEIGHT="35" HPOS="940" VPOS="3109" WIDTH="103" />
<SP HEIGHT="34" HPOS="1044" VPOS="3110" WIDTH="34" />
<String CONTENT="of" HEIGHT="52" HPOS="1079" VPOS="3092" WIDTH="62" />
<SP HEIGHT="52" HPOS="1142" VPOS="3092" WIDTH="33" />
<String CONTENT="the" HEIGHT="51" HPOS="1176" VPOS="3093" WIDTH="94" />
<SP HEIGHT="33" HPOS="1271" VPOS="3111" WIDTH="35" />
<String CONTENT="sacred" HEIGHT="52" HPOS="1307" VPOS="3092" WIDTH="193" />
<SP HEIGHT="51" HPOS="1501" VPOS="3092" WIDTH="36" />
<String CONTENT="books" HEIGHT="52" HPOS="1538" VPOS="3092" WIDTH="173" />
<SP HEIGHT="33" HPOS="1712" VPOS="3111" WIDTH="35" />
<String CONTENT="of" HEIGHT="52" HPOS="1748" VPOS="3092" WIDTH="62" />
<SP HEIGHT="52" HPOS="1811" VPOS="3092" WIDTH="31" />
<String CONTENT="the" HEIGHT="51" HPOS="1843" VPOS="3093" WIDTH="94" />
<SP HEIGHT="49" HPOS="1938" VPOS="3095" WIDTH="34" />
<String CONTENT="Bible," HEIGHT="65" HPOS="1973" VPOS="3093" WIDTH="185" />
</TextLine>
<TextLine CS="1" HEIGHT="148" HPOS="158" STYLEREFS="StyleId-6FEDFBAE-90AC-4741-9BED-C6785A63145C-" VPOS="3168" WIDTH="2000">
<String CONTENT="long" HEIGHT="64" HPOS="158" VPOS="3173" WIDTH="135" />
<SP HEIGHT="63" HPOS="294" VPOS="3174" WIDTH="36" />
<String CONTENT="lost" HEIGHT="50" HPOS="331" VPOS="3174" WIDTH="109" />
<SP HEIGHT="46" HPOS="441" VPOS="3177" WIDTH="38" />
<String CONTENT="or" HEIGHT="33" HPOS="480" VPOS="3189" WIDTH="62" />
<SP HEIGHT="33" HPOS="543" VPOS="3188" WIDTH="39" />
<String CONTENT="undiscovered." HEIGHT="52" HPOS="583" VPOS="3169" WIDTH="424" />
<SP HEIGHT="51" HPOS="1008" VPOS="3170" WIDTH="73" />
<String CONTENT="Now" HEIGHT="51" HPOS="1082" VPOS="3170" WIDTH="142" />
<SP HEIGHT="34" HPOS="1225" VPOS="3189" WIDTH="38" />
<String CONTENT="offered" HEIGHT="55" HPOS="1264" VPOS="3168" WIDTH="211" />
<SP HEIGHT="52" HPOS="1476" VPOS="3169" WIDTH="38" />
<String CONTENT="in" HEIGHT="51" HPOS="1515" VPOS="3169" WIDTH="59" />
<SP HEIGHT="48" HPOS="1575" VPOS="3187" WIDTH="39" />
<String CONTENT="photographic" HEIGHT="67" HPOS="1615" VPOS="3169" WIDTH="421" />
<SP HEIGHT="34" HPOS="2037" VPOS="3189" WIDTH="39" />
<String CONTENT="reproduction" HEIGHT="126" HPOS="159" VPOS="3190" WIDTH="1973" />
<SP HEIGHT="32" HPOS="500" VPOS="3266" WIDTH="36" />
<String CONTENT="of" HEIGHT="51" HPOS="537" VPOS="3247" WIDTH="62" />
<SP HEIGHT="51" HPOS="600" VPOS="3247" WIDTH="36" />
<String CONTENT="the" HEIGHT="52" HPOS="637" VPOS="3246" WIDTH="94" />
<SP HEIGHT="33" HPOS="732" VPOS="3265" WIDTH="35" />
<String CONTENT="version" HEIGHT="35" HPOS="768" VPOS="3264" WIDTH="223" />
<SP HEIGHT="34" HPOS="992" VPOS="3265" WIDTH="37" />
<String CONTENT="of" HEIGHT="52" HPOS="1030" VPOS="3247" WIDTH="62" />
<SP HEIGHT="51" HPOS="1093" VPOS="3247" WIDTH="36" />
<String CONTENT="Alcuin." HEIGHT="51" HPOS="1130" LANG="fr" VPOS="3248" WIDTH="227" />
<SP HEIGHT="32" HPOS="1358" VPOS="3280" WIDTH="77" />
<String CONTENT="[" CS="1" LANG="fr" />
<String CONTENT="San" HEIGHT="55" HPOS="1457" VPOS="3246" WIDTH="115" />
<SP HEIGHT="53" HPOS="1573" VPOS="3247" WIDTH="33" />
<String CONTENT="Jos&#233;," HEIGHT="64" HPOS="1607" LANG="fr" VPOS="3247" WIDTH="152" />
<SP HEIGHT="65" HPOS="1760" VPOS="3246" WIDTH="38" />
<String CONTENT="Calif.]" HEIGHT="67" HPOS="1799" VPOS="3246" WIDTH="195" />
<SP HEIGHT="64" HPOS="1995" VPOS="3249" WIDTH="41" />
<String CONTENT="The" HEIGHT="51" HPOS="2037" VPOS="3249" WIDTH="121" />
</TextLine>
<TextLine HEIGHT="68" HPOS="158" STYLEREFS="StyleId-6FEDFBAE-90AC-4741-9BED-C6785A63145C-" VPOS="3323" WIDTH="1279">
<String CONTENT="Rosicrucian" HEIGHT="52" HPOS="158" VPOS="3326" WIDTH="368" />
<SP HEIGHT="34" HPOS="527" VPOS="3343" WIDTH="28" />
<String CONTENT="order," HEIGHT="66" HPOS="556" VPOS="3324" WIDTH="184" />
<SP HEIGHT="66" HPOS="741" VPOS="3324" WIDTH="26" />
<String CONTENT="A." HEIGHT="52" HPOS="768" VPOS="3324" WIDTH="70" />
<SP HEIGHT="53" HPOS="839" VPOS="3323" WIDTH="26" />
<String CONTENT="M." HEIGHT="54" HPOS="866" VPOS="3323" WIDTH="77" />
<SP HEIGHT="54" HPOS="944" VPOS="3323" WIDTH="30" />
<String CONTENT="O." HEIGHT="54" HPOS="975" LANG="fr" VPOS="3323" WIDTH="67" />
<SP HEIGHT="52" HPOS="1043" VPOS="3324" WIDTH="27" />
<String CONTENT="R." HEIGHT="53" HPOS="1071" LANG="fr" VPOS="3324" WIDTH="68" />
<SP HEIGHT="56" HPOS="1140" VPOS="3323" WIDTH="26" />
<String CONTENT="C." HEIGHT="56" HPOS="1167" VPOS="3323" WIDTH="64" />
<SP HEIGHT="34" HPOS="1232" VPOS="3357" WIDTH="32" />
<String CONTENT="[1934]" HEIGHT="64" HPOS="1265" VPOS="3327" WIDTH="172" />
</TextLine>
<TextLine CS="1" HEIGHT="51" HPOS="227" VPOS="3395" WIDTH="1007">
<String CONTENT="2" HEIGHT="39" HPOS="227" VPOS="3397" WIDTH="25" />
<SP HEIGHT="49" HPOS="253" VPOS="3397" WIDTH="27" />
<String CONTENT="p." HEIGHT="37" HPOS="281" LANG="fr" VPOS="3409" WIDTH="41" />
<SP />
<String CONTENT="l.," CS="1" LANG="fr" />
<SP HEIGHT="46" HPOS="396" VPOS="3399" WIDTH="28" />
<String CONTENT="facsim.;" CS="1" HEIGHT="39" HPOS="425" VPOS="3398" WIDTH="189" />
<SP HEIGHT="29" HPOS="643" VPOS="3407" WIDTH="29" />
<String CONTENT="xi," HEIGHT="44" HPOS="673" VPOS="3397" WIDTH="64" />
<SP HEIGHT="29" HPOS="738" VPOS="3416" WIDTH="30" />
<String CONTENT="[3]." HEIGHT="48" HPOS="769" VPOS="3397" WIDTH="71" />
<SP HEIGHT="41" HPOS="841" VPOS="3396" WIDTH="26" />
<String CONTENT="63," HEIGHT="43" HPOS="868" VPOS="3396" WIDTH="68" />
<SP HEIGHT="40" HPOS="937" VPOS="3399" WIDTH="27" />
<String CONTENT="9" HEIGHT="36" HPOS="965" VPOS="3399" WIDTH="26" />
<SP HEIGHT="45" HPOS="992" VPOS="3399" WIDTH="24" />
<String CONTENT="p." HEIGHT="37" HPOS="1017" VPOS="3407" WIDTH="43" />
<SP HEIGHT="41" HPOS="1061" VPOS="3395" WIDTH="59" />
<String CONTENT="28cm." CS="1" HEIGHT="38" HPOS="1121" VPOS="3395" WIDTH="113" />
</TextLine>
<TextLine CS="1" HEIGHT="50" HPOS="229" VPOS="3451" WIDTH="1925">
<String CONTENT="With" HEIGHT="41" HPOS="229" VPOS="3454" WIDTH="132" />
<SP HEIGHT="37" HPOS="362" VPOS="3457" WIDTH="29" />
<String CONTENT="reproduction" HEIGHT="48" HPOS="392" VPOS="3453" WIDTH="342" />
<SP HEIGHT="29" HPOS="735" VPOS="3464" WIDTH="28" />
<String CONTENT="of" HEIGHT="41" HPOS="764" VPOS="3452" WIDTH="50" />
<SP HEIGHT="40" HPOS="815" VPOS="3452" WIDTH="27" />
<String CONTENT="t.-p." HEIGHT="44" HPOS="843" VPOS="3455" WIDTH="96" />
<SP HEIGHT="28" HPOS="940" VPOS="3463" WIDTH="29" />
<String CONTENT="of" HEIGHT="39" HPOS="970" VPOS="3452" WIDTH="50" />
<SP HEIGHT="39" HPOS="1021" VPOS="3452" WIDTH="25" />
<String CONTENT="1829" HEIGHT="40" HPOS="1047" VPOS="3451" WIDTH="113" />
<SP HEIGHT="40" HPOS="1161" VPOS="3452" WIDTH="26" />
<String CONTENT="edition;" HEIGHT="40" HPOS="1188" VPOS="3453" WIDTH="211" />
<SP HEIGHT="38" HPOS="1400" VPOS="3454" WIDTH="30" />
<String CONTENT="The" HEIGHT="38" HPOS="1431" VPOS="3454" WIDTH="99" />
<SP HEIGHT="40" HPOS="1531" VPOS="3452" WIDTH="30" />
<String CONTENT="Book" HEIGHT="40" HPOS="1562" VPOS="3452" WIDTH="131" />
<SP HEIGHT="39" HPOS="1694" VPOS="3453" WIDTH="29" />
<String CONTENT="of" HEIGHT="39" HPOS="1724" VPOS="3453" WIDTH="49" />
<SP HEIGHT="37" HPOS="1774" VPOS="3453" WIDTH="27" />
<String CONTENT="Jasher:" CS="1" HEIGHT="39" HPOS="1836" VPOS="3455" WIDTH="169" />
<SP HEIGHT="25" HPOS="2006" VPOS="3467" WIDTH="34" />
<String CONTENT="with" HEIGHT="39" HPOS="2041" VPOS="3456" WIDTH="113" />
</TextLine>
<TextLine HEIGHT="48" HPOS="159" VPOS="3508" WIDTH="1996">
<String CONTENT="testimonies" HEIGHT="41" HPOS="159" VPOS="3510" WIDTH="300" />
<SP HEIGHT="30" HPOS="460" VPOS="3520" WIDTH="34" />
<String CONTENT="and" HEIGHT="40" HPOS="495" VPOS="3510" WIDTH="95" />
<SP HEIGHT="39" HPOS="591" VPOS="3510" WIDTH="36" />
<String CONTENT="notes," HEIGHT="42" HPOS="628" VPOS="3512" WIDTH="150" />
<SP HEIGHT="35" HPOS="779" VPOS="3519" WIDTH="33" />
<String CONTENT="critical" HEIGHT="40" HPOS="813" VPOS="3508" WIDTH="191" />
<SP HEIGHT="38" HPOS="1005" VPOS="3510" WIDTH="33" />
<String CONTENT="and" HEIGHT="39" HPOS="1039" VPOS="3509" WIDTH="96" />
<SP HEIGHT="39" HPOS="1136" VPOS="3509" WIDTH="34" />
<String CONTENT="historical," HEIGHT="44" HPOS="1171" VPOS="3509" WIDTH="268" />
<SP HEIGHT="32" HPOS="1440" VPOS="3521" WIDTH="35" />
<String CONTENT="explanatory" HEIGHT="47" HPOS="1476" VPOS="3509" WIDTH="322" />
<SP HEIGHT="35" HPOS="1799" VPOS="3521" WIDTH="35" />
<String CONTENT="of" HEIGHT="38" HPOS="1835" VPOS="3510" WIDTH="50" />
<SP HEIGHT="40" HPOS="1886" VPOS="3510" WIDTH="36" />
<String CONTENT="the" HEIGHT="39" HPOS="1923" VPOS="3512" WIDTH="78" />
<SP HEIGHT="35" HPOS="2002" VPOS="3516" WIDTH="37" />
<String CONTENT="text." HEIGHT="38" HPOS="2040" VPOS="3514" WIDTH="115" />
</TextLine>
<TextLine HEIGHT="51" HPOS="158" VPOS="3564" WIDTH="1997">
<String CONTENT="To" HEIGHT="39" HPOS="158" VPOS="3569" WIDTH="68" />
<SP HEIGHT="28" HPOS="227" VPOS="3580" WIDTH="29" />
<String CONTENT="which" HEIGHT="39" HPOS="257" VPOS="3568" WIDTH="156" />
<SP HEIGHT="38" HPOS="414" VPOS="3568" WIDTH="32" />
<String CONTENT="is" HEIGHT="39" HPOS="447" VPOS="3568" WIDTH="41" />
<SP HEIGHT="37" HPOS="489" VPOS="3578" WIDTH="30" />
<String CONTENT="prefixed," HEIGHT="49" HPOS="520" VPOS="3566" WIDTH="228" />
<SP HEIGHT="31" HPOS="749" VPOS="3576" WIDTH="33" />
<String CONTENT="various" HEIGHT="40" HPOS="783" VPOS="3565" WIDTH="196" />
<SP HEIGHT="28" HPOS="980" VPOS="3576" WIDTH="31" />
<String CONTENT="readings," HEIGHT="49" HPOS="1012" VPOS="3564" WIDTH="240" />
<SP HEIGHT="35" HPOS="1253" VPOS="3575" WIDTH="31" />
<String CONTENT="and" HEIGHT="39" HPOS="1285" VPOS="3566" WIDTH="95" />
<SP HEIGHT="39" HPOS="1381" VPOS="3566" WIDTH="32" />
<String CONTENT="a" HEIGHT="29" HPOS="1414" VPOS="3575" WIDTH="26" />
<SP HEIGHT="38" HPOS="1441" VPOS="3575" WIDTH="32" />
<String CONTENT="preliminary" HEIGHT="48" HPOS="1474" VPOS="3565" WIDTH="316" />
<SP HEIGHT="46" HPOS="1791" VPOS="3567" WIDTH="33" />
<String CONTENT="dissertation," HEIGHT="41" HPOS="1825" VPOS="3567" WIDTH="330" />
</TextLine>
<TextLine HEIGHT="53" HPOS="160" VPOS="3621" WIDTH="1994">
<String CONTENT="proving" HEIGHT="48" HPOS="160" VPOS="3626" WIDTH="202" />
<SP HEIGHT="47" HPOS="363" VPOS="3626" WIDTH="35" />
<String CONTENT="the" HEIGHT="40" HPOS="399" VPOS="3624" WIDTH="82" />
<SP HEIGHT="30" HPOS="482" VPOS="3634" WIDTH="38" />
<String CONTENT="authenticity" HEIGHT="48" HPOS="521" VPOS="3621" WIDTH="327" />
<SP HEIGHT="37" HPOS="849" VPOS="3632" WIDTH="37" />
<String CONTENT="of" HEIGHT="40" HPOS="887" VPOS="3621" WIDTH="51" />
<SP HEIGHT="39" HPOS="939" VPOS="3621" WIDTH="36" />
<String CONTENT="the" HEIGHT="39" HPOS="976" VPOS="3622" WIDTH="82" />
<SP HEIGHT="30" HPOS="1059" VPOS="3631" WIDTH="39" />
<String CONTENT="work." HEIGHT="39" HPOS="1099" VPOS="3622" WIDTH="145" />
<SP HEIGHT="38" HPOS="1245" VPOS="3622" WIDTH="67" />
<String CONTENT="Translated" HEIGHT="39" HPOS="1313" VPOS="3622" WIDTH="291" />
<SP HEIGHT="38" HPOS="1605" VPOS="3622" WIDTH="40" />
<String CONTENT="into" HEIGHT="40" HPOS="1646" VPOS="3622" WIDTH="103" />
<SP HEIGHT="39" HPOS="1750" VPOS="3623" WIDTH="39" />
<String CONTENT="English" HEIGHT="48" HPOS="1790" VPOS="3623" WIDTH="198" />
<SP HEIGHT="38" HPOS="1989" VPOS="3625" WIDTH="39" />
<String CONTENT="from" HEIGHT="40" HPOS="2029" VPOS="3625" WIDTH="125" />
</TextLine>
<TextLine CS="1" HEIGHT="109" HPOS="158" VPOS="3677" WIDTH="1982">
<String CONTENT="the" HEIGHT="39" HPOS="160" LANG="en-US" VPOS="3684" WIDTH="81" />
<SP HEIGHT="42" HPOS="242" VPOS="3681" WIDTH="30" />
<String CONTENT="Hebrew," HEIGHT="46" HPOS="273" LANG="en-US" VPOS="3681" WIDTH="220" />
<SP HEIGHT="46" HPOS="494" VPOS="3681" WIDTH="34" />
<String CONTENT="by" HEIGHT="45" HPOS="529" LANG="en-US" VPOS="3681" WIDTH="59" />
<SP HEIGHT="48" HPOS="589" VPOS="3678" WIDTH="32" />
<String CONTENT="Flaccus" HEIGHT="40" HPOS="622" LANG="la" VPOS="3678" WIDTH="203" />
<SP HEIGHT="40" HPOS="826" VPOS="3677" WIDTH="31" />
<String CONTENT="Albinus" HEIGHT="39" HPOS="858" LANG="la" VPOS="3677" WIDTH="202" />
<SP HEIGHT="38" HPOS="1061" VPOS="3678" WIDTH="31" />
<String CONTENT="Alcuinus," HEIGHT="43" HPOS="1093" LANG="en-US" VPOS="3677" WIDTH="245" />
<SP HEIGHT="31" HPOS="1339" VPOS="3689" WIDTH="32" />
<String CONTENT="of" HEIGHT="39" HPOS="1372" LANG="en-US" VPOS="3677" WIDTH="50" />
<SP HEIGHT="38" HPOS="1423" VPOS="3677" WIDTH="32" />
<String CONTENT="Britain," HEIGHT="43" HPOS="1456" LANG="en-US" VPOS="3677" WIDTH="207" />
<SP HEIGHT="32" HPOS="1664" VPOS="3688" WIDTH="34" />
<String CONTENT="abbot" HEIGHT="39" HPOS="1699" LANG="en-US" VPOS="3679" WIDTH="144" />
<SP HEIGHT="37" HPOS="1844" VPOS="3682" WIDTH="32" />
<String CONTENT="of" HEIGHT="39" HPOS="1877" LANG="en-US" VPOS="3680" WIDTH="51" />
<SP HEIGHT="40" HPOS="1929" VPOS="3680" WIDTH="31" />
<String CONTENT="Canterbury," HEIGHT="106" HPOS="158" LANG="en-US" VPOS="3680" WIDTH="1982" />
</TextLine>
<TextLine HEIGHT="50" HPOS="333" VPOS="3733" WIDTH="1824">
<String CONTENT="who" HEIGHT="41" HPOS="333" VPOS="3738" WIDTH="107" />
<SP HEIGHT="32" HPOS="441" VPOS="3747" WIDTH="37" />
<String CONTENT="went" HEIGHT="37" HPOS="479" VPOS="3739" WIDTH="127" />
<SP HEIGHT="36" HPOS="607" VPOS="3739" WIDTH="33" />
<String CONTENT="a" HEIGHT="29" HPOS="641" VPOS="3745" WIDTH="27" />
<SP HEIGHT="37" HPOS="669" VPOS="3745" WIDTH="38" />
<String CONTENT="pilgrimage" HEIGHT="50" HPOS="708" VPOS="3733" WIDTH="287" />
<SP HEIGHT="40" HPOS="996" VPOS="3733" WIDTH="35" />
<String CONTENT="into" HEIGHT="40" HPOS="1032" VPOS="3733" WIDTH="104" />
<SP HEIGHT="37" HPOS="1137" VPOS="3736" WIDTH="34" />
<String CONTENT="the" HEIGHT="39" HPOS="1172" VPOS="3735" WIDTH="80" />
<SP HEIGHT="41" HPOS="1253" VPOS="3733" WIDTH="38" />
<String CONTENT="Holy" HEIGHT="48" HPOS="1292" VPOS="3733" WIDTH="126" />
<SP HEIGHT="47" HPOS="1419" VPOS="3734" WIDTH="38" />
<String CONTENT="Land," HEIGHT="47" HPOS="1458" VPOS="3734" WIDTH="148" />
<SP HEIGHT="37" HPOS="1607" VPOS="3744" WIDTH="35" />
<String CONTENT="and" HEIGHT="38" HPOS="1643" VPOS="3736" WIDTH="95" />
<SP HEIGHT="39" HPOS="1739" VPOS="3735" WIDTH="37" />
<String CONTENT="Persia," HEIGHT="48" HPOS="1777" VPOS="3735" WIDTH="182" />
<SP HEIGHT="35" HPOS="1960" VPOS="3748" WIDTH="36" />
<String CONTENT="where" HEIGHT="41" HPOS="1997" VPOS="3738" WIDTH="160" />
</TextLine>
<TextLine CS="1" HEIGHT="48" HPOS="159" VPOS="3789" WIDTH="1998">
<String CONTENT="he" HEIGHT="39" HPOS="159" VPOS="3797" WIDTH="59" />
<SP HEIGHT="39" HPOS="219" VPOS="3797" WIDTH="25" />
<String CONTENT="discovered" HEIGHT="42" HPOS="245" VPOS="3794" WIDTH="279" />
<SP HEIGHT="38" HPOS="525" VPOS="3794" WIDTH="28" />
<String CONTENT="this" HEIGHT="40" HPOS="554" VPOS="3792" WIDTH="98" />
<SP HEIGHT="30" HPOS="653" VPOS="3802" WIDTH="27" />
<String CONTENT="volume," HEIGHT="45" HPOS="681" VPOS="3791" WIDTH="203" />
<SP HEIGHT="45" HPOS="885" VPOS="3791" WIDTH="28" />
<String CONTENT="in" HEIGHT="37" HPOS="914" VPOS="3791" WIDTH="49" />
<SP HEIGHT="38" HPOS="964" VPOS="3791" WIDTH="27" />
<String CONTENT="the" HEIGHT="40" HPOS="992" VPOS="3790" WIDTH="80" />
<SP HEIGHT="30" HPOS="1073" VPOS="3800" WIDTH="27" />
<String CONTENT="city" HEIGHT="47" HPOS="1101" VPOS="3790" WIDTH="97" />
<SP HEIGHT="36" HPOS="1199" VPOS="3801" WIDTH="28" />
<String CONTENT="of" HEIGHT="39" HPOS="1228" VPOS="3790" WIDTH="52" />
<SP HEIGHT="39" HPOS="1281" VPOS="3789" WIDTH="26" />
<String CONTENT="Gazna" HEIGHT="40" HPOS="1308" VPOS="3789" WIDTH="164" />
<SP HEIGHT="29" HPOS="1473" VPOS="3799" WIDTH="31" />
<String CONTENT="&#8230;" CS="1" />
<SP />
<String CONTENT="Bristol:" HEIGHT="41" HPOS="1609" VPOS="3790" WIDTH="209" />
<SP HEIGHT="38" HPOS="1819" VPOS="3793" WIDTH="30" />
<String CONTENT="Printed" HEIGHT="40" HPOS="1850" VPOS="3793" WIDTH="200" />
<SP HEIGHT="39" HPOS="2051" VPOS="3794" WIDTH="27" />
<String CONTENT="for" HEIGHT="41" HPOS="2079" VPOS="3794" WIDTH="78" />
</TextLine>
<TextLine HEIGHT="53" HPOS="159" VPOS="3844" WIDTH="1037">
<String CONTENT="the" HEIGHT="38" HPOS="159" VPOS="3855" WIDTH="80" />
<SP HEIGHT="29" HPOS="240" VPOS="3864" WIDTH="26" />
<String CONTENT="editor," HEIGHT="45" HPOS="267" VPOS="3852" WIDTH="171" />
<SP HEIGHT="47" HPOS="439" VPOS="3850" WIDTH="27" />
<String CONTENT="by" HEIGHT="47" HPOS="467" VPOS="3850" WIDTH="59" />
<SP HEIGHT="49" HPOS="527" VPOS="3848" WIDTH="28" />
<String CONTENT="P." HEIGHT="42" HPOS="556" VPOS="3848" WIDTH="49" />
<SP HEIGHT="42" HPOS="606" VPOS="3848" WIDTH="27" />
<String CONTENT="Rose" HEIGHT="40" HPOS="634" VPOS="3848" WIDTH="124" />
<SP HEIGHT="36" HPOS="759" VPOS="3859" WIDTH="30" />
<String CONTENT="[etc.," HEIGHT="46" HPOS="790" VPOS="3849" WIDTH="115" />
<SP HEIGHT="35" HPOS="906" VPOS="3858" WIDTH="27" />
<String CONTENT="etc.]" HEIGHT="45" HPOS="934" VPOS="3849" WIDTH="104" />
<SP HEIGHT="48" HPOS="1039" VPOS="3846" WIDTH="30" />
<String CONTENT="1829." HEIGHT="42" HPOS="1070" VPOS="3844" WIDTH="126" />
</TextLine>
<TextLine HEIGHT="52" HPOS="231" VPOS="3900" WIDTH="909">
<String CONTENT="&#8220;First" HEIGHT="39" HPOS="231" VPOS="3909" WIDTH="160" />
<SP HEIGHT="36" HPOS="392" VPOS="3912" WIDTH="31" />
<String CONTENT="edition," HEIGHT="46" HPOS="424" VPOS="3906" WIDTH="197" />
<SP HEIGHT="49" HPOS="622" VPOS="3903" WIDTH="35" />
<String CONTENT="September," HEIGHT="48" HPOS="658" VPOS="3902" WIDTH="291" />
<SP HEIGHT="46" HPOS="950" VPOS="3903" WIDTH="33" />
<String CONTENT="1934.&#8221;" HEIGHT="41" HPOS="984" VPOS="3900" WIDTH="156" />
</TextLine>
</TextBlock>
</PrintSpace>
</Page>
</Layout>
</alto>