2350 4196
1141 4004 131 50 1090

218 366 153 61 May,
404 365 243 53 Charles
678 367 221 63 Henry,
935 369 170 49 1861-

285 439 237 53 Manual
556 440 64 52 of
651 441 93 52 the
780 441 239 52 diseases
1053 440 63 52 of
1149 441 93 51 the
1278 458 96 48 eye
1411 439 92 53 for
1538 440 255 52 students
1829 441 111 51 and
1976 440 228 68 general

220 516 1985 70 practitioners, by Charles H. May … 14th ed., rev., with 376
222 594 242 68 original
498 596 377 52 illustrations
910 596 298 67 including
1238 598 65 48 25
1338 595 200 67 plates,
1571 594 140 52 with
1746 594 65 53 78
1846 594 223 53 colored
219 593 1963 132 figures.
417 673 332 67 Baltimore,
775 673 89 54 W.
894 674 184 52 Wood
1108 673 110 53 and
1248 688 295 51 company,
1574 675 150 49 1934.

285 755 40 33 v,
352 745 85 40 496
465 755 41 37 p.
567 745 141 46 illus.,
737 756 96 27 xxv
861 746 83 39 col.
973 756 62 37 pl.
1065 745 130 47 (incl.
1223 745 172 46 front.)
1434 743 177 47 diagrs.
1671 742 57 40 20
1731 746 42 20 cm
1779 774 8 8 .

223 800 51 50 ©
303 805 118 46 Aug.
452 805 37 39 1.
521 802 112 41 1034;
692 803 66 41 2c.
854 805 28 37 and
912 803 80 41 aff.
1023 804 117 46 Aug.
1171 802 24 38 2;
1255 802 40 38 A
1327 802 140 40 74375;
1529 802 47 40 C.
1607 803 59 37 H.
1701 804 125 44 May.
1858 804 115 37 New
2002 803 142 38 York.

300 860 277 46 (34-25873)

217 949 254 63 Meaker,
508 950 234 53 Samuel
778 952 255 62 Raynor,
1071 953 169 50 1890-

349 1023 1857 69 … Human sterility; causation, diagnosis, and treatment; a
220 1103 274 64 practical
541 1104 230 51 manual
817 1103 63 52 of
926 1102 226 53 clinical
1198 1102 327 67 procedure,
1571 1101 75 69 by
1699 1100 229 55 Samuel
1974 1101 233 69 Raynor

220 1178 1964 147 Meaker … with 27 original illustrations. Baltimore, The Williams & Wilkins company, 1934.
292 1340 74 38 xv,
393 1330 86 40 276
502 1341 42 36 p.
572 1330 107 39 incl.
706 1330 141 42 illus.,
875 1331 190 46 diagrs..
1093 1330 150 39 forms.
1317 1329 170 46 plates.
1549 1328 54 39 23½
1637 1331 43 20 cm
1687 1360 7 7 .
1765 1328 228 47 (Medical
2021 1330 188 46 aspects

224 1384 50 40 of
297 1386 181 40 human
503 1386 236 47 fertility;
770 1387 147 39 series
944 1386 162 40 issued
1133 1386 58 46 by
1219 1386 80 39 the
1324 1385 232 39 National
1583 1384 271 41 committee
1884 1396 58 28 on
1971 1385 240 40 maternal

221 1441 177 48 health,
429 1443 114 47 inc.)

320 1497 317 41 "References”:
702 1508 41 37 p.
781 1498 216 40 265-269.

224 1552 49 50 ©
304 1557 113 46 July
446 1557 67 39 19.
542 1556 113 41 1934;
712 1556 66 39 2c.
809 1558 94 37 and
933 1556 80 40 aff.
1045 1557 114 45 July
1186 1555 81 47 26;
1297 1556 40 38 A
1367 1556 142 39 74317;
1568 1556 241 39 Williams
1840 1557 34 38 &
1903 1555 208 41 Wilkins
2140 1568 66 28 co.

305 1612 277 48 (34-25874)

218 1700 206 65 Miller,
457 1704 156 61 Max,
650 1707 169 48 1901-

292 1780 120 51 The
453 1780 201 51 second
696 1780 170 51 house
910 1777 151 54 from
1101 1780 94 51 the
1236 1797 211 48 corner,
1489 1779 74 66 by
1605 1781 63 50 Max
1785 1780 207 51 Miller.
2127 1798 78 33 New

225 1855 176 68 York,
428 1858 66 52 E.
523 1859 64 50 P.
614 1858 223 51 Dutton
861 1861 46 49 &
933 1873 97 50 co.,
1055 1856 125 67 inc.,
1209 1861 147 48 1934.

295 1931 83 37 254
409 1941 38 35 p.
509 1930 25 38 21½c
614 1933 26 19 m
646 1963 6 5 .

296 1986 159 41 “First
485 1986 225 40 edition.”

225 2041 50 50 ©
302 2046 117 45 Aug.
447 2044 67 40 20,
543 2043 112 40 1934;
710 2043 64 40 2c.
804 2044 118 46 Aug.
948 2043 54 38 22;
1060 2043 79 39 aff.
1168 2044 116 45 Aug.
1314 2045 53 37 21;
1425 2045 40 38 A
1494 2043 141 40 73967;
1691 2045 51 37 E.
1773 2045 48 37 P.
1851 2045 187 38 Dutton
2066 2045 35 39 &
2126 2054 68 30 co.,

291 2102 89 38 inc.
455 2099 277 49 (34-25695)

219 2190 264 63 Morgan,
519 2189 150 54 John
701 2191 179 52 Jacob
913 2190 246 64 Brooke,
1194 2196 170 48 1888-

292 2265 1917 70 Child psychology, by John J. B. Morgan … Rev. ed. New
225 2342 174 67 York,
428 2344 213 51 Farrar
670 2345 44 49 &
743 2342 297 67 Rinehart,
1070 2342 125 69 inc.,
1228 2345 150 51 1934.

291 2414 1185 49 2 p. l., vii-xii, 502 p. illus., diagrs. 21½ cm .
294 2471 1805 49 “Published April, 1931 … Revised and reprinted August, 1934.”
296 2527 286 41 “Collateral
617 2528 226 47 reading”
874 2532 52 35 at
953 2529 91 38 end
1074 2528 51 40 of
1153 2529 117 39 each
1297 2528 211 47 chapter.

226 2583 51 50 ©
303 2587 118 47 Aug.
448 2586 54 40 23,
543 2587 114 38 1934;
712 2585 66 40 2c.
806 2587 94 38 and
928 2585 78 39 aff.
1036 2587 118 46 Aug.
1181 2585 56 39 24;
1293 2587 40 37 A
1361 2587 140 39 75001;
1559 2588 42 38 J.
1632 2588 41 39 J.
1703 2589 51 37 B.
1788 2590 213 44 Morgan.
296 2590 1896 92 Evanston.
420 2645 73 37 Ill.
566 2642 276 47 (34-25679)

218 2731 143 52 New
388 2732 161 51 York
584 2732 215 65 (State)
883 2732 181 66 Laws,
1095 2738 254 59 statutes,
1379 2740 98 47 etc.

217 2808 1992 148 Cahill’s Consolidated laws of New York, compiled and edited by Austin B. Griffin … 1934 supplement. Chicago,
218 2964 319 67 Callaghan
560 2964 110 51 and
693 2980 294 50 company,
1011 2966 147 50 1934.

293 3041 23 35 2
347 3049 40 36 p.
491 3036 83 39 l.292
603 3048 41 36 p.
703 3036 54 40 27
762 3039 43 20 cm
810 3067 6 7 .

228 3091 50 51 ©
313 3096 124 45 Sept.
470 3093 67 46 12,
568 3093 113 39 1934;
740 3092 65 41 2c.
841 3093 123 47 Sept.
997 3094 55 37 17;
1114 3093 79 39 aff.
1228 3094 125 47 Sept.
1385 3096 80 45 15;
1501 3097 39 36 A
1575 3095 138 40 74931;
1777 3096 268 47 Callaghan
2077 3096 35 40 &
2144 3107 66 30 co.

219 3180 282 65 Nimkoff,
532 3183 201 60 Meyer
764 3181 263 54 Francis.

292 3256 1918 71 The family, by M. F. Nimkoff … under the editorship of
226 3333 1982 71 William F. Ogburn … Boston, New York [etc.] Houghton
226 3410 198 53 Mifflin
455 3429 279 50 company
770 3444 13 32 [
789 3417 16 21 c
811 3413 134 49 1934
948 3443 12 34 ]

295 3495 27 26 x
354 3495 54 35 p..
441 3486 24 36 1
517 3516 21 11 l.,
570 3483 84 40 562
683 3493 42 37 p.
786 3483 151 47 diagr.
999 3483 54 38 21
1058 3485 42 21 cm
1106 3515 6 7 .

296 3539 298 47 “Readings”
626 3542 50 37 at
706 3540 91 39 end
828 3540 51 38 of
908 3539 117 39 each
1057 3539 210 46 chapter.

229 3594 51 50 ©
319 3599 115 46 Aug.
473 3597 38 46 9,
550 3596 112 40 1934;
728 3596 65 40 2c.
832 3597 117 47 Aug.
988 3597 56 38 24;
1109 3597 77 39 aff.
1227 3598 117 46 Aug.
1384 3598 53 38 22;
1506 3601 41 37 A
1582 3600 143 39 75030;
1792 3602 62 37 M.
1895 3601 48 38 F.
1982 3599 226 42 Nimkoff,

295 3654 291 46 Lewisburg.
616 3655 80 36 Pa.
770 3652 277 47 (34-25681)

222 3726 248 65 O’Hara,
503 3727 171 63 John,
710 3729 169 49 1905-

300 3801 1906 70 Appointment in Samarra, a novel, by John O’Hara … New
236 3879 172 61 York,
435 3880 306 60 Harcourt,
768 3877 179 52 Brace
976 3878 110 52 and
1114 3896 273 53 company
1423 3914 14 34 [
1441 3888 18 21 c
1464 3884 134 48 1934
1601 3915 15 31 ]
