2350 4196
1042 4007 132 49 1435

138 349 117 52 The
301 351 228 55 concise
577 350 291 56 Standard
914 352 322 67 dictionary
1280 351 64 54 of
1387 353 95 52 the
1526 354 246 68 English
1818 353 310 70 language;

204 426 268 71 designed
502 435 57 47 to
588 430 129 68 give
748 432 95 51 the
872 431 410 68 orthography,
1312 432 458 67 pronunciation,
1801 434 112 52 and
206 452 1899 123 meaning

347 506 63 53 of
450 507 171 53 about
662 512 188 64 38,000
889 509 186 52 words
1117 511 111 51 and
1270 509 233 67 phrases
1543 509 58 53 in
1642 511 92 50 the
1776 512 199 65 speech
2017 512 109 51 and

203 583 294 56 literature
547 587 64 51 of
658 589 95 50 the
803 586 549 69 English-speaking
1403 588 255 66 peoples;
1710 592 101 50 780
1868 589 258 66 pictorial

203 663 407 68 illustrations;
665 664 276 69 abridged
994 663 151 54 from
1195 665 93 51 the
1341 665 170 52 Funk
1561 668 44 49 &
1656 667 297 65 Wagnalls
2005 685 119 34 new

202 741 290 54 Standard
532 742 320 68 dictionary
890 742 63 54 of
989 744 95 52 the
1121 742 243 68 English
1404 743 282 67 language
1723 744 70 66 by
1834 746 192 52 James
2065 745 60 54 C.

201 819 1903 146 Fernald … A new ed., carefully rev. by Frank H. Vizetelly
201 899 1902 144 … New York, and London, Funk & Wagnalls company, 1934.
200 1062 41 34 v,
274 1051 70 47 [1],
373 1049 83 40 583
485 1061 40 36 p.
584 1050 126 40 illus.
768 1052 53 38 17
826 1053 42 20 cm
876 1085 7 7 .

135 1103 50 51 ©
215 1107 119 46 Aug.
364 1108 68 40 17.
464 1106 139 40 1934:
637 1107 65 41 2c.
733 1108 95 39 and
860 1107 79 39 aff.
975 1107 125 47 Sept.
1133 1108 50 39 1:
1216 1107 39 37 A
1284 1106 170 47 75526;
1489 1107 140 38 Funk
1660 1107 36 39 &
1725 1107 251 45 Wagnalls
2007 1117 65 30 co.

211 1162 279 49 (34-36069)

130 1278 252 67 Curtiss,
412 1282 139 55 Mrs.
584 1281 307 53 Harriette
923 1282 295 64 Augusta,
1251 1281 365 53 1856?-1932.

200 1359 119 52 The
348 1358 125 53 love
501 1360 63 51 of
595 1359 299 68 Rabiacca,
924 1379 28 33 a
982 1360 240 67 tragedy
1250 1360 59 50 in
1337 1359 106 53 five
1472 1366 145 60 acts;
1648 1378 31 33 a
1709 1361 111 50 tale
1848 1360 63 52 of
1940 1379 29 32 a

130 1378 1970 112 prehistoric
394 1456 124 34 race
548 1439 297 52 recovered
876 1437 350 67 psychically
1260 1438 71 66 by
1361 1436 297 54 Harriette
1688 1439 260 65 Augusta

129 1438 1997 144 Curtiss and F. Homer Curtiss … Washington, D. C., The Curtiss
130 1591 358 69 philosophic
515 1594 146 52 book
688 1612 97 49 co.,
815 1598 147 50 1934.

199 1674 41 39 v,
268 1666 55 40 67
352 1676 40 36 p.
454 1666 54 39 13½c
559 1669 25 20 m
592 1700 6 5 .

131 1721 50 51 ©
210 1725 127 39 June
359 1725 68 41 15,
455 1723 113 40 1934
588 1736 7 29 :
624 1724 65 40 2c.
716 1725 119 47 Aug.
862 1723 53 39 22
936 1735 7 31 ;
973 1723 81 40 aff
1083 1724 116 46 Aug.
1229 1722 82 41 25:
1341 1724 40 37 A
1410 1722 141 40 75825
1570 1734 8 34 ;
1613 1724 257 38 Universal
1901 1722 227 49 religious

194 1782 305 42 foundation,
531 1782 103 40 inc..
666 1782 333 47 Washington.
1072 1780 278 47 (34-36208)

126 1899 201 64 Davis,
359 1901 265 63 Watson,
659 1902 171 51 1896-
1042 1899 85 55 ed.

127 1974 1975 149 The advance of science, edited by Watson Davis … Garden City, N. Y., Doubleday, Doran & company, inc., 1934.
196 2130 81 39 xiv
303 2140 56 37 p.,
386 2131 23 37 1
473 2161 8 15 l.,
508 2129 85 39 400
620 2140 41 37 p.
719 2129 141 46 illus.,
889 2130 170 46 plates,
1088 2129 179 47 diagrs,
1323 2128 54 40 23½
1411 2131 15 20 cm
1461 2160 7 8 .

199 2187 144 39 “This
372 2188 189 38 volume
592 2186 39 40 is
661 2197 24 28 a
719 2185 351 41 collaboration
1102 2185 235 48 resulting
1367 2185 125 40 from
1526 2185 81 40 the
1637 2183 169 42 efforts
1838 2184 51 39 of
1920 2185 80 39 the
128 2183 1978 100 editorial
298 2244 235 39 members
560 2243 51 40 of
639 2244 81 39 the
751 2242 194 41 Science
973 2242 184 40 service
1184 2241 355 41 staff.”—Pref.

196 2301 162 39 “First
388 2300 226 40 edition.”

129 2354 50 51 ©
217 2358 100 40 Oct.
353 2357 69 46 24,
460 2357 140 41 1934:
640 2357 67 39 2c.
744 2358 95 38 and
877 2356 80 41 aff.
998 2357 101 40 Oct.
1137 2356 81 39 30:
1259 2357 39 38 A
1339 2356 141 39 77007
1500 2367 7 29 :
1553 2356 192 39 Science
1785 2354 195 46 service,
2019 2356 104 39 inc..

194 2415 334 45 Washington.
602 2413 277 49 (34-36240)

129 2517 278 65 Deeping,
440 2516 310 64 Warwick,
783 2516 170 53 1877-

123 2592 1975 150 … Der schicksalshof, roman. Einzig berechtigfe übertragung
305 2670 1794 70 von Marguerite Thesing. Berlin, C. Schunemann [ c 1933]
199 2745 624 50 2 p. l. . 395, [1] p. 20 cm .
198 2802 169 41 “6.-15.
399 2804 207 39 tausend
637 2804 85 38 der
750 2801 422 48 gesamtauflage.”

129 2858 50 51 ©
210 2863 126 38 June
361 2861 68 43 25,
460 2860 139 41 1933:
631 2861 64 38 1c.
729 2860 127 47 Sept.
886 2860 80 40 26:
1000 2859 308 45 A-Foreign
1339 2858 170 39 25745:
1543 2858 112 39 Carl
1690 2857 351 39 Schünemann.

204 2918 279 49 (34-36073)

125 3019 264 66 Diether,
419 3022 316 51 Lawrence
764 3021 78 62 C.,
872 3020 212 66 father,
1116 3019 170 53 1877-

193 3096 123 52 Ave
345 3097 207 51 Maria,
581 3115 30 33 a
643 3096 158 52 short
832 3100 386 64 commentary
1247 3113 71 34 on
1348 3095 96 52 the
1472 3093 145 52 Hail
1647 3093 187 67 Mary,
1863 3091 76 69 by
1967 3091 156 67 Very

124 3168 2000 72 Rev. Lawrence C. Diether … Chicago, Ill., The Carmelite
128 3270 168 51 press,
331 3256 151 49 1934.

193 3324 558 49 2 p. l. , 7-78 p. 19 cm .
129 3381 50 51 ©
211 3386 81 38 July
357 3385 38 43 8,
427 3383 139 41 1934:
601 3384 65 39 2c.
701 3385 93 37 and
828 3383 80 39 aff.
944 3383 116 46 July
1091 3382 80 41 20;
1207 3382 39 38 A
1278 3381 168 41 73517:
1482 3382 50 38 L.
1567 3380 46 40 C.
1646 3379 216 44 Diether,
1898 3376 222 47 Chicago.

205 3441 278 48 (34-36059)

126 3545 157 64 Duff,
315 3546 205 54 Marie.

195 3622 372 68 Whispering
612 3622 200 65 leaves,
861 3621 74 67 by
981 3621 184 51 Marie
1211 3619 158 54 Duff.
1451 3619 156 66 [New
1654 3616 180 65 York,
123 3615 1995 137 Paulus-Ullmann

426 3699 263 68 printing
718 3699 380 67 corporation,
1126 3705 17 21 c
1150 3703 148 62 1934]

198 3771 582 50 3 p. l. , 9-108 p. 20 cm .
199 3829 183 42 Poems.

131 3884 49 50 ©
210 3889 99 39 Oct.
335 3888 69 46 19,
433 3888 140 40 1934:
603 3887 67 41 2c.
698 3888 93 38 and
821 3886 81 41 aff.
932 3887 101 39 Oct.
1063 3885 81 41 26;
1175 3885 40 38 A
1242 3884 169 40 75945;
1446 3882 154 39 Marie
1627 3882 54 38 V.
1710 3879 130 46 Duff,
1871 3878 249 46 Flushing,

195 3945 55 39 N.
278 3946 51 38 Y.
402 3944 279 48 (34-36209)
