2350 4196
1156 4000 99 50 852

201 388 305 64 Maynard,
536 388 318 63 Theodore,
888 390 169 50 1890-

202 461 1962 134 … The connection between the ballade, Chaucer’s modification
204 541 1959 132 of it, rime royal, and the Spenserian stanza … by Theodore
375 621 304 67 Maynard,
717 639 64 34 m.
819 640 51 33 a.
943 621 400 67 Washington,
1379 620 72 51 D.
1491 619 82 66 C.,
1609 619 119 52 The
1768 618 262 55 Catholic
201 618 1962 147 university
446 699 62 52 of
534 697 284 69 America,
849 701 150 50 1934.

273 770 26 40 3
325 782 44 37 p.
431 803 8 15 l.,
466 770 86 41 139
578 782 44 37 p.
681 770 56 40 23
741 773 44 21 cm
788 803 8 9 .

274 842 61 39 At
361 843 125 39 head
513 841 50 41 of
587 841 134 42 title:
750 843 100 40 The
877 841 218 41 Catholic
1121 842 270 46 university
1419 841 50 41 of
1494 842 235 39 America.

277 898 170 41 Thesis
491 900 107 46 (ph.
630 897 358 50 d.)—Catholic
1020 899 268 47 university
1323 898 49 41 of
1405 897 236 48 America,
1676 897 125 41 1934.

276 956 372 49 Bibliography:
681 969 43 37 p.
759 955 213 41 132-139.

209 1025 51 51 ©
290 1030 127 38 June
442 1029 38 46 3,
510 1029 139 46 1934;
680 1029 67 39 2c.
776 1029 94 38 and
899 1027 79 40 aff.
1010 1029 124 38 June
1162 1027 80 46 28;
1274 1028 42 37 A
1343 1027 168 46 73261;
1546 1027 219 40 Catholic
1794 1027 128 40 univ.
1954 1028 49 39 of
274 1028 1902 97 America.
434 1085 277 48 (34-19000)

202 1203 236 65 Melvin,
469 1204 233 52 Arthur
734 1203 249 64 Gordon,
1017 1206 168 49 1894-

276 1280 1915 69 Building personality, by A. Gordon Melvin … New York,
207 1357 119 54 The
354 1360 155 54 John
537 1361 130 65 Day
694 1377 278 49 company
1006 1393 12 33 [
1024 1366 17 20 c
1046 1363 134 49 1934]

280 1429 100 48 viii,
407 1431 97 46 303,
535 1432 54 49 [1]
620 1443 41 37 p.
726 1433 23 37 1
779 1432 142 41 illus..
948 1432 152 47 diagr.
1161 1430 54 39 24
1217 1434 44 20 cm
1267 1463 7 7 .

281 1486 373 50 Bibliography:
687 1499 41 37 p.
759 1489 215 40 293-298.

212 1555 50 52 ©
289 1561 126 38 June
439 1559 68 41 28.
535 1560 138 39 1934;
703 1560 64 39 2c.
797 1560 124 39 June
947 1560 81 39 28:
1060 1559 79 41 aff.
1168 1560 124 39 June
1318 1559 81 41 29:
1429 1560 41 37 A
1497 1559 168 40 74056:
1694 1560 53 38 A.
1778 1559 51 39 G.
1859 1558 192 47 Melvin,
2079 1558 117 39 New

277 1617 143 39 York.
492 1616 277 48 (34-18805)

210 1732 201 66 Miller,
441 1734 202 53 James
670 1734 341 55 McDonald.

278 1811 95 52 An
421 1811 214 54 outline
684 1812 62 52 of
796 1811 305 53 American
1148 1812 313 65 literature,
1511 1811 73 67 by
1632 1811 192 53 James
1870 1809 326 53 McDonald

211 1888 1987 68 Miller … New York, Farrar & Rinehart, incorporated
210 2001 12 33 [
228 1974 18 21 c
251 1969 135 50 1934
390 2000 12 34 ]

279 2040 99 47 viii,
409 2039 87 40 386
524 2051 41 37 p.
626 2040 55 39 20½
714 2042 43 21 cm
762 2072 8 8 .

283 2096 235 41 “General
547 2096 362 49 bibliography”
929 2108 8 29 :
968 2109 42 37 p.
1044 2098 125 39 7-11.

215 2165 52 51 ©
305 2170 125 38 June
467 2169 68 46 25,
575 2169 138 45 1934;
753 2169 65 39 2c.
858 2169 126 38 June
1021 2168 81 46 27;
1145 2168 77 39 aff.
1264 2170 125 38 June
1426 2169 82 39 26:
1550 2170 42 37 A
1629 2169 169 47 72992;
1840 2170 43 38 J.
1924 2170 61 39 M.
2026 2169 172 46 Miller,

282 2227 344 46 Waynesburg,
655 2226 81 38 Pa.
812 2224 277 48 (34-19003)

212 2342 191 65 Milne,
431 2344 218 63 Joseph
681 2344 271 63 Grafton,
985 2346 169 50 1867-

279 2421 121 52 The
430 2420 179 54 Melos
641 2421 178 52 board
852 2420 62 52 of
949 2421 150 67 1907,
1130 2421 34 53 by
1237 2423 54 52 J.
1326 2421 66 54 G.
1427 2421 194 53 Milne.
1698 2422 137 51 New
1872 2421 176 66 York,
2082 2420 119 54 The

211 2500 303 51 American
545 2497 361 53 numismatic
937 2497 227 69 society,
1196 2502 149 50 1934.

281 2571 1918 49 2 p. l. , 19 p. 17 cm . (Half-title: Numismatic notes and monographs,
263 2641 39 29 [no.
339 2629 96 49 62])

284 2685 217 48 “Notes”,
533 2685 247 48 including
810 2684 360 49 bibliography:
1202 2693 42 37 p.
1276 2684 155 42 18-19.

217 2755 50 51 ©
293 2760 121 45 .May
449 2759 38 45 3,
523 2757 139 41 1934;
700 2757 64 39 2c.
802 2758 125 38 June
962 2757 50 41 8:
1052 2756 80 40 aff.
1169 2758 123 39 June
1328 2759 24 39 7
1371 2769 8 35 ;
1417 2759 42 37 A
1492 2758 168 47 71992;
1699 2759 157 39 Amer.
1893 2757 309 40 numismatic

285 2826 91 29 soc.
448 2814 277 48 (34-18657)

216 2934 266 62 Mondon,
513 2932 205 56 Emile.

281 3008 475 53 Assainissement
791 3011 226 64 général
1055 3009 93 51 des
1183 3009 162 53 villes
1381 3016 55 46 et
1469 3012 94 50 des
1599 3011 203 65 petites
1838 3010 364 53 collectivités

274 3086 1929 67 … par Émile Mondon … t. IV. Partie administrative. Paris,
212 3165 227 65 Dunod,
475 3168 148 49 1934.

288 3239 59 47 vi,
376 3238 85 40 399
488 3249 42 36 p.
588 3237 167 40 tables.
811 3236 55 40 25½
900 3239 42 20 cm
948 3267 6 7 .

222 3305 1506 51 © May 2, 1934 ; 1c. July 10: A-Foreign 25181; Dunod.
220 3427 211 63 Moore,
460 3425 216 64 Dallas,
708 3444 175 47 comp.

296 3502 205 53 Sunset
533 3501 189 65 trails;
758 3519 70 33 an
861 3501 307 68 anthology
1204 3501 59 51 of
1298 3511 184 44 recent
1516 3520 152 36 verse
1706 3503 223 51 written
1964 3502 71 67 by
226 3503 1950 130 residents

420 3579 63 53 of
518 3576 244 69 Oregon,
799 3577 274 66 compiled
1108 3578 72 67 by
1218 3579 196 54 Dallas
1450 3580 223 65 Moore;
1713 3580 378 52 introduction
2131 3580 71 67 by

226 3657 97 52 Dr.
351 3657 154 53 John
529 3657 65 53 B.
620 3656 244 66 Horner,
889 3655 224 67 preface
1139 3655 72 67 by
1238 3656 223 54 Harold
1486 3658 180 52 Hunt.
1757 3657 295 67 [Corvallis,
2081 3655 115 69 Or.]

225 3734 118 51 The
378 3734 136 53 New
547 3733 313 68 university
895 3750 153 49 press
1087 3767 12 33 [
1105 3740 17 20 c
1128 3736 130 48 1933
1266 3767 11 33 ]

294 3805 662 49 7 p. l. , 175, [8] p. 20½c m .
225 3875 50 51 ©
305 3880 125 47 Sept.
455 3880 68 46 10,
549 3880 137 40 1933;
714 3879 63 39 2c.
806 3880 108 38 Feb.
942 3879 37 41 8.
1005 3879 139 45 1934;
1173 3878 78 41 aff.
1279 3880 108 39 Feb.
1416 3881 50 38 5:
1495 3881 40 38 A
1561 3881 167 41 69370;
1757 3882 115 39 New
1899 3881 128 40 univ.
2054 3890 146 39 press.

305 3936 277 48 (34-18680)
