2350 4196
1116 4007 130 50 1211

165 361 279 53 National
471 361 346 53 conference
847 359 63 52 of
938 356 221 55 Jewish
1188 354 179 54 social
1395 356 244 52 service.

235 436 380 61 Proceedings
664 438 62 50 of
774 437 92 54 the
917 436 268 54 National
1237 432 329 54 conference
1615 431 63 53 of
1725 433 215 54 Jewish
1988 431 172 52 social

165 518 227 67 service,
433 517 293 67 including
766 515 150 68 joint
953 514 236 53 sessions
1228 512 140 53 with
1408 511 274 54 National
1721 511 338 52 association
2097 509 63 52 of

165 596 214 53 Jewish
409 599 198 49 center·
626 594 315 52 executives
971 592 111 52 and
1111 590 273 54 National
1414 590 220 54 council
1663 589 94 51 for
1785 589 216 55 Jewish
166 588 1971 152 education,
400 678 58 47 at
485 674 95 51 the
610 675 211 49 annual
848 672 256 66 sessions,
1131 670 262 53 Atlantic
1423 668 153 67 City,
1604 669 68 52 N.
1704 669 74 67 J.,
1806 668 139 66 May
1972 670 190 65 26-30,

167 746 1969 147 1934 … [New York] The National conference of Jewish social service and The Jewish social service quarterly, 1934.
239 904 86 40 190
388 936 7 7 p.
455 904 136 38 front.
634 902 170 49 (port.)
874 902 54 38 29
931 904 44 20 cm
982 934 7 7 .

171 958 50 51 ©
263 962 125 47 Sept.
426 960 68 40 20.
534 960 112 38 1934;
713 959 64 40 2c.
817 961 94 38 and
951 958 78 39 aff.
1071 957 99 41 Oct.
1210 956 57 40 10;
1334 957 40 38 A
1411 954 170 48 76420;
1622 956 114 39 Natl.
1792 955 285 40 conference
2113 956 51 39 of

239 1019 181 39 Jewish
449 1017 152 39 social
634 1018 195 38 service.

168 1121 143 53 New
342 1121 161 52 York
537 1121 216 67 (State)
843 1120 178 51 Court
1051 1121 62 65 of
1142 1117 248 69 appeals.

239 1195 1926 71 Reports of cases decided … from and including decisions
171 1277 61 52 of
264 1277 296 67 February
591 1279 85 63 27,
710 1280 134 48 1934,
892 1282 57 49 to
982 1276 274 53 decisions
1289 1275 63 51 of
1383 1276 142 66 July
1557 1277 48 65 3,
1639 1276 151 65 1934,
1820 1272 143 55 with
1990 1278 178 62 notes,

170 1356 314 53 references
539 1356 111 51 and
703 1356 188 50 index.
967 1354 174 53 Louis
1193 1356 53 53 J.
1300 1353 345 57 Rezzemini.
1697 1357 145 48 state
1894 1363 256 58 reporter.

170 1454 49 31 v.
251 1437 115 48 264.
443 1433 249 67 Albany,
721 1436 54 51 J.
865 1479 8 8 B.
903 1436 163 63 Lyon
1094 1449 296 51 company,
1423 1434 149 53 1934.

255 1508 316 41 L. 863 p. 23½cm.
175 1530 1993 83 © Oct. 9, 1934; 2c. Oct. 13; aff. Oct. 10; A 75746; Edward J. Flynn,
244 1625 245 43 secretary
525 1622 49 38 of
610 1623 80 37 the
728 1624 127 36 state
892 1622 50 37 of
977 1622 116 37 New
1129 1621 142 46 York,
1309 1621 49 37 in
1395 1623 128 36 trust
1558 1619 78 40 for
1674 1620 80 40 the
1788 1619 177 40 benefit
2002 1620 49 39 of
2089 1620 82 39 the

242 1681 165 46 people
434 1679 50 38 of
511 1680 81 38 the
619 1681 140 40 state,
788 1679 201 46 Albany.

172 1783 145 52 New
359 1784 160 51 York
563 1785 210 49 annual
814 1782 202 67 digest,
1059 1783 265 67 covering
1366 1782 76 51 all
1483 1782 266 67 reported
1792 1781 276 53 decisions
2109 1781 63 53 of

242 1862 97 51 the
396 1867 186 47 courts
641 1861 62 52 of
759 1862 137 52 New
956 1861 177 52 York.
1211 1860 349 68 September,
1620 1864 152 63 1934,
1829 1860 344 52 cumulative

244 1940 291 67 quarterly
567 1940 315 67 pamphlet,
913 1940 140 52 with
1084 1939 344 53 cumulative
1456 1940 153 51 table
1641 1939 62 52 of
1736 1958 148 34 cases
1916 1939 257 68 digested

305 2017 1869 69 … supplementing and continuing New York annual digest,
249 2100 147 49 1933.
474 2097 308 51 Rochester
822 2097 112 51 and
973 2097 138 51 New
1149 2097 162 53 York
1349 2098 134 67 city,
1522 2098 120 52 The
1679 2100 267 64 Lawyers
247 2115 1901 113 co-operative
490 2175 336 68 publishing
857 2194 305 48 company;
1200 2177 82 53 St.
1315 2177 167 66 Paul,
1511 2179 161 52 West
1699 2175 334 69 publishing
2065 2192 77 36 co.;

247 2254 138 54 New
415 2253 163 54 York
606 2253 133 68 city,
768 2254 207 67 Baker,
1004 2254 246 53 Voorhis
1280 2259 45 48 &
1354 2274 77 33 co.
1469 2289 13 33 [
1488 2262 16 20 c
1510 2258 136 48 1934
1651 2288 11 33 ]

248 2329 83 39 312
359 2340 41 36 p.
460 2329 53 38 24
518 2331 13 18 cm
567 2361 6 5 .

182 2381 49 51 ©
276 2386 124 46 Sept.
442 2386 67 39 13,
549 2383 113 40 1934;
731 2384 65 40 2c.
837 2386 96 37 and
973 2384 80 39 aff.
1096 2384 100 41 Oct.
1235 2385 81 46 11;
1359 2386 40 37 A
1438 2385 169 46 76478;
1651 2386 135 39 West
1823 2386 108 46 pub.
1973 2396 67 29 co.
2080 2388 94 37 and

253 2443 227 45 Lawyers
516 2441 322 47 co-operative
875 2442 107 46 pub.
1020 2452 64 28 co.

180 2545 545 53 Northumberland
763 2548 212 59 county
1013 2545 161 63 (Pa.)
1217 2546 306 53 historical
1559 2546 244 64 society.

311 2623 1861 68 … Proceedings and addresses. Volume VI. [Sunbury. Pa.]
181 2701 120 52 The
333 2701 245 67 Society,
611 2703 149 51 1934.

252 2776 85 40 248
368 2787 42 35 p.
471 2776 135 37 front.
650 2775 171 46 (port.)
863 2776 157 46 plates.
1069 2786 148 36 maps,
1252 2777 151 46 plans,
1438 2777 216 39 facsims.
1717 2777 54 39 25½
1806 2778 42 21 cm
1855 2809 6 7 .

186 2827 48 51 ©
267 2833 116 47 Aug.
417 2832 68 45 11,
518 2830 112 41 1934;
691 2835 65 36 2c.
789 2833 94 38 and
914 2832 81 39 aff.
1030 2831 100 42 Oct.
1164 2833 23 39 3;
1248 2833 40 38 A
1320 2832 144 40 76304;
1523 2834 446 39 Northumberland
2003 2837 177 42 county

252 2889 253 40 historical
535 2898 89 30 soc.,
674 2888 237 48 Sunbury,
941 2889 82 40 Pa.

180 2995 213 63 Oliver,
424 2995 167 57 Jane.

255 3072 1927 70 Evening of a martinet, a novel, by Jane Oliver … London,
187 3150 234 67 Collins,
452 3153 152 49 1934.

259 3224 84 39 314
371 3234 57 37 p.,
457 3224 24 39 1
531 3254 7 8 l.
598 3223 54 40 19
653 3226 46 20 cm
704 3254 7 7 .

192 3276 48 51 ©
265 3283 65 37 1c.
355 3282 117 46 Aug.
498 3280 68 47 30·,
593 3279 139 47 1934;
760 3281 43 38 A
824 3282 61 37 ad
910 3281 86 40 int.
1022 3280 167 48 19325;
1218 3284 140 45 pubd.
1388 3284 115 46 July
1528 3284 52 46 2;
1610 3285 156 38 Helen
1792 3285 185 38 Easson
2007 3285 175 46 Evans,

260 3337 209 39 London.
542 3336 277 49 (34-30891)

185 3427 146 51 Para
341 3427 74 62 in,
445 3428 189 55 Brice.

318 3502 1868 72 … Essai sur la misère humaine, par Brice Parain. Paris,
191 3579 555 69 B. Grasset [ c 1934]
258 3650 1931 54 4 p. l., [11]-249 p., 2 l. 19 cm . (“Les écrits", sons la direction de Jean
194 3705 272 44 Guéhenno.
539 3710 39 37 [4.
608 3710 106 47 sér.,
741 3709 67 51 3])

539 3766 239 41 CONTENTS.—Courte
805 3768 202 41 histoire
1038 3771 55 38 de
1144 3769 513 50 l’après-guerre.—Les
1689 3770 197 41 méfaits
1916 3773 57 39 de
2003 3772 48 38 la
195 3770 1980 96 polémique.—Les
544 3823 131 41 idées
701 3829 50 35 et
779 3825 69 41 les
875 3825 205 40 besoins.
1139 3827 114 40 Rôle
1283 3829 63 38 du
1375 3828 216 47 langage.

198 3873 1974 112 © May 4, 1934; 1c. July 10; A- Foreign 25187; Editions Bernard Grasset. (34-31095)
