2350 4196
1118 4000 130 47 1580

218 378 237 65 Phelan,
483 380 262 52 Annette
770 382 96 64 M.,
897 383 169 53 1879-

287 457 52 50 A
378 457 171 66 study
587 457 63 51 of
686 458 188 52 school
912 459 193 52 health
1142 458 320 54 standards,
1498 460 74 64 by
1609 460 208 53 Anette
1853 460 79 51 M.
1970 461 235 52 Phelan.

215 534 137 51 New
386 534 178 65 York,
598 537 151 50 1934.

288 607 62 45 ix,
381 605 83 40 249
493 617 40 37 p.
595 608 155 39 tables
777 608 46 47 (1
855 608 142 48 fold.)
1063 608 55 40 23½
1151 611 42 20 cm
1199 641 8 7 .

287 664 170 38 Issued
485 665 102 38 also
614 673 54 30 as
696 664 151 39 thesis
885 666 104 46 (PH.
1048 695 6 6 D.
1068 666 14 46 )
1118 665 250 40 Columbia
1399 665 283 47 university.

290 720 67 38 “A
394 720 337 47 bibliography
770 721 50 39 of
859 731 193 30 sources
1093 723 114 38 used
1246 722 78 38 for
1363 722 82 39 the
1483 722 229 40 selection
1751 723 51 39 of
1840 723 163 40 school
2042 723 163 40 health

217 776 290 40 standards”;
569 787 43 37 p.
651 776 233 50 [239]-249;
947 778 335 48 bibliography
1317 781 50 37 at
1402 779 90 39 end
1527 778 51 40 of
1611 784 125 35 most
1770 779 50 38 of
1855 779 80 40 the
1968 779 237 46 chapters.

220 829 51 52 ©
300 835 111 45 May
437 834 68 40 26.
534 834 113 39 1934;
701 833 65 40 2c.
797 836 127 38 June
949 837 52 36 14;
1060 835 80 41 aff.
1169 836 126 39 June
1320 835 53 38 13;
1432 837 37 36 A
1497 836 138 39 72761;
1693 837 52 40 A.
1775 837 60 38 M.
1867 837 196 46 Phelan,
2092 836 114 40 New

285 891 143 38 York.
501 890 277 47 (34-39384)

219 992 447 66 Prentice-Hall,
696 995 127 62 inc.,
852 997 139 50 New
1022 997 175 50 York.

286 1070 432 52 Prentice-Hall
753 1077 98 46 tax
888 1072 164 65 diary
1090 1073 110 50 and
1236 1072 229 52 manual
1502 1072 95 52 for
1634 1076 148 50 1935.
1855 1074 136 50 New
2028 1072 177 54 York,

213 1148 450 67 Prentice-Hall,
691 1151 105 51 inc.
871 1153 150 62 [c1934]

285 1221 97 46 308,
413 1223 275 38 D-l-D-415
712 1233 40 37 p.
810 1222 54 40 23½
898 1225 43 20 cm
947 1256 8 7 .

218 1274 51 51 ©
298 1279 108 38 Dec.
436 1279 38 39 1.
504 1278 112 38 1934;
673 1279 67 39 2c.
769 1279 110 39 Dec.
909 1280 55 38 15;
1022 1280 80 38 aff.
1132 1281 110 39 Dec.
1272 1280 54 37 18;
1385 1280 39 37 A
1454 1278 141 40 78592;
1654 1278 373 41 Prentice-Hall
2059 1280 88 38 inc.

217 1438 418 63 Presbyterian
667 1440 220 51 church
919 1441 57 50 in
1007 1440 106 51 the
1136 1440 70 53 U.
1238 1440 55 53 S.
1325 1440 70 50 A.
1474 1440 244 52 General
1745 1440 291 64 assembly.

284 1515 1920 68 The Presbyterian digest. Supplement to volumes I and II,
215 1596 135 49 1930
379 1593 233 56 edition,
645 1595 333 66 containing
1007 1595 96 52 the
1134 1594 145 52 book
1309 1594 63 51 of
1404 1593 318 67 discipline,
1757 1597 148 48 1934,
1938 1593 138 51 with
2108 1593 94 52 the

213 1672 287 65 pertinent
530 1678 115 45 acts
676 1673 110 50 and
815 1672 379 52 deliverances
1223 1671 62 53 of
1313 1673 95 51 the
1437 1672 245 53 General
1712 1671 294 67 assembly,
2036 1670 171 53 1789-

218 1752 147 53 1934.
395 1750 110 51 and
535 1755 115 46 acts
680 1750 110 51 and
819 1749 377 53 deliverances
1225 1749 62 52 of
1314 1750 96 50 the
1437 1748 243 55 General
1712 1749 293 66 assembly,
2036 1751 170 50 1931-

215 1830 133 48 1934
379 1827 289 56 inclusive,
701 1828 247 66 relating
978 1833 57 46 to
1068 1828 94 51 the
1194 1828 238 51 sections
1465 1827 62 52 of
1559 1828 94 51 the
1686 1827 152 51 form
1872 1826 63 53 of
210 1845 1969 111 government
401 1906 111 51 and

545 1906 95 50 the
677 1906 284 65 directory
998 1906 94 50 for
1126 1906 265 65 worship.
1465 1905 423 65 Philadelphia.
1927 1907 118 50 Pa..
2082 1904 121 52 The

213 1979 168 57 Office
407 1983 64 51 of
496 1984 95 52 the
618 1983 244 54 General
889 1983 292 66 assembly,
1212 1986 147 48 1934.

281 2056 442 47 xvi. 310 p. 24 cm .
215 2109 54 51 ©
297 2115 110 39 Dec.
437 2114 37 38 1.
506 2111 113 42 1934;
677 2111 66 42 2c.
775 2113 94 38 and
899 2111 79 40 aff.
1011 2113 111 38 Dec.
1154 2114 52 37 17;
1267 2112 39 38 A
1337 2112 142 39 78588;
1540 2112 229 39 Trustees
1801 2111 50 39 of
1882 2112 82 37 the
1997 2111 204 40 General

283 2171 239 38 assembly
552 2170 51 38 of
631 2170 80 38 the
738 2169 343 40 Presbyterian
1112 2170 176 38 church
1320 2169 48 38 in
1400 2170 82 38 the
1513 2169 53 40 U.
1600 2168 41 40 S.
1675 2168 50 39 of
1752 2168 66 39 A..
1849 2165 354 47 Philadelphia.

209 2270 220 51 Punch.
507 2291 47 36 V.
587 2275 115 53 187,
727 2290 85 34 no.
842 2272 154 53 4872.
1025 2271 243 54 October
1295 2275 81 49 21.
1407 2274 148 48 1934.

213 2341 1987 51 © 1c. Dec. 28. 1934; A ad int. 19805; pubd. Oct. 31; Herbert Heather.
281 2402 208 39 London.

217 2549 53 8 ...
327 2505 319 64 Quarterly
695 2504 341 52 cumulative
1084 2505 172 51 index
1304 2505 249 52 medicus
1609 2549 54 7 ...
1775 2523 49 33 [v.
1878 2511 78 46 16.
2006 2523 87 35 no.
2182 2539 10 32 1]

278 2582 529 67 July-September,
838 2585 149 49 1934.
1058 2581 265 68 Chicago.
1356 2584 305 52 American
1693 2584 239 53 medical
278 2584 1894 129 association
433 2694 13 33 [
448 2667 20 20 c
473 2663 151 63 1934]

279 2734 281 42 cover-title,
593 2735 83 38 744
707 2745 41 35 p.
807 2733 142 39 25½cm.

213 2787 53 51 ©
291 2792 110 39 Dec.
428 2791 67 40 12.
524 2790 113 39 1934;
694 2790 65 41 2c.
790 2791 94 38 and
912 2789 81 41 aff.
1021 2790 109 38 Dec.
1161 2791 54 37 14;
1273 2791 40 37 A
1343 2789 168 43 77649;
1544 2791 155 38 Amer,
1730 2790 203 39 medical
1964 2799 126 31 assn.

209 2893 171 64 Reed,
411 2893 182 62 Ruth,
627 2897 169 49 1898-

277 2970 120 52 The
425 2969 359 67 illegitimate
816 2968 206 66 family
1054 2969 56 50 in
1143 2968 135 52 New
1315 2969 161 51 York
1507 2969 142 64 city;
1687 2969 70 51 its
1791 2976 303 45 treatment
2129 2969 69 63 by
206 3048 170 51 social
411 3048 110 51 and
557 3046 194 52 health
785 3043 272 70 agencies,
1092 3045 75 66 by
1198 3046 157 51 Ruth
1390 3046 172 52 Reed.
1644 3047 154 65 [New
1838 3047 176 63 York]
2059 3045 138 51 Pub.

207 3122 92 52 for
332 3123 94 52 the
458 3122 260 53 Welfare
750 3121 214 53 council
1005 3120 62 53 of
1103 3121 136 52 New
1277 3122 162 51 York
1475 3122 115 54 city
1626 3123 73 57 by
1738 3121 296 54 Columbia
206 3121 1963 147 university
445 3219 172 49 press,
650 3203 149 49 1934.

277 3274 113 41 xvii,
424 3274 83 39 385
537 3285 56 35 p.,
625 3275 24 36 1
703 3305 6 7 l.
771 3272 54 39 22½
858 3275 43 20 cm
908 3306 7 6 .
986 3271 274 47 (Half-title;
1316 3273 193 39 Studies
1544 3274 49 38 of
1626 3274 80 38 the
1741 3273 239 39 Research
2015 3273 179 38 bureau

205 3331 51 38 of
283 3331 80 38 the
392 3328 215 41 Welfare
634 3329 199 39 council,
893 3339 75 29 no.
997 3329 80 47 11)

277 3386 301 39 “Annotated
611 3386 332 46 bibliography
978 3396 56 28 on
1069 3385 342 47 illegitimacy”;
1473 3397 39 35 p.
1553 3386 246 48 [251]-370.

210 3441 50 50 ©
294 3445 98 38 Oct.
422 3447 37 37 1.
491 3445 111 37 1934;
661 3445 63 36 2c.
759 3444 99 38 Oct.
891 3444 45 37 11;
1004 3443 80 39 aff.
1116 3443 99 39 Oct.
1245 3442 25 38 9;
1330 3444 40 38 A
1400 3443 168 41 75722;
1603 3444 248 40 Columbia
1886 3445 128 37 univ.
2045 3452 146 37 press.
288 3500 276 41 (34-39220)

206 3589 243 64 Rohrer,
484 3589 173 54 Caleb
689 3590 227 61 Wyand
950 3588 266 63 Geeting,
1252 3591 170 51 1873-

275 3665 336 54 Researcbes
635 3667 60 49 in
724 3682 193 34 cancer
953 3709 53 7 ...
1075 3666 371 50 <1896-1921;
1481 3666 361 48 1922-1932.>
1904 3663 88 67 By
2023 3661 171 54 Caleb

205 3744 224 64 Wyand
464 3744 242 65 Geeting
736 3744 220 51 Rohrer
993 3786 52 7 ...
1116 3750 78 59 pt.
1233 3748 39 49 1.
1339 3743 330 52 Baltimore.
1700 3744 120 51 The
1849 3742 343 53 Brentwood

206 3821 260 66 printing
495 3839 276 48 company
825 3821 156 54 [Priv.
1014 3823 191 64 print.]
1245 3824 147 49 1934.

276 3893 1544 47 8 p. l., 3-144 p. front., pl., ports., facsims.. diagr. 22½ cm .
