<alto xmlns="http://www.loc.gov/standards/alto/ns-v3#" xmlns:xlink="http://www.w3.org/1999/xlink" xmlns:xsi="http://www.w3.org/2001/XMLSchema-instance" xsi:schemaLocation="http://www.loc.gov/standards/alto/ns-v3# http://www.loc.gov/alto/v3/alto-3-0.xsd"><Description>
<MeasurementUnit>pixel</MeasurementUnit>
<sourceImageInformation>
<fileName>1934_v1_Part1.pdf</fileName>
</sourceImageInformation>
<OCRProcessing ID="IdOcr">
<ocrProcessingStep>
<processingDateTime>2019-01-10</processingDateTime>
<processingSoftware>
<softwareCreator>ABBYY</softwareCreator>
<softwareName>ABBYY Recognition Server</softwareName>
<softwareVersion>4.0</softwareVersion>
</processingSoftware>
</ocrProcessingStep>
</OCRProcessing>
</Description>
<Styles>
<ParagraphStyle ID="StyleId-FFFFFFFF-FFFF-FFFF-FFFF-FFFFFFFFFFFF-" ALIGN="Left" LEFT="0." RIGHT="0." FIRSTLINE="0."/>
<ParagraphStyle ID="StyleId-521E1FC6-FE7E-43A4-90E6-A9B61626A263-" ALIGN="Right" LEFT="0." RIGHT="0." FIRSTLINE="0." LINESPACE="13.30000019"/>
<ParagraphStyle ID="StyleId-639B624E-F6F5-47B6-BB1D-34E64B53022F-" ALIGN="Left" LEFT="0." RIGHT="0." FIRSTLINE="-27." LINESPACE="13.43999958"/>
<ParagraphStyle ID="StyleId-100905F9-D385-406B-A5BD-ED5B8FD85431-" ALIGN="Left" LEFT="0." RIGHT="0." FIRSTLINE="0."/>
<ParagraphStyle ID="StyleId-7C9F9BA2-EF3A-4B7F-8486-CCC7B7F49B39-" ALIGN="Left" LEFT="0." RIGHT="0." FIRSTLINE="-27." LINESPACE="18.71999931"/>
<ParagraphStyle ID="StyleId-350780E3-60F2-4605-88F5-BB54F9B87091-" ALIGN="Block" LEFT="0." RIGHT="0." FIRSTLINE="-27." LINESPACE="18.71999931"/>
<ParagraphStyle ID="StyleId-90B16C58-D795-4C77-9B89-30378C515D40-" ALIGN="Left" LEFT="0." RIGHT="0." FIRSTLINE="0." LINESPACE="14.39999962"/>
<ParagraphStyle ID="StyleId-17090E09-AFAF-4086-BD9B-4E99FAE6B057-" ALIGN="Right" LEFT="0." RIGHT="0." FIRSTLINE="-27." LINESPACE="14.39999962"/>
<ParagraphStyle ID="StyleId-8B87B633-89DB-4D72-B1FC-26E4ABD680BC-" ALIGN="Left" LEFT="0." RIGHT="0." FIRSTLINE="-27." LINESPACE="18.47999954"/>
<ParagraphStyle ID="StyleId-42DA7417-CA90-4D71-A57B-06556C38D752-" ALIGN="Left" LEFT="0." RIGHT="0." FIRSTLINE="0." LINESPACE="13.30000019"/>
<ParagraphStyle ID="StyleId-D8EE2A7E-42AE-4E35-98DB-F0F935637AA0-" ALIGN="Block" LEFT="0." RIGHT="0." FIRSTLINE="0." LINESPACE="6.599999905"/>
<ParagraphStyle ID="StyleId-33CD3121-D4F5-43B6-BA96-6382D166E6B8-" ALIGN="Left" LEFT="0." RIGHT="0." FIRSTLINE="0." LINESPACE="15.5"/>
<ParagraphStyle ID="StyleId-1CE52AFA-C319-4DD9-B4B1-F0EBFA2B3F0B-" ALIGN="Block" LEFT="0." RIGHT="0." FIRSTLINE="-21." LINESPACE="18.71999931"/>
<ParagraphStyle ID="StyleId-B74F1B65-92F1-49C5-A5FA-D20442F031F2-" ALIGN="Left" LEFT="0." RIGHT="0." FIRSTLINE="0." LINESPACE="17.70006076"/>
<ParagraphStyle ID="StyleId-79E2924A-215C-40B7-B577-7236BFBAA25E-" ALIGN="Center" LEFT="0." RIGHT="0." FIRSTLINE="0." LINESPACE="7.199999809"/>
</Styles>
<Layout>
<Page ID="Page478" PHYSICAL_IMG_NR="478" HEIGHT="4196" WIDTH="2350">
<TopMargin HEIGHT="377" WIDTH="2350" VPOS="0" HPOS="0">
</TopMargin>
<LeftMargin HEIGHT="3611" WIDTH="203" VPOS="377" HPOS="0">
</LeftMargin>
<RightMargin HEIGHT="3611" WIDTH="121" VPOS="377" HPOS="2229">
</RightMargin>
<BottomMargin HEIGHT="208" WIDTH="2350" VPOS="3988" HPOS="0">
<TextBlock ID="Page478_Block1" HEIGHT="64" WIDTH="110" VPOS="3990" HPOS="1146" LANG="en-US" STYLEREFS="StyleId-E4485591-84F5-4564-A55C-3EC328CFC57E-">
<TextLine HEIGHT="52" WIDTH="98" VPOS="3996" HPOS="1152">
<String CONTENT="478" HEIGHT="52" WIDTH="98" VPOS="3996" HPOS="1152"/>
</TextLine>
</TextBlock>
</BottomMargin>
<PrintSpace HEIGHT="3611" WIDTH="2026" VPOS="377" HPOS="203">
<TextBlock ID="Page478_Block2" HEIGHT="3611" WIDTH="2026" VPOS="377" HPOS="203" LANG="en-US" CS="1" STYLEREFS="StyleId-F7C2F2B4-3CBC-4D4B-8B87-4586F513C1DD-">
<TextLine HEIGHT="68" WIDTH="1988" VPOS="383" HPOS="209" STYLEREFS="StyleId-42557DC9-FD77-4E64-92E5-74F551838677-" CS="1">
<String LANG="de" CONTENT="Texas" HEIGHT="54" WIDTH="194" VPOS="383" HPOS="209"/>
<SP HEIGHT="67" WIDTH="30" VPOS="384" HPOS="404"/>
<String CONTENT="jurisprudence" HEIGHT="68" WIDTH="431" VPOS="383" HPOS="435"/>
<SP HEIGHT="33" WIDTH="40" VPOS="403" HPOS="867"/>
<String LANG="de" CS="1" CONTENT="&#8230;"/>
<SP HEIGHT="32" WIDTH="41" VPOS="404" HPOS="962"/>
<String CONTENT="a" HEIGHT="32" WIDTH="28" VPOS="404" HPOS="1004"/>
<SP HEIGHT="33" WIDTH="36" VPOS="403" HPOS="1033"/>
<String CONTENT="complete" HEIGHT="66" WIDTH="272" VPOS="385" HPOS="1070"/>
<SP HEIGHT="33" WIDTH="34" VPOS="403" HPOS="1343"/>
<String CONTENT="statement" HEIGHT="47" WIDTH="303" VPOS="389" HPOS="1378"/>
<SP HEIGHT="47" WIDTH="34" VPOS="389" HPOS="1682"/>
<String CONTENT="of" HEIGHT="53" WIDTH="61" VPOS="383" HPOS="1717"/>
<SP HEIGHT="51" WIDTH="32" VPOS="383" HPOS="1779"/>
<String CONTENT="the" HEIGHT="51" WIDTH="94" VPOS="384" HPOS="1812"/>
<SP HEIGHT="51" WIDTH="35" VPOS="384" HPOS="1907"/>
<String CONTENT="law" HEIGHT="50" WIDTH="108" VPOS="384" HPOS="1943"/>
<SP HEIGHT="32" WIDTH="36" VPOS="402" HPOS="2052"/>
<String CONTENT="and" HEIGHT="51" WIDTH="108" VPOS="384" HPOS="2089"/>
</TextLine>
<TextLine HEIGHT="68" WIDTH="1920" VPOS="461" HPOS="280" STYLEREFS="StyleId-42557DC9-FD77-4E64-92E5-74F551838677-">
<String CONTENT="practice" HEIGHT="67" WIDTH="248" VPOS="461" HPOS="280"/>
<SP HEIGHT="33" WIDTH="39" VPOS="480" HPOS="529"/>
<String CONTENT="of" HEIGHT="51" WIDTH="62" VPOS="462" HPOS="569"/>
<SP HEIGHT="51" WIDTH="40" VPOS="462" HPOS="632"/>
<String CONTENT="the" HEIGHT="52" WIDTH="94" VPOS="464" HPOS="673"/>
<SP HEIGHT="33" WIDTH="40" VPOS="483" HPOS="768"/>
<String CONTENT="state" HEIGHT="48" WIDTH="143" VPOS="467" HPOS="809"/>
<SP HEIGHT="33" WIDTH="40" VPOS="481" HPOS="953"/>
<String CONTENT="of" HEIGHT="51" WIDTH="62" VPOS="463" HPOS="994"/>
<SP HEIGHT="50" WIDTH="40" VPOS="463" HPOS="1057"/>
<String CONTENT="Texas," HEIGHT="53" WIDTH="198" VPOS="464" HPOS="1098"/>
<SP HEIGHT="55" WIDTH="38" VPOS="462" HPOS="1297"/>
<String CONTENT="by" HEIGHT="67" WIDTH="74" VPOS="462" HPOS="1336"/>
<SP HEIGHT="64" WIDTH="38" VPOS="465" HPOS="1411"/>
<String CONTENT="William" HEIGHT="55" WIDTH="260" VPOS="461" HPOS="1450"/>
<SP HEIGHT="49" WIDTH="41" VPOS="463" HPOS="1711"/>
<String CONTENT="M." HEIGHT="49" WIDTH="78" VPOS="463" HPOS="1753"/>
<SP HEIGHT="50" WIDTH="40" VPOS="463" HPOS="1832"/>
<String CONTENT="McKinney" HEIGHT="67" WIDTH="327" VPOS="461" HPOS="1873"/>
</TextLine>
<TextLine HEIGHT="70" WIDTH="1919" VPOS="538" HPOS="281" STYLEREFS="StyleId-42557DC9-FD77-4E64-92E5-74F551838677-">
<String CONTENT="and" HEIGHT="51" WIDTH="111" VPOS="541" HPOS="281"/>
<SP HEIGHT="51" WIDTH="44" VPOS="541" HPOS="393"/>
<String CONTENT="other" HEIGHT="51" WIDTH="159" VPOS="541" HPOS="438"/>
<SP HEIGHT="49" WIDTH="41" VPOS="543" HPOS="598"/>
<String CONTENT="lawyers," HEIGHT="65" WIDTH="254" VPOS="543" HPOS="640"/>
<SP HEIGHT="51" WIDTH="79" VPOS="542" HPOS="895"/>
<String CONTENT="Volume" HEIGHT="52" WIDTH="239" VPOS="541" HPOS="975"/>
<SP HEIGHT="34" WIDTH="44" VPOS="558" HPOS="1215"/>
<String CONTENT="xxx." HEIGHT="33" WIDTH="142" VPOS="558" HPOS="1260"/>
<SP HEIGHT="50" WIDTH="44" VPOS="541" HPOS="1403"/>
<String CONTENT="Municipal" HEIGHT="68" WIDTH="321" VPOS="538" HPOS="1448"/>
<SP HEIGHT="51" WIDTH="41" VPOS="541" HPOS="1770"/>
<String CONTENT="corporations" HEIGHT="67" WIDTH="388" VPOS="539" HPOS="1812"/>
</TextLine>
<TextLine HEIGHT="147" WIDTH="1898" VPOS="617" HPOS="279" STYLEREFS="StyleId-42557DC9-FD77-4E64-92E5-74F551838677-" CS="1">
<String CONTENT="to" HEIGHT="48" WIDTH="57" VPOS="623" HPOS="280"/>
<SP HEIGHT="51" WIDTH="34" VPOS="620" HPOS="338"/>
<String CONTENT="Newspapers" HEIGHT="66" WIDTH="375" VPOS="620" HPOS="373"/>
<SP HEIGHT="32" WIDTH="41" VPOS="639" HPOS="749"/>
<String CS="1" CONTENT="&#8230;"/>
<SP HEIGHT="54" WIDTH="78" VPOS="619" HPOS="846"/>
<String CONTENT="San" HEIGHT="54" WIDTH="115" VPOS="619" HPOS="925"/>
<SP HEIGHT="50" WIDTH="37" VPOS="621" HPOS="1041"/>
<String CONTENT="Francisco," HEIGHT="56" WIDTH="319" VPOS="619" HPOS="1079"/>
<SP HEIGHT="54" WIDTH="37" VPOS="621" HPOS="1399"/>
<String LANG="de" CONTENT="Bauer" HEIGHT="49" WIDTH="188" VPOS="621" HPOS="1437"/>
<SP HEIGHT="33" WIDTH="4" VPOS="635" HPOS="1626"/>
<String CONTENT="oft-Whitney" HEIGHT="67" WIDTH="388" VPOS="617" HPOS="1631"/>
<SP HEIGHT="50" WIDTH="35" VPOS="634" HPOS="2020"/>
<String CONTENT="company," HEIGHT="130" WIDTH="1898" VPOS="634" HPOS="279"/>
<SP HEIGHT="53" WIDTH="27" VPOS="700" HPOS="450"/>
<String CONTENT="1934." HEIGHT="49" WIDTH="149" VPOS="700" HPOS="478"/>
</TextLine>
<TextLine HEIGHT="48" WIDTH="431" VPOS="783" HPOS="284" STYLEREFS="StyleId-42557DC9-FD77-4E64-92E5-74F551838677-">
<String CONTENT="vii," HEIGHT="46" WIDTH="79" VPOS="784" HPOS="284"/>
<SP HEIGHT="47" WIDTH="27" VPOS="783" HPOS="364"/>
<String CONTENT="944" HEIGHT="40" WIDTH="84" VPOS="783" HPOS="392"/>
<SP HEIGHT="46" WIDTH="25" VPOS="785" HPOS="477"/>
<String CONTENT="p." HEIGHT="36" WIDTH="41" VPOS="795" HPOS="503"/>
<SP HEIGHT="39" WIDTH="54" VPOS="784" HPOS="545"/>
<String CONTENT="25" HEIGHT="38" WIDTH="55" VPOS="784" HPOS="600"/>
<String STYLE="superscript" CONTENT="cm" HEIGHT="20" WIDTH="42" VPOS="786" HPOS="659"/>
<String CONTENT="." HEIGHT="7" WIDTH="7" VPOS="816" HPOS="708"/>
</TextLine>
<TextLine HEIGHT="53" WIDTH="1983" VPOS="849" HPOS="217">
<String CONTENT="&#169;" HEIGHT="51" WIDTH="51" VPOS="851" HPOS="217"/>
<SP HEIGHT="51" WIDTH="27" VPOS="851" HPOS="269"/>
<String CONTENT="May" HEIGHT="45" WIDTH="114" VPOS="857" HPOS="297"/>
<SP HEIGHT="47" WIDTH="21" VPOS="855" HPOS="412"/>
<String CONTENT="4," HEIGHT="45" WIDTH="40" VPOS="855" HPOS="434"/>
<SP HEIGHT="44" WIDTH="27" VPOS="856" HPOS="475"/>
<String CONTENT="1934;" HEIGHT="41" WIDTH="139" VPOS="854" HPOS="503"/>
<SP HEIGHT="41" WIDTH="28" VPOS="854" HPOS="643"/>
<String CONTENT="2c." HEIGHT="41" WIDTH="65" VPOS="854" HPOS="672"/>
<SP HEIGHT="39" WIDTH="29" VPOS="856" HPOS="738"/>
<String CONTENT="May" HEIGHT="45" WIDTH="112" VPOS="856" HPOS="768"/>
<SP HEIGHT="46" WIDTH="25" VPOS="855" HPOS="881"/>
<String CONTENT="10;" HEIGHT="44" WIDTH="81" VPOS="852" HPOS="907"/>
<SP HEIGHT="32" WIDTH="29" VPOS="864" HPOS="989"/>
<String CONTENT="aff." HEIGHT="40" WIDTH="82" VPOS="852" HPOS="1019"/>
<SP HEIGHT="38" WIDTH="26" VPOS="854" HPOS="1102"/>
<String CONTENT="May" HEIGHT="46" WIDTH="115" VPOS="854" HPOS="1129"/>
<SP HEIGHT="47" WIDTH="23" VPOS="853" HPOS="1245"/>
<String CONTENT="9;" HEIGHT="42" WIDTH="52" VPOS="853" HPOS="1269"/>
<SP HEIGHT="42" WIDTH="29" VPOS="853" HPOS="1322"/>
<!-- cceid BE50116E-6C64-1014-8713-889FF4349C01 --><String CONTENT="A" HEIGHT="38" WIDTH="40" VPOS="853" HPOS="1352"/>
<SP HEIGHT="38" WIDTH="26" VPOS="853" HPOS="1393"/>
<String CONTENT="71569:" HEIGHT="40" WIDTH="168" VPOS="851" HPOS="1420"/>
<SP HEIGHT="37" WIDTH="31" VPOS="853" HPOS="1589"/>
<String CONTENT="Bancroft-Whitney" HEIGHT="50" WIDTH="484" VPOS="849" HPOS="1621"/>
<SP HEIGHT="37" WIDTH="28" VPOS="862" HPOS="2106"/>
<String CONTENT="co." HEIGHT="30" WIDTH="65" VPOS="862" HPOS="2135"/>
</TextLine>
<TextLine HEIGHT="65" WIDTH="896" VPOS="972" HPOS="210" STYLEREFS="StyleId-15EC1A9A-B805-4BFC-AEE4-CE7FFCA7BD32-">
<String CONTENT="Thompson," HEIGHT="63" WIDTH="352" VPOS="974" HPOS="210"/>
<SP HEIGHT="60" WIDTH="29" VPOS="974" HPOS="563"/>
<String CONTENT="Pauline" HEIGHT="51" WIDTH="239" VPOS="974" HPOS="593"/>
<SP HEIGHT="52" WIDTH="29" VPOS="973" HPOS="833"/>
<String CONTENT="Evelyn." HEIGHT="63" WIDTH="243" VPOS="972" HPOS="863"/>
</TextLine>
<TextLine HEIGHT="71" WIDTH="1857" VPOS="1046" HPOS="345" STYLEREFS="StyleId-42557DC9-FD77-4E64-92E5-74F551838677-" CS="1">
<String CS="1" CONTENT="&#8230;"/>
<SP HEIGHT="52" WIDTH="46" VPOS="1050" HPOS="345"/>
<String CONTENT="Help" HEIGHT="67" WIDTH="154" VPOS="1050" HPOS="392"/>
<SP HEIGHT="67" WIDTH="41" VPOS="1050" HPOS="547"/>
<String CONTENT="for" HEIGHT="52" WIDTH="94" VPOS="1050" HPOS="589"/>
<SP HEIGHT="48" WIDTH="39" VPOS="1053" HPOS="684"/>
<String CONTENT="the" HEIGHT="53" WIDTH="95" VPOS="1048" HPOS="724"/>
<SP HEIGHT="68" WIDTH="39" VPOS="1049" HPOS="820"/>
<String CONTENT="jobless;" HEIGHT="69" WIDTH="233" VPOS="1048" HPOS="860"/>
<SP HEIGHT="66" WIDTH="45" VPOS="1049" HPOS="1094"/>
<String CONTENT="direct" HEIGHT="51" WIDTH="178" VPOS="1049" HPOS="1140"/>
<SP HEIGHT="47" WIDTH="40" VPOS="1053" HPOS="1319"/>
<String CONTENT="aid" HEIGHT="51" WIDTH="93" VPOS="1048" HPOS="1360"/>
<SP HEIGHT="51" WIDTH="44" VPOS="1048" HPOS="1454"/>
<String CONTENT="and" HEIGHT="53" WIDTH="111" VPOS="1046" HPOS="1499"/>
<SP HEIGHT="68" WIDTH="41" VPOS="1046" HPOS="1611"/>
<String CONTENT="public" HEIGHT="67" WIDTH="192" VPOS="1047" HPOS="1653"/>
<SP HEIGHT="33" WIDTH="41" VPOS="1065" HPOS="1846"/>
<String CONTENT="works," HEIGHT="68" WIDTH="201" VPOS="1046" HPOS="1888"/>
<SP HEIGHT="64" WIDTH="43" VPOS="1050" HPOS="2090"/>
<String CONTENT="by" HEIGHT="64" WIDTH="68" VPOS="1050" HPOS="2134"/>
</TextLine>
<TextLine HEIGHT="133" WIDTH="1967" VPOS="1125" HPOS="213" STYLEREFS="StyleId-42557DC9-FD77-4E64-92E5-74F551838677-" CS="1">
<String CONTENT="Pauline" HEIGHT="52" WIDTH="243" VPOS="1128" HPOS="213"/>
<SP HEIGHT="51" WIDTH="42" VPOS="1129" HPOS="457"/>
<String CONTENT="E." HEIGHT="51" WIDTH="70" VPOS="1129" HPOS="500"/>
<SP HEIGHT="51" WIDTH="42" VPOS="1129" HPOS="571"/>
<String CONTENT="Thompson" HEIGHT="67" WIDTH="329" VPOS="1128" HPOS="614"/>
<SP HEIGHT="34" WIDTH="44" VPOS="1145" HPOS="944"/>
<String CONTENT="and" HEIGHT="52" WIDTH="110" VPOS="1127" HPOS="989"/>
<SP HEIGHT="51" WIDTH="42" VPOS="1127" HPOS="1100"/>
<String CONTENT="Leon" HEIGHT="51" WIDTH="153" VPOS="1127" HPOS="1143"/>
<SP HEIGHT="55" WIDTH="45" VPOS="1125" HPOS="1297"/>
<String CONTENT="C." HEIGHT="55" WIDTH="64" VPOS="1125" HPOS="1343"/>
<SP HEIGHT="51" WIDTH="42" VPOS="1125" HPOS="1408"/>
<String CONTENT="Marshall," HEIGHT="67" WIDTH="298" VPOS="1125" HPOS="1451"/>
<SP HEIGHT="48" WIDTH="45" VPOS="1144" HPOS="1750"/>
<String CONTENT="with" HEIGHT="51" WIDTH="140" VPOS="1125" HPOS="1796"/>
<SP HEIGHT="52" WIDTH="43" VPOS="1125" HPOS="1937"/>
<String CONTENT="the" HEIGHT="51" WIDTH="95" VPOS="1126" HPOS="1981"/>
<SP HEIGHT="34" WIDTH="44" VPOS="1143" HPOS="2077"/>
<String CONTENT="assistance" HEIGHT="114" WIDTH="1964" VPOS="1144" HPOS="216"/>
</TextLine>
<TextLine HEIGHT="68" WIDTH="1725" VPOS="1203" HPOS="479" STYLEREFS="StyleId-42557DC9-FD77-4E64-92E5-74F551838677-">
<String CONTENT="of" HEIGHT="53" WIDTH="62" VPOS="1206" HPOS="479"/>
<SP HEIGHT="51" WIDTH="22" VPOS="1206" HPOS="542"/>
<String CONTENT="Herbert" HEIGHT="52" WIDTH="250" VPOS="1206" HPOS="565"/>
<SP HEIGHT="51" WIDTH="21" VPOS="1207" HPOS="816"/>
<String CONTENT="B." HEIGHT="50" WIDTH="67" VPOS="1207" HPOS="838"/>
<SP HEIGHT="51" WIDTH="24" VPOS="1206" HPOS="906"/>
<String CONTENT="Bruner," HEIGHT="65" WIDTH="242" VPOS="1206" HPOS="931"/>
<SP HEIGHT="66" WIDTH="21" VPOS="1205" HPOS="1174"/>
<String CONTENT="Edmund" HEIGHT="52" WIDTH="272" VPOS="1204" HPOS="1196"/>
<SP HEIGHT="51" WIDTH="24" VPOS="1204" HPOS="1469"/>
<String LANG="de" CONTENT="de" HEIGHT="51" WIDTH="68" VPOS="1204" HPOS="1494"/>
<SP HEIGHT="55" WIDTH="24" VPOS="1203" HPOS="1563"/>
<String CONTENT="S." HEIGHT="55" WIDTH="56" VPOS="1203" HPOS="1588"/>
<SP HEIGHT="52" WIDTH="24" VPOS="1204" HPOS="1645"/>
<String CONTENT="Brunner," HEIGHT="65" WIDTH="282" VPOS="1204" HPOS="1670"/>
<SP HEIGHT="66" WIDTH="25" VPOS="1203" HPOS="1953"/>
<String CONTENT="Samuel" HEIGHT="55" WIDTH="225" VPOS="1203" HPOS="1979"/>
</TextLine>
<TextLine HEIGHT="70" WIDTH="1987" VPOS="1281" HPOS="214" STYLEREFS="StyleId-42557DC9-FD77-4E64-92E5-74F551838677-">
<String CONTENT="Everett" HEIGHT="51" WIDTH="235" VPOS="1285" HPOS="214"/>
<SP HEIGHT="62" WIDTH="37" VPOS="1288" HPOS="450"/>
<String CONTENT="[and]" HEIGHT="68" WIDTH="148" VPOS="1283" HPOS="488"/>
<SP HEIGHT="67" WIDTH="35" VPOS="1284" HPOS="637"/>
<String CONTENT="James" HEIGHT="53" WIDTH="192" VPOS="1284" HPOS="673"/>
<SP HEIGHT="51" WIDTH="30" VPOS="1284" HPOS="866"/>
<String CONTENT="E." HEIGHT="50" WIDTH="68" VPOS="1284" HPOS="897"/>
<SP HEIGHT="52" WIDTH="30" VPOS="1282" HPOS="966"/>
<String CONTENT="Mendenhall." HEIGHT="53" WIDTH="384" VPOS="1281" HPOS="997"/>
<SP HEIGHT="52" WIDTH="65" VPOS="1282" HPOS="1382"/>
<String CONTENT="New" HEIGHT="52" WIDTH="139" VPOS="1282" HPOS="1448"/>
<SP HEIGHT="52" WIDTH="31" VPOS="1282" HPOS="1588"/>
<String CONTENT="York" HEIGHT="52" WIDTH="161" VPOS="1282" HPOS="1620"/>
<SP HEIGHT="52" WIDTH="31" VPOS="1282" HPOS="1782"/>
<String CONTENT="city," HEIGHT="68" WIDTH="132" VPOS="1282" HPOS="1814"/>
<SP HEIGHT="65" WIDTH="30" VPOS="1284" HPOS="1947"/>
<String CONTENT="Bureau" HEIGHT="51" WIDTH="223" VPOS="1284" HPOS="1978"/>
</TextLine>
<TextLine HEIGHT="70" WIDTH="1985" VPOS="1360" HPOS="214" STYLEREFS="StyleId-42557DC9-FD77-4E64-92E5-74F551838677-" CS="1">
<String CONTENT="of" HEIGHT="52" WIDTH="63" VPOS="1362" HPOS="214"/>
<SP HEIGHT="68" WIDTH="32" VPOS="1362" HPOS="278"/>
<String CONTENT="publications," HEIGHT="68" WIDTH="399" VPOS="1362" HPOS="311"/>
<SP HEIGHT="65" WIDTH="32" VPOS="1363" HPOS="711"/>
<String CONTENT="Teachers" HEIGHT="52" WIDTH="276" VPOS="1361" HPOS="744"/>
<SP HEIGHT="33" WIDTH="34" VPOS="1379" HPOS="1021"/>
<String CONTENT="college," HEIGHT="69" WIDTH="225" VPOS="1360" HPOS="1056"/>
<SP HEIGHT="67" WIDTH="35" VPOS="1360" HPOS="1282"/>
<String CONTENT="Columbia" HEIGHT="54" WIDTH="301" VPOS="1360" HPOS="1318"/>
<SP HEIGHT="34" WIDTH="31" VPOS="1378" HPOS="1620"/>
<String CONTENT="university" HEIGHT="69" WIDTH="317" VPOS="1360" HPOS="1652"/>
<SP HEIGHT="49" WIDTH="38" VPOS="1380" HPOS="1970"/>
<String CS="1" CONTENT="["/>
<String STYLE="superscript" CONTENT="c" HEIGHT="21" WIDTH="17" VPOS="1367" HPOS="2027"/>
<String CONTENT="1934]" HEIGHT="62" WIDTH="150" VPOS="1364" HPOS="2049"/>
</TextLine>
<TextLine HEIGHT="51" WIDTH="1533" VPOS="1446" HPOS="287" STYLEREFS="StyleId-42557DC9-FD77-4E64-92E5-74F551838677-" CS="1">
<String CONTENT="1" HEIGHT="37" WIDTH="23" VPOS="1450" HPOS="287"/>
<SP HEIGHT="47" WIDTH="24" VPOS="1450" HPOS="311"/>
<String CONTENT="p." HEIGHT="37" WIDTH="43" VPOS="1460" HPOS="336"/>
<SP HEIGHT="38" WIDTH="26" VPOS="1450" HPOS="380"/>
<String CS="1" CONTENT="l.,"/>
<SP HEIGHT="47" WIDTH="26" VPOS="1447" HPOS="450"/>
<String CONTENT="25" HEIGHT="41" WIDTH="54" VPOS="1447" HPOS="477"/>
<SP HEIGHT="45" WIDTH="23" VPOS="1450" HPOS="532"/>
<String CONTENT="p." HEIGHT="37" WIDTH="43" VPOS="1458" HPOS="556"/>
<SP HEIGHT="39" WIDTH="59" VPOS="1448" HPOS="600"/>
<String CONTENT="diagrs." HEIGHT="49" WIDTH="178" VPOS="1446" HPOS="660"/>
<SP HEIGHT="40" WIDTH="58" VPOS="1446" HPOS="839"/>
<String CONTENT="23" HEIGHT="40" WIDTH="54" VPOS="1446" HPOS="898"/>
<String STYLE="superscript" CONTENT="cm" HEIGHT="20" WIDTH="41" VPOS="1450" HPOS="958"/>
<String CONTENT="." HEIGHT="6" WIDTH="6" VPOS="1480" HPOS="1006"/>
<SP HEIGHT="46" WIDTH="71" VPOS="1448" HPOS="1013"/>
<String CONTENT="(The" HEIGHT="46" WIDTH="122" VPOS="1448" HPOS="1085"/>
<SP HEIGHT="29" WIDTH="23" VPOS="1459" HPOS="1208"/>
<String CONTENT="national" HEIGHT="40" WIDTH="222" VPOS="1448" HPOS="1232"/>
<SP HEIGHT="38" WIDTH="23" VPOS="1450" HPOS="1455"/>
<String CONTENT="crisis" HEIGHT="40" WIDTH="141" VPOS="1448" HPOS="1479"/>
<SP HEIGHT="28" WIDTH="26" VPOS="1459" HPOS="1621"/>
<String CONTENT="series)" HEIGHT="47" WIDTH="172" VPOS="1448" HPOS="1648"/>
</TextLine>
<TextLine HEIGHT="51" WIDTH="1983" VPOS="1518" HPOS="218" CS="1">
<String CONTENT="&#169;" HEIGHT="51" WIDTH="51" VPOS="1518" HPOS="218"/>
<SP HEIGHT="51" WIDTH="34" VPOS="1518" HPOS="270"/>
<String CONTENT="Jan." HEIGHT="40" WIDTH="107" VPOS="1522" HPOS="305"/>
<SP HEIGHT="39" WIDTH="35" VPOS="1523" HPOS="413"/>
<String CONTENT="10." HEIGHT="40" WIDTH="68" VPOS="1521" HPOS="449"/>
<SP HEIGHT="38" WIDTH="34" VPOS="1523" HPOS="518"/>
<String CS="1" CONTENT="1934;" HEIGHT="40" WIDTH="113" VPOS="1521" HPOS="553"/>
<SP HEIGHT="41" WIDTH="35" VPOS="1522" HPOS="693"/>
<String CONTENT="2c." HEIGHT="38" WIDTH="65" VPOS="1522" HPOS="729"/>
<SP HEIGHT="38" WIDTH="37" VPOS="1521" HPOS="795"/>
<String CONTENT="Feb." HEIGHT="39" WIDTH="109" VPOS="1521" HPOS="833"/>
<SP HEIGHT="38" WIDTH="34" VPOS="1522" HPOS="943"/>
<String CONTENT="1:" HEIGHT="38" WIDTH="51" VPOS="1522" HPOS="978"/>
<SP HEIGHT="29" WIDTH="37" VPOS="1531" HPOS="1030"/>
<String CONTENT="aff." HEIGHT="41" WIDTH="79" VPOS="1519" HPOS="1068"/>
<SP HEIGHT="38" WIDTH="35" VPOS="1520" HPOS="1148"/>
<String CONTENT="Feb." HEIGHT="39" WIDTH="111" VPOS="1520" HPOS="1184"/>
<SP HEIGHT="39" WIDTH="33" VPOS="1520" HPOS="1296"/>
<String CONTENT="27;" HEIGHT="41" WIDTH="81" VPOS="1520" HPOS="1330"/>
<SP HEIGHT="41" WIDTH="38" VPOS="1520" HPOS="1412"/>
<!-- cceid BE509040-6C64-1014-8713-889FF4349C01 --><String CONTENT="A" HEIGHT="39" WIDTH="39" VPOS="1520" HPOS="1451"/>
<SP HEIGHT="39" WIDTH="35" VPOS="1520" HPOS="1491"/>
<String CONTENT="70401;" HEIGHT="45" WIDTH="168" VPOS="1520" HPOS="1527"/>
<SP HEIGHT="44" WIDTH="38" VPOS="1521" HPOS="1696"/>
<String CONTENT="Teachers" HEIGHT="40" WIDTH="238" VPOS="1521" HPOS="1735"/>
<SP HEIGHT="29" WIDTH="35" VPOS="1532" HPOS="1974"/>
<String CONTENT="college," HEIGHT="47" WIDTH="191" VPOS="1521" HPOS="2010"/>
</TextLine>
<TextLine HEIGHT="47" WIDTH="724" VPOS="1577" HPOS="290" CS="1">
<String CONTENT="Columbia" HEIGHT="42" WIDTH="249" VPOS="1577" HPOS="290"/>
<SP HEIGHT="28" WIDTH="25" VPOS="1589" HPOS="540"/>
<String CONTENT="univ." HEIGHT="40" WIDTH="126" VPOS="1577" HPOS="566"/>
<SP/>
<String CONTENT="(34-9224)" HEIGHT="47" WIDTH="249" VPOS="1577" HPOS="765"/>
</TextLine>
<TextLine HEIGHT="68" WIDTH="1859" VPOS="1679" HPOS="347" STYLEREFS="StyleId-42557DC9-FD77-4E64-92E5-74F551838677-" CS="1">
<String CS="1" CONTENT="&#8230;"/>
<SP HEIGHT="53" WIDTH="30" VPOS="1681" HPOS="347"/>
<String CONTENT="Uncle" HEIGHT="53" WIDTH="180" VPOS="1681" HPOS="378"/>
<SP HEIGHT="56" WIDTH="26" VPOS="1679" HPOS="559"/>
<String CONTENT="Sam" HEIGHT="56" WIDTH="135" VPOS="1679" HPOS="586"/>
<SP HEIGHT="33" WIDTH="28" VPOS="1699" HPOS="722"/>
<String CONTENT="and" HEIGHT="52" WIDTH="111" VPOS="1680" HPOS="751"/>
<SP HEIGHT="51" WIDTH="25" VPOS="1680" HPOS="863"/>
<String CONTENT="unemployment," HEIGHT="67" WIDTH="478" VPOS="1680" HPOS="889"/>
<SP HEIGHT="66" WIDTH="26" VPOS="1680" HPOS="1368"/>
<String CONTENT="by" HEIGHT="66" WIDTH="74" VPOS="1680" HPOS="1395"/>
<SP HEIGHT="66" WIDTH="25" VPOS="1680" HPOS="1470"/>
<String CONTENT="Pauline" HEIGHT="52" WIDTH="242" VPOS="1679" HPOS="1496"/>
<SP HEIGHT="51" WIDTH="24" VPOS="1680" HPOS="1739"/>
<String CONTENT="E." HEIGHT="51" WIDTH="68" VPOS="1680" HPOS="1764"/>
<SP HEIGHT="51" WIDTH="26" VPOS="1680" HPOS="1833"/>
<String CONTENT="Thompson," HEIGHT="67" WIDTH="346" VPOS="1680" HPOS="1860"/>
</TextLine>
<TextLine HEIGHT="67" WIDTH="1989" VPOS="1757" HPOS="217" STYLEREFS="StyleId-42557DC9-FD77-4E64-92E5-74F551838677-">
<String CONTENT="with" HEIGHT="51" WIDTH="138" VPOS="1759" HPOS="217"/>
<SP HEIGHT="50" WIDTH="26" VPOS="1760" HPOS="356"/>
<String CONTENT="the" HEIGHT="51" WIDTH="96" VPOS="1759" HPOS="383"/>
<SP HEIGHT="33" WIDTH="24" VPOS="1777" HPOS="480"/>
<String CONTENT="assistance" HEIGHT="51" WIDTH="303" VPOS="1759" HPOS="505"/>
<SP HEIGHT="34" WIDTH="27" VPOS="1776" HPOS="809"/>
<String CONTENT="of" HEIGHT="53" WIDTH="62" VPOS="1757" HPOS="837"/>
<SP HEIGHT="52" WIDTH="24" VPOS="1757" HPOS="900"/>
<String CONTENT="L." HEIGHT="51" WIDTH="64" VPOS="1758" HPOS="925"/>
<SP HEIGHT="55" WIDTH="29" VPOS="1757" HPOS="990"/>
<String CONTENT="C." HEIGHT="55" WIDTH="62" VPOS="1757" HPOS="1020"/>
<SP HEIGHT="53" WIDTH="27" VPOS="1757" HPOS="1083"/>
<String CONTENT="Marshall," HEIGHT="67" WIDTH="297" VPOS="1757" HPOS="1111"/>
<SP HEIGHT="66" WIDTH="26" VPOS="1758" HPOS="1409"/>
<String CONTENT="Edmund" HEIGHT="51" WIDTH="272" VPOS="1758" HPOS="1436"/>
<SP HEIGHT="52" WIDTH="30" VPOS="1758" HPOS="1709"/>
<String LANG="de" CONTENT="de" HEIGHT="51" WIDTH="68" VPOS="1759" HPOS="1740"/>
<SP HEIGHT="54" WIDTH="27" VPOS="1758" HPOS="1809"/>
<String CONTENT="S." HEIGHT="54" WIDTH="57" VPOS="1758" HPOS="1837"/>
<SP HEIGHT="51" WIDTH="28" VPOS="1759" HPOS="1895"/>
<String CONTENT="Brunner," HEIGHT="64" WIDTH="282" VPOS="1759" HPOS="1924"/>
</TextLine>
<TextLine HEIGHT="131" WIDTH="1968" VPOS="1835" HPOS="213" STYLEREFS="StyleId-42557DC9-FD77-4E64-92E5-74F551838677-" CS="1">
<String CONTENT="Herbert" HEIGHT="51" WIDTH="249" VPOS="1837" HPOS="213"/>
<SP HEIGHT="51" WIDTH="26" VPOS="1837" HPOS="463"/>
<String CONTENT="B." HEIGHT="51" WIDTH="68" VPOS="1837" HPOS="490"/>
<SP HEIGHT="52" WIDTH="27" VPOS="1836" HPOS="559"/>
<String CONTENT="Bruner," HEIGHT="67" WIDTH="242" VPOS="1836" HPOS="587"/>
<SP HEIGHT="67" WIDTH="27" VPOS="1836" HPOS="830"/>
<String CONTENT="James" HEIGHT="53" WIDTH="193" VPOS="1836" HPOS="858"/>
<SP HEIGHT="51" WIDTH="28" VPOS="1837" HPOS="1052"/>
<String CONTENT="E." HEIGHT="50" WIDTH="68" VPOS="1837" HPOS="1081"/>
<SP HEIGHT="51" WIDTH="26" VPOS="1836" HPOS="1150"/>
<String CONTENT="Mendenhall" HEIGHT="53" WIDTH="370" VPOS="1835" HPOS="1177"/>
<SP HEIGHT="67" WIDTH="34" VPOS="1835" HPOS="1548"/>
<String CS="1" CONTENT="[and]" HEIGHT="65" WIDTH="130" VPOS="1837" HPOS="1602"/>
<SP HEIGHT="66" WIDTH="35" VPOS="1836" HPOS="1733"/>
<String CONTENT="Samuel" HEIGHT="55" WIDTH="229" VPOS="1836" HPOS="1769"/>
<SP HEIGHT="52" WIDTH="28" VPOS="1837" HPOS="1999"/>
<String CONTENT="Everett." HEIGHT="129" WIDTH="1966" VPOS="1837" HPOS="215"/>
</TextLine>
<TextLine HEIGHT="72" WIDTH="1831" VPOS="1913" HPOS="375" STYLEREFS="StyleId-42557DC9-FD77-4E64-92E5-74F551838677-">
<String CONTENT="New" HEIGHT="52" WIDTH="138" VPOS="1914" HPOS="375"/>
<SP HEIGHT="52" WIDTH="28" VPOS="1914" HPOS="514"/>
<String CONTENT="York" HEIGHT="52" WIDTH="161" VPOS="1914" HPOS="543"/>
<SP HEIGHT="52" WIDTH="27" VPOS="1914" HPOS="705"/>
<String CONTENT="city," HEIGHT="68" WIDTH="132" VPOS="1913" HPOS="733"/>
<SP HEIGHT="66" WIDTH="27" VPOS="1915" HPOS="866"/>
<String CONTENT="Bureau" HEIGHT="50" WIDTH="228" VPOS="1915" HPOS="894"/>
<SP HEIGHT="35" WIDTH="28" VPOS="1932" HPOS="1123"/>
<String CONTENT="of" HEIGHT="53" WIDTH="62" VPOS="1914" HPOS="1152"/>
<SP HEIGHT="67" WIDTH="28" VPOS="1914" HPOS="1215"/>
<String CONTENT="publications," HEIGHT="67" WIDTH="398" VPOS="1914" HPOS="1244"/>
<SP HEIGHT="64" WIDTH="28" VPOS="1916" HPOS="1643"/>
<String CONTENT="Teachers" HEIGHT="52" WIDTH="277" VPOS="1916" HPOS="1672"/>
<SP HEIGHT="33" WIDTH="28" VPOS="1935" HPOS="1950"/>
<String CONTENT="college," HEIGHT="68" WIDTH="227" VPOS="1917" HPOS="1979"/>
</TextLine>
<TextLine HEIGHT="68" WIDTH="874" VPOS="1992" HPOS="214" STYLEREFS="StyleId-42557DC9-FD77-4E64-92E5-74F551838677-">
<String CONTENT="Columbia" HEIGHT="55" WIDTH="300" VPOS="1992" HPOS="214"/>
<SP HEIGHT="33" WIDTH="28" VPOS="2011" HPOS="515"/>
<String CONTENT="university" HEIGHT="68" WIDTH="316" VPOS="1992" HPOS="544"/>
<SP HEIGHT="49" WIDTH="35" VPOS="2011" HPOS="861"/>
<String CONTENT="[" HEIGHT="33" WIDTH="12" VPOS="2025" HPOS="897"/>
<String STYLE="superscript" CONTENT="c" HEIGHT="21" WIDTH="17" VPOS="1998" HPOS="914"/>
<String CONTENT="1934]" HEIGHT="63" WIDTH="151" VPOS="1995" HPOS="937"/>
</TextLine>
<TextLine HEIGHT="53" WIDTH="1800" VPOS="2077" HPOS="286" CS="1">
<String CONTENT="1" HEIGHT="37" WIDTH="23" VPOS="2078" HPOS="286"/>
<SP/>
<String CS="1" CONTENT="p."/>
<SP/>
<String CS="1" CONTENT="l.,"/>
<SP HEIGHT="48" WIDTH="24" VPOS="2077" HPOS="453"/>
<String CONTENT="28" HEIGHT="40" WIDTH="56" VPOS="2077" HPOS="478"/>
<SP HEIGHT="49" WIDTH="24" VPOS="2077" HPOS="535"/>
<String CONTENT="p." HEIGHT="37" WIDTH="42" VPOS="2089" HPOS="560"/>
<SP HEIGHT="37" WIDTH="61" VPOS="2080" HPOS="603"/>
<String CONTENT="1" HEIGHT="37" WIDTH="23" VPOS="2080" HPOS="665"/>
<SP HEIGHT="38" WIDTH="28" VPOS="2079" HPOS="689"/>
<String CONTENT="illus.," HEIGHT="43" WIDTH="141" VPOS="2078" HPOS="718"/>
<SP HEIGHT="41" WIDTH="27" VPOS="2080" HPOS="860"/>
<String CONTENT="diagrs." HEIGHT="47" WIDTH="178" VPOS="2080" HPOS="888"/>
<SP HEIGHT="38" WIDTH="60" VPOS="2078" HPOS="1067"/>
<String CS="1" CONTENT="22&#189;cm." HEIGHT="7" WIDTH="7" VPOS="2111" HPOS="1263"/>
<SP HEIGHT="47" WIDTH="71" VPOS="2080" HPOS="1271"/>
<String CONTENT="(The" HEIGHT="47" WIDTH="122" VPOS="2080" HPOS="1343"/>
<SP HEIGHT="29" WIDTH="25" VPOS="2092" HPOS="1466"/>
<String CONTENT="national" HEIGHT="40" WIDTH="223" VPOS="2081" HPOS="1492"/>
<SP HEIGHT="38" WIDTH="27" VPOS="2082" HPOS="1716"/>
<String CONTENT="crisis" HEIGHT="39" WIDTH="139" VPOS="2081" HPOS="1744"/>
<SP HEIGHT="29" WIDTH="29" VPOS="2092" HPOS="1884"/>
<String CONTENT="series)" HEIGHT="48" WIDTH="172" VPOS="2082" HPOS="1914"/>
</TextLine>
<TextLine HEIGHT="54" WIDTH="1984" VPOS="2147" HPOS="218" CS="1">
<String CONTENT="&#169;" HEIGHT="51" WIDTH="51" VPOS="2147" HPOS="218"/>
<SP HEIGHT="51" WIDTH="30" VPOS="2147" HPOS="270"/>
<String CONTENT="Feb." HEIGHT="38" WIDTH="108" VPOS="2152" HPOS="301"/>
<SP HEIGHT="38" WIDTH="30" VPOS="2151" HPOS="410"/>
<String CONTENT="15," HEIGHT="46" WIDTH="68" VPOS="2151" HPOS="441"/>
<SP HEIGHT="45" WIDTH="30" VPOS="2152" HPOS="510"/>
<String CS="1" CONTENT="1934;" HEIGHT="41" WIDTH="114" VPOS="2149" HPOS="541"/>
<SP HEIGHT="41" WIDTH="33" VPOS="2151" HPOS="681"/>
<String CONTENT="2c." HEIGHT="39" WIDTH="65" VPOS="2151" HPOS="715"/>
<SP HEIGHT="37" WIDTH="33" VPOS="2152" HPOS="781"/>
<String CONTENT="Mar." HEIGHT="38" WIDTH="118" VPOS="2152" HPOS="815"/>
<SP HEIGHT="39" WIDTH="30" VPOS="2152" HPOS="934"/>
<String CONTENT="31;" HEIGHT="42" WIDTH="82" VPOS="2152" HPOS="965"/>
<SP HEIGHT="33" WIDTH="33" VPOS="2161" HPOS="1048"/>
<String CONTENT="aff." HEIGHT="40" WIDTH="81" VPOS="2150" HPOS="1082"/>
<SP HEIGHT="37" WIDTH="30" VPOS="2153" HPOS="1164"/>
<String CONTENT="Mar." HEIGHT="38" WIDTH="120" VPOS="2153" HPOS="1195"/>
<SP HEIGHT="39" WIDTH="32" VPOS="2152" HPOS="1316"/>
<String CONTENT="27:" HEIGHT="40" WIDTH="81" VPOS="2152" HPOS="1349"/>
<SP HEIGHT="40" WIDTH="32" VPOS="2152" HPOS="1431"/>
<!-- cceid BE511472-6C64-1014-8713-889FF4349C01 --><String CONTENT="A" HEIGHT="38" WIDTH="40" VPOS="2152" HPOS="1464"/>
<SP HEIGHT="39" WIDTH="30" VPOS="2152" HPOS="1505"/>
<String CONTENT="71102:" HEIGHT="41" WIDTH="169" VPOS="2152" HPOS="1536"/>
<SP HEIGHT="40" WIDTH="33" VPOS="2153" HPOS="1706"/>
<String CONTENT="Teachers" HEIGHT="40" WIDTH="238" VPOS="2153" HPOS="1740"/>
<SP HEIGHT="30" WIDTH="32" VPOS="2163" HPOS="1979"/>
<String CONTENT="college," HEIGHT="49" WIDTH="190" VPOS="2152" HPOS="2012"/>
</TextLine>
<TextLine HEIGHT="47" WIDTH="726" VPOS="2207" HPOS="290" CS="1">
<String CONTENT="Columbia" HEIGHT="40" WIDTH="247" VPOS="2207" HPOS="290"/>
<SP HEIGHT="28" WIDTH="30" VPOS="2218" HPOS="538"/>
<String CONTENT="univ." HEIGHT="39" WIDTH="128" VPOS="2207" HPOS="569"/>
<SP/>
<String CONTENT="(34-9218)" HEIGHT="47" WIDTH="247" VPOS="2207" HPOS="769"/>
</TextLine>
<TextLine HEIGHT="65" WIDTH="840" VPOS="2309" HPOS="211" STYLEREFS="StyleId-15EC1A9A-B805-4BFC-AEE4-CE7FFCA7BD32-">
<String CONTENT="Thorndyke," HEIGHT="65" WIDTH="370" VPOS="2309" HPOS="211"/>
<SP HEIGHT="62" WIDTH="28" VPOS="2312" HPOS="582"/>
<String CONTENT="Helen" HEIGHT="53" WIDTH="182" VPOS="2310" HPOS="611"/>
<SP HEIGHT="51" WIDTH="27" VPOS="2311" HPOS="794"/>
<String CONTENT="Louise." HEIGHT="55" WIDTH="229" VPOS="2310" HPOS="822"/>
</TextLine>
<TextLine HEIGHT="148" WIDTH="1984" VPOS="2384" HPOS="218" STYLEREFS="StyleId-42557DC9-FD77-4E64-92E5-74F551838677-" CS="1">
<String CONTENT="Honey" HEIGHT="67" WIDTH="202" VPOS="2386" HPOS="286"/>
<SP HEIGHT="68" WIDTH="27" VPOS="2385" HPOS="489"/>
<String CONTENT="Bunch:" HEIGHT="52" WIDTH="228" VPOS="2385" HPOS="517"/>
<SP HEIGHT="50" WIDTH="28" VPOS="2386" HPOS="746"/>
<String CONTENT="her" HEIGHT="54" WIDTH="100" VPOS="2386" HPOS="775"/>
<SP HEIGHT="56" WIDTH="26" VPOS="2384" HPOS="876"/>
<String CONTENT="first" HEIGHT="55" WIDTH="122" VPOS="2384" HPOS="903"/>
<SP HEIGHT="52" WIDTH="29" VPOS="2387" HPOS="1026"/>
<String CONTENT="big" HEIGHT="66" WIDTH="95" VPOS="2387" HPOS="1056"/>
<SP HEIGHT="50" WIDTH="26" VPOS="2403" HPOS="1152"/>
<String CONTENT="parade," HEIGHT="68" WIDTH="228" VPOS="2386" HPOS="1179"/>
<SP HEIGHT="67" WIDTH="26" VPOS="2387" HPOS="1408"/>
<String CONTENT="by" HEIGHT="68" WIDTH="73" VPOS="2387" HPOS="1435"/>
<SP HEIGHT="68" WIDTH="28" VPOS="2387" HPOS="1509"/>
<String CONTENT="Helen" HEIGHT="53" WIDTH="185" VPOS="2387" HPOS="1538"/>
<SP HEIGHT="52" WIDTH="26" VPOS="2387" HPOS="1724"/>
<String CONTENT="Louise" HEIGHT="54" WIDTH="202" VPOS="2387" HPOS="1751"/>
<SP HEIGHT="54" WIDTH="29" VPOS="2387" HPOS="1954"/>
<String CS="1" CONTENT="Thorn-dyke" HEIGHT="144" WIDTH="1961" VPOS="2387" HPOS="218"/>
<SP HEIGHT="35" WIDTH="35" VPOS="2481" HPOS="364"/>
<String CS="1" CONTENT="&#8230;"/>
<SP HEIGHT="53" WIDTH="33" VPOS="2463" HPOS="455"/>
<String CONTENT="illustrated" HEIGHT="53" WIDTH="320" VPOS="2463" HPOS="489"/>
<SP HEIGHT="52" WIDTH="29" VPOS="2464" HPOS="810"/>
<String CONTENT="by" HEIGHT="67" WIDTH="72" VPOS="2464" HPOS="840"/>
<SP HEIGHT="67" WIDTH="29" VPOS="2464" HPOS="913"/>
<String CONTENT="Marie" HEIGHT="51" WIDTH="182" VPOS="2464" HPOS="943"/>
<SP HEIGHT="54" WIDTH="29" VPOS="2463" HPOS="1126"/>
<String CONTENT="Schubert." HEIGHT="56" WIDTH="291" VPOS="2463" HPOS="1156"/>
<SP HEIGHT="54" WIDTH="67" VPOS="2465" HPOS="1448"/>
<String CONTENT="New" HEIGHT="53" WIDTH="135" VPOS="2465" HPOS="1516"/>
<SP HEIGHT="50" WIDTH="34" VPOS="2465" HPOS="1652"/>
<String CONTENT="York," HEIGHT="67" WIDTH="176" VPOS="2465" HPOS="1687"/>
<SP HEIGHT="68" WIDTH="32" VPOS="2464" HPOS="1864"/>
<String CONTENT="Grosset" HEIGHT="55" WIDTH="230" VPOS="2464" HPOS="1897"/>
<SP HEIGHT="52" WIDTH="29" VPOS="2466" HPOS="2128"/>
<String CONTENT="&amp;" HEIGHT="50" WIDTH="44" VPOS="2466" HPOS="2158"/>
</TextLine>
<TextLine HEIGHT="68" WIDTH="459" VPOS="2541" HPOS="217" STYLEREFS="StyleId-42557DC9-FD77-4E64-92E5-74F551838677-">
<String CONTENT="Dunlap" HEIGHT="67" WIDTH="232" VPOS="2541" HPOS="217"/>
<SP HEIGHT="49" WIDTH="34" VPOS="2560" HPOS="450"/>
<String STYLE="subscript" CONTENT="[" HEIGHT="34" WIDTH="13" VPOS="2575" HPOS="485"/>
<String STYLE="superscript" CONTENT="c" HEIGHT="21" WIDTH="17" VPOS="2548" HPOS="503"/>
<String CONTENT="1934" HEIGHT="49" WIDTH="133" VPOS="2543" HPOS="526"/>
<String STYLE="subscript" CONTENT="]" HEIGHT="34" WIDTH="13" VPOS="2574" HPOS="663"/>
</TextLine>
<TextLine HEIGHT="53" WIDTH="1722" VPOS="2612" HPOS="285" CS="1">
<String CONTENT="2" HEIGHT="38" WIDTH="25" VPOS="2612" HPOS="285"/>
<SP/>
<String CONTENT="p." HEIGHT="36" WIDTH="42" VPOS="2623" HPOS="338"/>
<SP HEIGHT="38" WIDTH="25" VPOS="2614" HPOS="381"/>
<String CS="1" CONTENT="l.,"/>
<SP HEIGHT="46" WIDTH="26" VPOS="2614" HPOS="452"/>
<String CONTENT="181" HEIGHT="40" WIDTH="82" VPOS="2612" HPOS="479"/>
<SP HEIGHT="46" WIDTH="26" VPOS="2613" HPOS="562"/>
<String CONTENT="p." HEIGHT="37" WIDTH="41" VPOS="2622" HPOS="589"/>
<SP HEIGHT="39" WIDTH="55" VPOS="2612" HPOS="631"/>
<String CONTENT="front.," HEIGHT="46" WIDTH="160" VPOS="2612" HPOS="687"/>
<SP HEIGHT="37" WIDTH="28" VPOS="2623" HPOS="848"/>
<String CONTENT="plates." HEIGHT="47" WIDTH="167" VPOS="2613" HPOS="877"/>
<SP HEIGHT="37" WIDTH="56" VPOS="2614" HPOS="1045"/>
<String CS="1" CONTENT="19&#189;cm." HEIGHT="40" WIDTH="56" VPOS="2612" HPOS="1102"/>
<SP HEIGHT="29" WIDTH="63" VPOS="2633" HPOS="1245"/>
<String CONTENT="[Her" HEIGHT="46" WIDTH="117" VPOS="2616" HPOS="1309"/>
<SP HEIGHT="38" WIDTH="23" VPOS="2615" HPOS="1427"/>
<String CONTENT="Honey" HEIGHT="46" WIDTH="167" VPOS="2615" HPOS="1451"/>
<SP HEIGHT="44" WIDTH="31" VPOS="2617" HPOS="1619"/>
<String CONTENT="Bunch" HEIGHT="38" WIDTH="165" VPOS="2617" HPOS="1651"/>
<SP HEIGHT="38" WIDTH="30" VPOS="2617" HPOS="1817"/>
<String CONTENT="books]" HEIGHT="48" WIDTH="159" VPOS="2617" HPOS="1848"/>
</TextLine>
<TextLine HEIGHT="48" WIDTH="675" VPOS="2683" HPOS="287">
<String CONTENT="Illustrated" HEIGHT="38" WIDTH="285" VPOS="2685" HPOS="287"/>
<SP HEIGHT="38" WIDTH="28" VPOS="2685" HPOS="573"/>
<String CONTENT="lining-papers." HEIGHT="48" WIDTH="360" VPOS="2683" HPOS="602"/>
</TextLine>
<TextLine HEIGHT="54" WIDTH="1980" VPOS="2754" HPOS="219">
<String CONTENT="&#169;" HEIGHT="51" WIDTH="51" VPOS="2754" HPOS="219"/>
<SP HEIGHT="51" WIDTH="28" VPOS="2754" HPOS="271"/>
<String CONTENT="Apr." HEIGHT="48" WIDTH="111" VPOS="2758" HPOS="300"/>
<SP HEIGHT="39" WIDTH="28" VPOS="2758" HPOS="412"/>
<String CONTENT="25." HEIGHT="41" WIDTH="69" VPOS="2758" HPOS="441"/>
<SP HEIGHT="39" WIDTH="28" VPOS="2760" HPOS="511"/>
<String CONTENT="1934;" HEIGHT="42" WIDTH="139" VPOS="2759" HPOS="540"/>
<SP HEIGHT="42" WIDTH="32" VPOS="2759" HPOS="680"/>
<String CONTENT="2c." HEIGHT="39" WIDTH="66" VPOS="2759" HPOS="713"/>
<SP HEIGHT="29" WIDTH="29" VPOS="2768" HPOS="780"/>
<String CONTENT="and" HEIGHT="39" WIDTH="93" VPOS="2759" HPOS="810"/>
<SP HEIGHT="39" WIDTH="30" VPOS="2759" HPOS="904"/>
<String CONTENT="aff." HEIGHT="41" WIDTH="80" VPOS="2757" HPOS="935"/>
<SP HEIGHT="40" WIDTH="30" VPOS="2758" HPOS="1016"/>
<String CONTENT="Apr." HEIGHT="47" WIDTH="111" VPOS="2758" HPOS="1047"/>
<SP HEIGHT="38" WIDTH="28" VPOS="2759" HPOS="1159"/>
<String CONTENT="27;" HEIGHT="41" WIDTH="82" VPOS="2759" HPOS="1188"/>
<SP HEIGHT="40" WIDTH="31" VPOS="2760" HPOS="1271"/>
<!-- cceid BE519756-6C64-1014-8713-889FF4349C01 --><String CONTENT="A" HEIGHT="38" WIDTH="40" VPOS="2760" HPOS="1303"/>
<SP HEIGHT="39" WIDTH="28" VPOS="2760" HPOS="1344"/>
<String CONTENT="72198;" HEIGHT="42" WIDTH="167" VPOS="2759" HPOS="1373"/>
<SP HEIGHT="41" WIDTH="35" VPOS="2760" HPOS="1541"/>
<String CONTENT="Grosset" HEIGHT="41" WIDTH="198" VPOS="2760" HPOS="1577"/>
<SP HEIGHT="40" WIDTH="29" VPOS="2761" HPOS="1776"/>
<String CONTENT="&amp;" HEIGHT="40" WIDTH="36" VPOS="2761" HPOS="1806"/>
<SP HEIGHT="40" WIDTH="28" VPOS="2761" HPOS="1843"/>
<String CONTENT="Dunlap," HEIGHT="46" WIDTH="207" VPOS="2762" HPOS="1872"/>
<SP HEIGHT="46" WIDTH="29" VPOS="2761" HPOS="2080"/>
<String CONTENT="inc." HEIGHT="39" WIDTH="89" VPOS="2761" HPOS="2110"/>
</TextLine>
<TextLine HEIGHT="47" WIDTH="247" VPOS="2814" HPOS="296">
<String CONTENT="(34-9911)" HEIGHT="47" WIDTH="247" VPOS="2814" HPOS="296"/>
</TextLine>
<TextLine HEIGHT="65" WIDTH="498" VPOS="2917" HPOS="210" STYLEREFS="StyleId-15EC1A9A-B805-4BFC-AEE4-CE7FFCA7BD32-">
<String CONTENT="Traven," HEIGHT="65" WIDTH="248" VPOS="2917" HPOS="210"/>
<SP HEIGHT="63" WIDTH="33" VPOS="2919" HPOS="459"/>
<String CONTENT="Bruno." HEIGHT="55" WIDTH="215" VPOS="2919" HPOS="493"/>
</TextLine>
<TextLine HEIGHT="70" WIDTH="1745" VPOS="2993" HPOS="286" STYLEREFS="StyleId-42557DC9-FD77-4E64-92E5-74F551838677-" CS="1">
<String CONTENT="The" HEIGHT="50" WIDTH="119" VPOS="2994" HPOS="286"/>
<SP HEIGHT="51" WIDTH="25" VPOS="2995" HPOS="406"/>
<String CONTENT="death-ship;" HEIGHT="67" WIDTH="355" VPOS="2993" HPOS="432"/>
<SP HEIGHT="60" WIDTH="30" VPOS="2999" HPOS="788"/>
<String CONTENT="the" HEIGHT="54" WIDTH="92" VPOS="2994" HPOS="819"/>
<SP HEIGHT="36" WIDTH="25" VPOS="3012" HPOS="912"/>
<String CONTENT="story" HEIGHT="64" WIDTH="155" VPOS="2998" HPOS="938"/>
<SP HEIGHT="49" WIDTH="28" VPOS="3013" HPOS="1094"/>
<String CONTENT="of" HEIGHT="52" WIDTH="62" VPOS="2994" HPOS="1123"/>
<SP HEIGHT="52" WIDTH="29" VPOS="2994" HPOS="1186"/>
<String CONTENT="an" HEIGHT="33" WIDTH="68" VPOS="3013" HPOS="1216"/>
<SP HEIGHT="51" WIDTH="29" VPOS="2994" HPOS="1285"/>
<String CONTENT="American" HEIGHT="53" WIDTH="301" VPOS="2994" HPOS="1315"/>
<SP HEIGHT="35" WIDTH="27" VPOS="3014" HPOS="1617"/>
<String CONTENT="sailor," HEIGHT="68" WIDTH="188" VPOS="2994" HPOS="1645"/>
<SP HEIGHT="68" WIDTH="28" VPOS="2994" HPOS="1834"/>
<String CONTENT="by" HEIGHT="69" WIDTH="72" VPOS="2994" HPOS="1863"/>
<SP HEIGHT="68" WIDTH="28" VPOS="2995" HPOS="1936"/>
<String CONTENT="B." HEIGHT="52" WIDTH="66" VPOS="2995" HPOS="1965"/>
</TextLine>
<TextLine HEIGHT="143" WIDTH="1954" VPOS="2996" HPOS="220" STYLEREFS="StyleId-42557DC9-FD77-4E64-92E5-74F551838677-" CS="1">
<String CONTENT="Traven." HEIGHT="127" WIDTH="1954" VPOS="2996" HPOS="220"/>
<SP HEIGHT="52" WIDTH="60" VPOS="3071" HPOS="337"/>
<String CONTENT="London," HEIGHT="65" WIDTH="254" VPOS="3071" HPOS="398"/>
<SP HEIGHT="66" WIDTH="30" VPOS="3070" HPOS="653"/>
<String CONTENT="Chatto" HEIGHT="54" WIDTH="207" VPOS="3070" HPOS="684"/>
<SP HEIGHT="49" WIDTH="27" VPOS="3073" HPOS="892"/>
<String CONTENT="&amp;" HEIGHT="48" WIDTH="44" VPOS="3073" HPOS="920"/>
<SP HEIGHT="50" WIDTH="25" VPOS="3071" HPOS="965"/>
<String CONTENT="Windus," HEIGHT="68" WIDTH="258" VPOS="3071" HPOS="991"/>
<SP HEIGHT="64" WIDTH="29" VPOS="3075" HPOS="1250"/>
<String CONTENT="1934." HEIGHT="51" WIDTH="147" VPOS="3075" HPOS="1280"/>
</TextLine>
<TextLine HEIGHT="50" WIDTH="603" VPOS="3140" HPOS="287" CS="1">
<String CONTENT="5" HEIGHT="40" WIDTH="28" VPOS="3140" HPOS="287"/>
<SP HEIGHT="48" WIDTH="20" VPOS="3140" HPOS="316"/>
<String CONTENT="p." HEIGHT="37" WIDTH="42" VPOS="3151" HPOS="337"/>
<SP HEIGHT="39" WIDTH="22" VPOS="3142" HPOS="380"/>
<String CS="1" CONTENT="l.,"/>
<SP HEIGHT="47" WIDTH="24" VPOS="3141" HPOS="448"/>
<String CONTENT="5-311," HEIGHT="48" WIDTH="155" VPOS="3141" HPOS="473"/>
<SP HEIGHT="29" WIDTH="30" VPOS="3161" HPOS="629"/>
<String CONTENT="[1]" HEIGHT="47" WIDTH="53" VPOS="3143" HPOS="660"/>
<SP HEIGHT="38" WIDTH="25" VPOS="3152" HPOS="714"/>
<String CONTENT="p." HEIGHT="37" WIDTH="43" VPOS="3152" HPOS="740"/>
<SP HEIGHT="38" WIDTH="52" VPOS="3144" HPOS="784"/>
<String CS="1" CONTENT="19&#189;cm." HEIGHT="39" WIDTH="53" VPOS="3142" HPOS="837"/>
</TextLine>
<TextLine HEIGHT="51" WIDTH="1565" VPOS="3199" HPOS="289" CS="1">
<String CONTENT="&#8220;Translated" HEIGHT="39" WIDTH="316" VPOS="3199" HPOS="289"/>
<SP HEIGHT="39" WIDTH="20" VPOS="3199" HPOS="606"/>
<String CONTENT="from" HEIGHT="39" WIDTH="126" VPOS="3199" HPOS="627"/>
<SP HEIGHT="36" WIDTH="25" VPOS="3202" HPOS="754"/>
<String CONTENT="the" HEIGHT="38" WIDTH="80" VPOS="3200" HPOS="780"/>
<SP HEIGHT="29" WIDTH="22" VPOS="3209" HPOS="861"/>
<String CONTENT="original" HEIGHT="47" WIDTH="205" VPOS="3199" HPOS="884"/>
<SP HEIGHT="37" WIDTH="24" VPOS="3200" HPOS="1090"/>
<String CONTENT="&#8216;Das" HEIGHT="40" WIDTH="112" VPOS="3200" HPOS="1115"/>
<SP HEIGHT="37" WIDTH="23" VPOS="3203" HPOS="1228"/>
<String CONTENT="totenschiff:" HEIGHT="40" WIDTH="304" VPOS="3201" HPOS="1252"/>
<SP HEIGHT="37" WIDTH="23" VPOS="3213" HPOS="1557"/>
<String CONTENT="geschichte" HEIGHT="48" WIDTH="273" VPOS="3202" HPOS="1581"/>
</TextLine>
<TextLine HEIGHT="99" WIDTH="1963" VPOS="3203" HPOS="218" CS="1">
<String LANG="de" CONTENT="eines" HEIGHT="39" WIDTH="129" VPOS="3203" HPOS="1878"/>
<SP HEIGHT="29" WIDTH="22" VPOS="3214" HPOS="2008"/>
<String LANG="de" CONTENT="amerikanischen" HEIGHT="91" WIDTH="1963" VPOS="3204" HPOS="218"/>
<SP HEIGHT="28" WIDTH="29" VPOS="3266" HPOS="480"/>
<String LANG="en-US" CONTENT="seemanns&#8217;," HEIGHT="48" WIDTH="279" VPOS="3254" HPOS="510"/>
<SP HEIGHT="45" WIDTH="33" VPOS="3257" HPOS="790"/>
<String LANG="en-US" CONTENT="by" HEIGHT="45" WIDTH="59" VPOS="3257" HPOS="824"/>
<SP HEIGHT="46" WIDTH="33" VPOS="3256" HPOS="884"/>
<String LANG="en-US" CONTENT="Eric" HEIGHT="42" WIDTH="110" VPOS="3253" HPOS="918"/>
<SP HEIGHT="40" WIDTH="35" VPOS="3256" HPOS="1029"/>
<String LANG="en-US" CONTENT="Sutton.&#8221;" HEIGHT="40" WIDTH="214" VPOS="3256" HPOS="1065"/>
</TextLine>
<TextLine HEIGHT="53" WIDTH="1981" VPOS="3326" HPOS="219" CS="1">
<String CONTENT="&#169;" HEIGHT="51" WIDTH="51" VPOS="3326" HPOS="219"/>
<SP/>
<String CS="1" CONTENT="1c."/>
<SP/>
<String CONTENT="Mar." HEIGHT="38" WIDTH="119" VPOS="3331" HPOS="397"/>
<SP HEIGHT="39" WIDTH="29" VPOS="3330" HPOS="517"/>
<String CONTENT="8," HEIGHT="41" WIDTH="38" VPOS="3330" HPOS="547"/>
<SP HEIGHT="40" WIDTH="29" VPOS="3331" HPOS="586"/>
<String CONTENT="1934;" HEIGHT="45" WIDTH="139" VPOS="3329" HPOS="616"/>
<SP HEIGHT="44" WIDTH="32" VPOS="3330" HPOS="756"/>
<!-- cceid BE5217E7-6C64-1014-8713-889FF4349C01 --><String CONTENT="A" HEIGHT="38" WIDTH="40" VPOS="3330" HPOS="789"/>
<SP HEIGHT="39" WIDTH="28" VPOS="3330" HPOS="830"/>
<String CS="1" CONTENT="ad" HEIGHT="29" WIDTH="25" VPOS="3340" HPOS="859"/>
<SP HEIGHT="46" WIDTH="25" VPOS="3329" HPOS="923"/>
<String CONTENT="int." HEIGHT="40" WIDTH="85" VPOS="3329" HPOS="949"/>
<SP HEIGHT="38" WIDTH="29" VPOS="3331" HPOS="1035"/>
<String CONTENT="18844;" HEIGHT="45" WIDTH="168" VPOS="3330" HPOS="1065"/>
<SP HEIGHT="37" WIDTH="31" VPOS="3340" HPOS="1234"/>
<String CONTENT="pubd." HEIGHT="46" WIDTH="139" VPOS="3331" HPOS="1266"/>
<SP HEIGHT="39" WIDTH="32" VPOS="3332" HPOS="1406"/>
<String CONTENT="Jan." HEIGHT="39" WIDTH="107" VPOS="3332" HPOS="1439"/>
<SP HEIGHT="37" WIDTH="32" VPOS="3334" HPOS="1547"/>
<String CONTENT="18;" HEIGHT="47" WIDTH="80" VPOS="3332" HPOS="1580"/>
<SP HEIGHT="45" WIDTH="32" VPOS="3334" HPOS="1661"/>
<String CONTENT="B." HEIGHT="39" WIDTH="52" VPOS="3334" HPOS="1694"/>
<SP HEIGHT="40" WIDTH="31" VPOS="3333" HPOS="1747"/>
<String CONTENT="Traven," HEIGHT="46" WIDTH="202" VPOS="3333" HPOS="1779"/>
<SP HEIGHT="46" WIDTH="31" VPOS="3333" HPOS="1982"/>
<String CONTENT="Mexico" HEIGHT="40" WIDTH="186" VPOS="3332" HPOS="2014"/>
</TextLine>
<TextLine HEIGHT="47" WIDTH="1398" VPOS="3386" HPOS="288">
<String CONTENT="City," HEIGHT="47" WIDTH="122" VPOS="3386" HPOS="288"/>
<SP HEIGHT="45" WIDTH="27" VPOS="3388" HPOS="411"/>
<String CONTENT="Mexico," HEIGHT="41" WIDTH="198" VPOS="3387" HPOS="439"/>
<SP HEIGHT="31" WIDTH="27" VPOS="3397" HPOS="638"/>
<String CONTENT="and" HEIGHT="37" WIDTH="93" VPOS="3388" HPOS="666"/>
<SP HEIGHT="39" WIDTH="25" VPOS="3386" HPOS="760"/>
<String CONTENT="Alfred" HEIGHT="39" WIDTH="170" VPOS="3386" HPOS="786"/>
<SP HEIGHT="39" WIDTH="25" VPOS="3386" HPOS="957"/>
<String CONTENT="A." HEIGHT="38" WIDTH="52" VPOS="3387" HPOS="983"/>
<SP HEIGHT="39" WIDTH="26" VPOS="3386" HPOS="1036"/>
<String CONTENT="Knopf," HEIGHT="47" WIDTH="177" VPOS="3386" HPOS="1063"/>
<SP HEIGHT="47" WIDTH="26" VPOS="3386" HPOS="1241"/>
<String CONTENT="inc.," HEIGHT="44" WIDTH="103" VPOS="3386" HPOS="1268"/>
<SP HEIGHT="41" WIDTH="27" VPOS="3389" HPOS="1372"/>
<String CONTENT="New" HEIGHT="38" WIDTH="116" VPOS="3389" HPOS="1400"/>
<SP HEIGHT="38" WIDTH="24" VPOS="3389" HPOS="1517"/>
<String CONTENT="York." HEIGHT="39" WIDTH="144" VPOS="3389" HPOS="1542"/>
</TextLine>
<TextLine HEIGHT="48" WIDTH="247" VPOS="3442" HPOS="296">
<String CONTENT="(34-9917)" HEIGHT="48" WIDTH="247" VPOS="3442" HPOS="296"/>
</TextLine>
<TextLine HEIGHT="70" WIDTH="1629" VPOS="3543" HPOS="287" STYLEREFS="StyleId-42557DC9-FD77-4E64-92E5-74F551838677-" CS="1">
<String CONTENT="The" HEIGHT="51" WIDTH="119" VPOS="3543" HPOS="287"/>
<SP HEIGHT="51" WIDTH="25" VPOS="3543" HPOS="407"/>
<String CONTENT="death" HEIGHT="52" WIDTH="167" VPOS="3543" HPOS="433"/>
<SP HEIGHT="51" WIDTH="23" VPOS="3543" HPOS="601"/>
<String CONTENT="ship;" HEIGHT="66" WIDTH="156" VPOS="3543" HPOS="625"/>
<SP HEIGHT="58" WIDTH="26" VPOS="3549" HPOS="782"/>
<String CONTENT="the" HEIGHT="51" WIDTH="95" VPOS="3545" HPOS="809"/>
<SP HEIGHT="33" WIDTH="23" VPOS="3561" HPOS="905"/>
<String CONTENT="story" HEIGHT="62" WIDTH="153" VPOS="3548" HPOS="929"/>
<SP HEIGHT="49" WIDTH="24" VPOS="3561" HPOS="1083"/>
<String CONTENT="of" HEIGHT="54" WIDTH="63" VPOS="3543" HPOS="1108"/>
<SP HEIGHT="52" WIDTH="24" VPOS="3543" HPOS="1172"/>
<String CONTENT="an" HEIGHT="34" WIDTH="71" VPOS="3562" HPOS="1197"/>
<SP HEIGHT="52" WIDTH="24" VPOS="3544" HPOS="1269"/>
<String CONTENT="American" HEIGHT="55" WIDTH="302" VPOS="3543" HPOS="1294"/>
<SP HEIGHT="34" WIDTH="25" VPOS="3563" HPOS="1597"/>
<String CONTENT="sailor" HEIGHT="54" WIDTH="171" VPOS="3544" HPOS="1623"/>
<SP HEIGHT="49" WIDTH="30" VPOS="3564" HPOS="1795"/>
<String CS="1" CONTENT="[by]" HEIGHT="68" WIDTH="90" VPOS="3545" HPOS="1826"/>
</TextLine>
<TextLine HEIGHT="141" WIDTH="1953" VPOS="3545" HPOS="221" STYLEREFS="StyleId-42557DC9-FD77-4E64-92E5-74F551838677-" CS="1">
<String CONTENT="B." HEIGHT="51" WIDTH="67" VPOS="3545" HPOS="1966"/>
<SP HEIGHT="50" WIDTH="26" VPOS="3545" HPOS="2034"/>
<String CONTENT="Traven." HEIGHT="126" WIDTH="1953" VPOS="3545" HPOS="221"/>
<SP HEIGHT="51" WIDTH="68" VPOS="3620" HPOS="335"/>
<String CONTENT="New" HEIGHT="52" WIDTH="135" VPOS="3620" HPOS="404"/>
<SP HEIGHT="50" WIDTH="34" VPOS="3620" HPOS="540"/>
<String CONTENT="York," HEIGHT="66" WIDTH="176" VPOS="3620" HPOS="575"/>
<SP HEIGHT="66" WIDTH="29" VPOS="3620" HPOS="752"/>
<String CONTENT="A." HEIGHT="50" WIDTH="66" VPOS="3620" HPOS="782"/>
<SP HEIGHT="50" WIDTH="37" VPOS="3620" HPOS="849"/>
<String CONTENT="A." HEIGHT="50" WIDTH="65" VPOS="3620" HPOS="887"/>
<SP HEIGHT="50" WIDTH="32" VPOS="3620" HPOS="953"/>
<String CONTENT="Knopf," HEIGHT="67" WIDTH="221" VPOS="3619" HPOS="986"/>
<SP HEIGHT="62" WIDTH="34" VPOS="3624" HPOS="1208"/>
<String CONTENT="1934." HEIGHT="49" WIDTH="147" VPOS="3624" HPOS="1243"/>
</TextLine>
<TextLine HEIGHT="48" WIDTH="615" VPOS="3690" HPOS="284" CS="1">
<String CONTENT="4" HEIGHT="37" WIDTH="26" VPOS="3692" HPOS="284"/>
<SP HEIGHT="45" WIDTH="27" VPOS="3692" HPOS="311"/>
<String CONTENT="p." HEIGHT="36" WIDTH="42" VPOS="3701" HPOS="339"/>
<SP HEIGHT="38" WIDTH="29" VPOS="3692" HPOS="382"/>
<String CS="1" CONTENT="l.,"/>
<SP HEIGHT="44" WIDTH="29" VPOS="3692" HPOS="455"/>
<String CONTENT="3-372" HEIGHT="40" WIDTH="142" VPOS="3691" HPOS="485"/>
<SP HEIGHT="47" WIDTH="27" VPOS="3691" HPOS="628"/>
<String CONTENT="p." HEIGHT="37" WIDTH="43" VPOS="3701" HPOS="656"/>
<SP HEIGHT="41" WIDTH="56" VPOS="3692" HPOS="700"/>
<String CS="1" CONTENT="19&#189;" HEIGHT="40" WIDTH="57" VPOS="3690" HPOS="757"/>
<String STYLE="superscript" CONTENT="cm" HEIGHT="22" WIDTH="44" VPOS="3692" HPOS="843"/>
<String CONTENT="." HEIGHT="8" WIDTH="8" VPOS="3723" HPOS="891"/>
</TextLine>
<TextLine HEIGHT="50" WIDTH="451" VPOS="3745" HPOS="288" STYLEREFS="StyleId-CFE3F3E3-971B-4D38-8855-783D8F7DA552-">
<String CONTENT="&#8220;First" HEIGHT="40" WIDTH="162" VPOS="3747" HPOS="288"/>
<SP HEIGHT="46" WIDTH="29" VPOS="3749" HPOS="451"/>
<String CONTENT="printing.&#8221;" HEIGHT="50" WIDTH="258" VPOS="3745" HPOS="481"/>
</TextLine>
<TextLine HEIGHT="53" WIDTH="1977" VPOS="3818" HPOS="219" CS="1">
<String CONTENT="&#169;" HEIGHT="51" WIDTH="50" VPOS="3818" HPOS="219"/>
<SP HEIGHT="51" WIDTH="31" VPOS="3818" HPOS="270"/>
<String CONTENT="Apr." HEIGHT="46" WIDTH="112" VPOS="3823" HPOS="302"/>
<SP HEIGHT="40" WIDTH="29" VPOS="3822" HPOS="415"/>
<String CONTENT="23," HEIGHT="45" WIDTH="68" VPOS="3822" HPOS="445"/>
<SP HEIGHT="44" WIDTH="31" VPOS="3823" HPOS="514"/>
<String CS="1" CONTENT="1934;" HEIGHT="40" WIDTH="112" VPOS="3821" HPOS="546"/>
<SP HEIGHT="46" WIDTH="31" VPOS="3822" HPOS="685"/>
<String CONTENT="2c." HEIGHT="39" WIDTH="65" VPOS="3822" HPOS="717"/>
<SP HEIGHT="29" WIDTH="34" VPOS="3832" HPOS="783"/>
<String CONTENT="and" HEIGHT="38" WIDTH="92" VPOS="3823" HPOS="818"/>
<SP HEIGHT="38" WIDTH="30" VPOS="3823" HPOS="911"/>
<String CONTENT="aff." HEIGHT="42" WIDTH="81" VPOS="3820" HPOS="942"/>
<SP HEIGHT="40" WIDTH="32" VPOS="3822" HPOS="1024"/>
<String CONTENT="Apr." HEIGHT="47" WIDTH="110" VPOS="3822" HPOS="1057"/>
<SP HEIGHT="38" WIDTH="31" VPOS="3823" HPOS="1168"/>
<String CONTENT="24;" HEIGHT="44" WIDTH="81" VPOS="3823" HPOS="1200"/>
<SP HEIGHT="44" WIDTH="33" VPOS="3823" HPOS="1282"/>
<!-- cceid BE52981B-6C64-1014-8713-889FF4349C01 --><String CONTENT="A" HEIGHT="38" WIDTH="40" VPOS="3823" HPOS="1316"/>
<SP HEIGHT="39" WIDTH="30" VPOS="3823" HPOS="1357"/>
<String CS="1" CONTENT="71325;" HEIGHT="39" WIDTH="141" VPOS="3824" HPOS="1388"/>
<SP HEIGHT="45" WIDTH="33" VPOS="3825" HPOS="1557"/>
<String CONTENT="Alfred" HEIGHT="39" WIDTH="171" VPOS="3825" HPOS="1591"/>
<SP HEIGHT="39" WIDTH="30" VPOS="3825" HPOS="1763"/>
<String CONTENT="A." HEIGHT="39" WIDTH="52" VPOS="3825" HPOS="1794"/>
<SP HEIGHT="39" WIDTH="33" VPOS="3825" HPOS="1847"/>
<String CONTENT="Knopf," HEIGHT="47" WIDTH="177" VPOS="3824" HPOS="1881"/>
<SP HEIGHT="48" WIDTH="32" VPOS="3823" HPOS="2059"/>
<String CONTENT="inc.," HEIGHT="45" WIDTH="104" VPOS="3823" HPOS="2092"/>
</TextLine>
<TextLine HEIGHT="55" WIDTH="1801" VPOS="3872" HPOS="286" CS="1">
<String CONTENT="New" HEIGHT="38" WIDTH="114" VPOS="3879" HPOS="286"/>
<SP HEIGHT="38" WIDTH="26" VPOS="3878" HPOS="401"/>
<String CONTENT="York," HEIGHT="45" WIDTH="143" VPOS="3878" HPOS="428"/>
<SP HEIGHT="34" WIDTH="29" VPOS="3889" HPOS="572"/>
<String CONTENT="and" HEIGHT="39" WIDTH="93" VPOS="3879" HPOS="602"/>
<SP HEIGHT="39" WIDTH="29" VPOS="3879" HPOS="696"/>
<String CONTENT="Bruno" HEIGHT="39" WIDTH="163" VPOS="3879" HPOS="726"/>
<SP HEIGHT="42" WIDTH="28" VPOS="3876" HPOS="890"/>
<String CONTENT="Traven." HEIGHT="42" WIDTH="203" VPOS="3876" HPOS="919"/>
<SP HEIGHT="46" WIDTH="31" VPOS="3872" HPOS="1123"/>
<String CS="1" CONTENT="&#8453;"/>
<SP HEIGHT="46" WIDTH="30" VPOS="3872" HPOS="1203"/>
<String CONTENT="Martinez," HEIGHT="49" WIDTH="251" VPOS="3877" HPOS="1234"/>
<SP HEIGHT="45" WIDTH="29" VPOS="3881" HPOS="1486"/>
<String CONTENT="Mexico" HEIGHT="39" WIDTH="187" VPOS="3881" HPOS="1516"/>
<SP HEIGHT="40" WIDTH="29" VPOS="3881" HPOS="1704"/>
<String CONTENT="City." HEIGHT="46" WIDTH="122" VPOS="3881" HPOS="1734"/>
<SP HEIGHT="38" WIDTH="31" VPOS="3882" HPOS="1857"/>
<String CONTENT="Mexico." HEIGHT="40" WIDTH="198" VPOS="3879" HPOS="1889"/>
</TextLine>
<TextLine HEIGHT="48" WIDTH="248" VPOS="3934" HPOS="296">
<String CONTENT="(34-9916)" HEIGHT="48" WIDTH="248" VPOS="3934" HPOS="296"/>
</TextLine>
</TextBlock>
</PrintSpace>
</Page>
</Layout>
</alto>