2350 4196
1160 4000 97 48 392

204 378 215 68 Gregg,
451 381 202 52 James
685 379 332 64 Lawrence,
1055 381 168 50 1899-

272 450 1918 76 The alloys of iron and tungsten, by J. L. Gregg … 1st ed.
204 533 137 52 New
374 533 161 53 York
567 533 110 51 and
710 532 257 68 London,
998 533 141 51 Pub.
1175 531 92 52 for
1297 533 93 51 the
1426 530 391 71 Engineering
1850 529 342 54 foundation

204 612 72 67 by
302 612 96 51 the
420 608 428 56 McGraw-Hill
874 609 146 53 book
1047 626 295 52 company,
1368 609 125 67 inc.,
1523 610 149 52 1934.

274 684 83 48 xii,
385 684 83 39 511
493 693 43 37 p.
599 681 143 49 illus.,
771 682 179 47 diagrs.
1008 681 57 40 23½
1097 684 44 21 cm
1146 714 8 8 .
1223 682 297 48 (Half-title:
1545 681 168 49 Alloys
1740 681 55 39 of
1819 682 107 38 iron
1956 681 239 40 research.

206 737 297 50 Monograph
528 738 173 47 series)

276 794 145 41 “This
447 794 296 47 monograph
768 794 90 40 has
884 793 117 41 been
1029 795 233 46 prepared
1291 796 52 38 at
1370 793 209 41 Battelle
1609 792 249 42 memorial
1887 792 224 41 institute
2140 802 55 30 as

208 860 27 30 a
266 852 112 45 part
410 851 51 39 of
493 851 82 39 the
609 849 273 42 Institute’s
917 848 326 42 contribution
1277 852 47 38 to
1359 849 166 46 Alloys
1559 848 52 41 of
1644 849 106 39 iron
1786 849 265 40 research.”

277 906 371 47 Bibliography:
677 916 43 37 p.
747 905 216 40 447-483.

209 973 50 53 ©
292 978 120 40 Mar.
445 979 36 45 7,
513 977 140 47 1934;
686 978 66 40 2c.
785 978 121 38 Mar.
938 977 51 40 9:
1023 977 79 39 aff.
1136 977 119 41 Mar.
1286 977 81 46 12;
1402 978 39 37 A
1471 975 171 49 69863;
1678 976 177 40 United
1887 975 309 49 engineering

277 1037 222 45 trustees,
529 1036 103 44 inc.,
660 1034 116 40 New
804 1034 141 39 York.
1021 1032 247 50 (34-7390)

209 1153 297 65 Grierson,
536 1152 244 54 Francis
809 1152 286 55 Durham.

273 1230 121 52 The
423 1234 192 62 empty
646 1227 186 69 house,
863 1228 72 67 by
965 1227 234 53 Francis
1230 1227 68 50 D.
1331 1226 283 54 Grierson.
1676 1226 135 52 New
1846 1225 176 67 York,
207 1225 1964 149 London,
368 1306 68 51 D.
471 1304 533 69 Appleton-Century
1075 1322 290 51 company,
1397 1304 416 69 incorporated,
1849 1307 148 49 1934.

276 1382 26 40 3
332 1393 40 37 p.
440 1413 8 15 l.,
478 1382 84 39 313
593 1392 42 37 p.
695 1380 57 42 19½
782 1383 45 21 cm
830 1412 9 8 .

212 1447 50 53 ©
294 1453 112 46 Apr.
437 1452 39 46 5,
508 1451 139 41 1934;
681 1451 65 41 2c.
779 1451 94 39 and
904 1450 81 41 aff.
1017 1452 112 47 Apr.
1161 1451 24 39 7;
1246 1451 42 38 A
1317 1451 169 46 71175;
1521 1451 55 40 D.
1610 1450 473 49 Appleton-Century
2116 1461 81 35 co.,

279 1508 87 40 inc.
443 1509 250 47 (34-7410)

212 1626 263 65 Gromer,
503 1628 139 51 Mrs.
670 1625 158 55 Belle
856 1626 214 54 Burns.

341 1697 1858 76 … Young navy man. New York, H. C. Kinsey & company,
213 1779 122 69 inc.,
375 1783 150 53 1934.

277 1856 26 38 4
332 1866 42 37 p.
439 1885 8 16 l.,
476 1854 86 41 305
590 1865 41 37 p.
690 1853 57 41 19½
778 1856 15 21 cm
827 1885 8 9 .

216 1916 50 53 ©
301 1923 112 45 Apr.
449 1921 38 47 6,
523 1921 115 40 1934;
700 1921 64 40 2c.
801 1921 112 47 Apr.
949 1921 51 46 9;
1039 1920 79 41 aff.
1155 1921 111 48 Apr.
1301 1922 51 45 7;
1390 1921 42 38 A
1465 1921 168 47 71186;
1672 1921 51 39 B.
1761 1922 53 39 B.
1852 1921 213 48 Gromer,
2104 1922 96 41 San

282 1978 272 40 Francisco.
629 1977 249 49 (34-7408)

213 2098 229 63 Harris,
472 2097 233 52 Arthur
736 2098 306 53 Emerson.

281 2170 1916 71 Bible books outlined, by Arthur Emerson Harris … an
212 2252 264 67 analysis,
526 2251 259 68 synopsis
835 2252 111 51 and
995 2250 259 68 diagram
1303 2252 266 67 covering
1617 2253 133 52 each
1799 2252 145 52 book
1995 2253 63 50 of
2104 2253 93 53 the

213 2329 178 53 Bible.
470 2328 289 56 Student’s
801 2349 110 33 rev.
956 2331 81 52 ed.
1114 2328 423 69 Philadelphia,
1578 2331 120 51 The
1739 2330 153 53 John
1936 2330 60 54 C.
212 2331 1962 130 Winston
368 2424 277 49 company
683 2441 11 32 [
700 2413 17 20 c
723 2411 131 48 1933
861 2442 12 32 ]

286 2478 823 50 2 v. in 1. illus.. diagrs. 24 cm .
218 2545 50 53 ©
307 2551 112 46 Apr.
457 2550 69 46 10,
564 2549 141 46 1933;
744 2549 67 40 2c.
851 2551 120 38 Mar.
1007 2549 71 47 22,
1117 2548 139 48 1934;
1295 2549 82 40 aff.
1415 2551 122 38 Mar.
1574 2549 84 47 20;
1699 2551 42 37 A
1776 2549 171 48 69958;
1988 2549 126 40 John
2154 2550 47 40 C.

286 2607 222 39 Winston
537 2617 66 29 co.
676 2605 249 50 (34-7277)

217 2724 391 66 Hartshorne,
641 2724 220 52 Esther
893 2722 273 56 Kimball.

284 2800 327 68 Dog-gerel,
655 2800 73 68 by
773 2801 208 52 Esther
1025 2799 256 54 Kimball
1325 2800 388 69 Hartshorne;
1761 2802 320 53 illustrated
2125 2802 74 66 by

218 2877 286 54 Cleanthe.
582 2878 122 52 Ked
739 2878 183 56 Bank.
952 2879 68 51 N.
1053 2879 74 64 J.,
1159 2878 217 55 Stone’s
1406 2880 182 51 throw
1618 2895 173 50 press,
1824 2883 148 48 1933.

291 2948 84 50 [55]
407 2959 43 37 p.
510 2949 128 40 illus.
698 2950 55 40 18½
785 2952 43 22 cm
835 2983 7 7 .

289 3005 171 40 Poems
487 3006 149 40 about
662 3006 130 49 dogs.

291 3061 161 41 “First
482 3061 224 41 edition.”

222 3110 1983 60 © Dec. l. 1933; 2c. Jan. 20, 1934; aff. Mar. 24; A 70867; Stone’s throw
289 3185 135 37 press
460 3176 206 47 (George
696 3176 42 41 S.
770 3176 162 40 Soons.
961 3177 98 38 sole
1087 3176 183 47 owner)
1307 3177 100 39 Bed
1436 3178 153 46 Bank,
1617 3177 53 42 N.
1701 3178 43 39 J.

297 3231 248 49 (34-7268)

221 3348 362 65 Henderson,
613 3349 218 54 Harold
861 3350 203 55 Gould.

286 3425 119 51 The
440 3425 236 52 bamboo
709 3426 223 66 broom;
972 3445 69 33 an
1077 3426 386 55 introduction
1496 3433 56 47 to
1588 3428 281 67 Japanese
1905 3427 193 68 haiku,
2131 3429 73 66 by

217 3501 225 54 Harold
473 3501 190 54 Gould
693 3502 353 54 Henderson.
1123 3504 212 52 Boston
1368 3505 112 51 and
1511 3504 137 53 New
1681 3504 177 68 York,
1890 3503 316 68 Houghton

218 3579 202 53 Mifflin
455 3596 294 50 company,
788 3583 147 49 1934.

289 3663 32 28 x
348 3662 57 37 p.,
433 3652 25 39 1
522 3682 8 17 l.,
558 3652 85 39 124
671 3662 41 38 p.
773 3653 54 38 21
831 3656 43 20 cm
880 3685 7 8 .

293 3704 1912 58 “Appended to all … translations [is] a foot-note giving the original
221 3766 252 47 Japanese,
512 3767 94 38 and
642 3775 53 29 as
733 3767 224 38 accurate
995 3776 27 29 a
1059 3765 382 42 word-for-word
1478 3766 292 41 translation
1807 3778 53 29 as
1897 3766 311 49 possible.”—

221 3821 129 42 Pref.

224 3873 50 53 ©
308 3880 118 38 Mar.
460 3879 67 45 28,
560 3878 138 46 1934;
733 3878 65 39 2c.
832 3880 94 37 and
959 3878 81 40 aff.
1073 3878 109 47 Apr.
1215 3879 52 40 2:
1304 3879 36 38 A
1373 3878 169 48 70885;
1578 3881 58 39 H.
1673 3880 52 40 G.
1759 3881 297 46 Henderson,
2089 3879 116 42 New

293 3935 144 39 York.
507 3934 250 48 (34-7430)
