2350 4196
1062 4012 134 51 1387

256 422 1896 58 x p., 2 l., 83 p. incl. col. front, plates. 19½cm. (The little cousins of
154 488 111 47 long
292 497 89 37 ago
409 486 175 48 series)

222 544 162 39 “First
412 543 300 48 impression,
748 543 216 47 October,
997 541 155 41 1934.”

154 597 50 52 ©
236 601 100 40 Oct.
369 601 67 47 15,
467 598 140 43 1934:
640 601 66 39 2c.
739 602 94 38 and
864 599 81 41 aff.
979 599 99 41 Oct.
1109 598 54 39 22;
1226 598 38 38 A
1294 597 136 40 76701;
1498 597 49 39 L.
1623 629 6 7 C.
1663 597 128 47 Page
1821 598 36 38 &
1887 606 82 35 co.,
2000 597 88 39 inc.

230 656 277 47 (34-35310)

147 744 312 69 Bradford,
493 747 316 54 Frederick
835 744 209 68 Alden,
1079 745 171 54 1897-

152 817 1972 138 Monetary developments since 1932, by Frederick A. Bradford … New
627 901 180 68 York,
839 900 344 70 Longmans,
1217 898 187 54 Green
1439 898 114 53 and
1589 914 98 52 co.,
1724 899 149 50 1934.

223 972 535 50 1 p. l., 46 p. 19½cm.
222 1030 128 41 “The
383 1030 131 41 chief
545 1040 208 38 purpose
786 1031 51 39 of
869 1031 100 39 this
999 1027 248 50 pamphlet
1281 1028 40 40 is
1355 1030 47 37 to
1437 1026 141 49 bring
1611 1036 62 38 up
1710 1029 47 38 to
1792 1027 112 41 date
1939 1029 83 40 the
151 1035 1980 92 material
326 1099 58 28 on

422 1088 79 40 the
536 1096 253 39 monetary
823 1088 332 47 development
1189 1086 52 39 of
1276 1087 80 36 ihr
1400 1083 170 42 united
1610 1083 163 41 States
1806 1084 255 40 contained
2101 1082 47 39 in

152 1153 76 38 my
259 1143 554 48 Money.’’—Foreword.

221 1200 160 41 “First
413 1199 259 50 printing.”

221 1255 441 51 “Bibliographical
693 1258 139 40 note”:
899 1267 40 37 p.
972 1256 159 41 44-46,

154 1306 1994 60 © Sept. 17, 1934: 2c. and aff. Sept. 29; A 75540; Longmans, Green & co.
228 1374 279 46 (34-35106)

149 1465 245 67 Brandt,
426 1466 206 64 Henry
660 1467 71 63 J.,
764 1485 177 47 comp.

216 1535 1869 77 Legal bibliography; reference book, specimen pages …
147 1611 1999 80 Compiled'by Henry J. Brandt … [St. Paul, West publishing
146 1709 77 41 co.]
280 1700 150 50 1934.

213 1769 68 40 iii.
314 1769 86 40 942
432 1780 42 37 p.
534 1770 129 40 illus.
723 1768 147 42 25½cm.

150 1819 1723 61 © Sept. 10, 1934: 2c. and aff. Oct. 11; A 76486; West pub. co.
229 1886 277 47 (34-35108)

146 1975 230 68 Brown,
408 1977 274 55 Beatrice
715 1977 219 57 Curtis.

220 2055 121 52 The
383 2053 274 56 Sancroft
695 2057 222 65 sisters;
959 2075 33 33 a
1030 2057 166 51 novel
1233 2055 63 53 of
1336 2056 95 51 the
1470 2053 564 61 nineteen-twenties,
2072 2053 75 69 by

147 2134 260 54 Beatrice
460 2133 195 55 Curtis
708 2136 228 51 Brown.
1012 2135 138 52 New
1200 2134 180 55 York,
1432 2132 67 56 G.
1553 2136 64 52 P.
1668 2132 297 55 Putnam’s
2015 2150 131 36 sons

150 2217 193 64 [c1934]

215 2288 85 41 288
330 2300 39 36 p.
461 2286 115 41 19½cm.

150 2335 1939 57 © Oct. 26. 1934: 2c. and aff. Oct. 27: A 75955: B. C. Brown. London.
226 2402 281 47 (34-35307)

147 2493 268 65 Bunyan,
444 2493 220 65 James,
695 2510 177 47 comp.

277 2566 1726 75 … The Bolshevik revolution, 1917-1918; documents and
144 2587 1978 131 materials,
387 2651 75 65 by
497 2650 195 55 James
726 2650 248 66 Bunyan
1009 2652 112 52 and
1159 2650 75 52 H.
1335 2693 10 7 H.
1383 2647 219 55 Fisher.
1680 2646 282 57 Stanford
152 2645 1961 151 University,

405 2727 196 59 Calif.,
630 2725 284 57 Stanford
937 2725 318 71 university
1281 2746 185 49 press;
1494 2728 259 65 London,
1777 2727 78 52 H.
1880 2723 268 64 Milford,

148 2804 228 56 Oxford
407 2805 318 68 university
755 2822 172 51 press,
960 2809 149 50 1934.

219 2879 83 48 xii,
348 2879 84 40 735
479 2889 43 38 p.
597 2877 114 41 23cm.
799 2877 226 51 ([Leland
1073 2877 232 41 Stanford
1351 2878 165 47 junior
1562 2875 286 48 university.
1923 2875 222 51 Library]

153 2936 188 41 Hoover
372 2947 102 29 war
501 2935 185 49 library
713 2934 340 48 publications,
1112 2945 74 34 no.
1220 2934 51 49 3)

221 2994 146 38 “This
396 2994 192 40 volume
618 2991 193 43 follows
843 2991 407 51 chronologically
1282 2994 82 39 the
1395 2993 296 40 Documents
1725 2991 50 40 of
1808 2991 212 41 Russian
152 2992 1979 107 history,
313 3049 276 43 1914-1917.

630 3046 1467 51 published by the late Professor Frank A. Golder …
153 3108 36 39 A
228 3106 332 42 considerable
595 3107 202 39 number
835 3107 50 40 of
926 3107 81 40 the
1043 3108 282 40 documents
1359 3108 51 40 of
1448 3109 80 39 the
1565 3109 193 46 present
1796 3106 189 41 volume
2022 3115 126 31 were

150 3161 206 44 selected
385 3166 92 39 and
508 3164 270 41 translated
809 3163 59 49 by
898 3164 89 40 Mr.
1017 3163 410 43 Golder.”—Pref.

150 3211 1996 62 © Sept. 28, 1934: 2c. Oct. 8; aff. Oct. 9; A 75703: Board of trustees of
216 3280 80 39 the
329 3280 182 39 Leland
549 3279 233 40 Stanford
816 3277 166 48 junior
1016 3280 127 40 univ.,
1197 3279 235 41 Stanford
1467 3279 297 43 University.
1800 3277 143 43 Calif.

223 3335 279 48 (34-35285)

138 3406 367 73 Burroughs,
537 3411 208 56 Prince
779 3411 304 67 Emanuel,
1117 3411 172 54 1871-

211 3490 150 52 How
385 3497 57 45 to
468 3490 113 53 win
605 3495 57 47 to
690 3488 197 54 Christ
935 3489 76 69 [by]
1060 3491 64 51 P.
1152 3489 66 55 E.
1248 3490 357 69 Burroughs,
1668 3533 9 8 D.
1746 3533 8 8 D.
1830 3488 316 67 Nashville,

144 3568 193 69 Tenn.,
366 3570 120 50 The
520 3567 237 69 Sunday
786 3568 190 53 school
1004 3567 179 55 board
1215 3568 64 53 of
1307 3570 98 51 the
1437 3568 286 56 Southern

1755 3568 232 69 Baptist
139 3586 1982 115 convention
408 3649 193 65 [c1934]

212 3721 86 40 105
331 3731 42 37 p.
434 3719 115 41 19cm.

212 3777 262 41 Published
501 3776 49 40 in
576 3776 115 40 1914
718 3777 151 39 under
896 3776 108 40 title:
1061 3776 229 50 Winning
1317 3779 49 40 to
1394 3776 180 43 Christ.

150 3822 2001 69 © Sept. 13, 1934; 2c. Sept. 24: aff. Sept. 22; A. 76382: Sunday school
215 3891 149 41 board
392 3892 52 38 of
468 3887 82 45 the
581 3891 241 39 Southern
850 3887 197 51 Baptist
1076 3890 299 45 convention,
1406 3891 265 42 Nashville.

226 3947 278 49 (34-35134)
