2350 4196
1061 4008 98 49 1027

156 358 357 66 [Commerce
545 358 259 64 clearing
833 358 202 65 house]

222 434 216 54 United
486 434 188 55 States
720 438 208 49 master
972 439 98 47 tax
1115 432 187 69 guide,
1350 435 326 62 1934-1935,
1721 432 170 52 based
1936 450 71 33 on
2052 432 93 52 the

155 512 260 53 Revenue
458 517 89 48 act
588 513 62 52 of
693 515 134 49 1934
869 512 110 52 and
1019 511 96 53 the
1156 510 367 67 regulations,
1565 511 240 65 rulings,
1846 511 110 51 and

150 510 1997 148 decisions under present and prior laws, to 1934 … [New York,
152 667 267 68 Chicago,
472 670 325 54 Commerce
846 668 251 67 clearing
1145 668 171 51 house
1366 667 126 65 inc.,
1541 666 178 52 Loose
1770 666 117 52 leaf
1937 668 209 51 service

150 744 246 55 division
425 746 63 53 of
516 747 95 52 the
641 746 381 68 Corporation
1050 750 149 48 trust
1227 763 296 49 company,
1553 751 16 21 c
1575 747 151 63 1934]

224 817 88 40 218
341 827 42 37 p.
441 816 55 40 23
500 819 43 21 cm
549 849 8 8 .

227 874 71 40 On
327 884 165 30 cover:
526 874 245 40 Standard
798 875 189 39 federal
1017 876 84 37 tax
1132 871 183 41 service
1341 872 197 40 edition.

156 945 51 52 ©
248 950 114 46 July
402 949 67 46 14,
510 949 111 39 1934;
691 948 65 40 2c.
797 951 94 37 and
932 947 80 40 aff.
1053 948 114 46 July
1204 945 81 48 20;
1327 946 40 38 A
1406 945 168 47 73525;
1618 946 275 40 Commerce
1932 946 216 46 clearing

224 1008 162 45 liouse,
419 1006 89 39 inc.
581 1005 277 48 (34-23320)

149 1111 315 63 Conquest,
495 1110 168 55 Joan.

224 1182 1917 72 The only gentleman, by Joan Conquest … 1st ed. London.
153 1264 63 55 T.
243 1264 86 52 W.
357 1264 224 66 Laurie,
605 1264 102 53 ltd.
741 1267 151 65 [1934]

221 1336 97 47 261,
353 1336 53 48 [1]
442 1346 41 37 p.
543 1336 53 39 19
600 1339 14 20 cm
651 1370 6 6 .

153 1406 1992 52 © 1c. Aug. 11, 1934; A ad int. 19272; pubd. June 14; Mary Eliza Louise
221 1468 169 46 Cooke,
422 1468 154 47 Kemp
606 1469 161 45 Town,
799 1467 251 48 Brighton,
1085 1466 190 46 Sussex,
1309 1466 235 47 England.

233 1524 279 48 (34-25161)

144 1630 304 64 Corrigan,
483 1631 256 54 Rariolo.

213 1708 178 67 Leyes
432 1709 66 51 de
540 1712 182 49 Texas
763 1728 36 47 y
840 1709 68 51 de
947 1706 397 69 immigración
1385 1707 67 51 de
1491 1707 82 52 los
1616 1707 245 52 Estados
1902 1706 240 67 Unidos,

141 1785 349 62 traducidas,
527 1787 274 54 anotadas
836 1807 35 47 y
907 1786 332 68 publicadas
1273 1803 105 49 por
1413 1786 81 52 los
1530 1785 340 52 licenciados
1905 1786 238 52 Bartolo

144 1863 284 70 Corrigan
467 1886 36 46 y
545 1865 208 53 Daniel
796 1867 219 50 Fraser.
1098 1863 135 68 [San
1274 1864 273 66 Antonio,
1590 1867 154 63 Tex.,
1786 1864 240 53 Printed
2068 1865 74 67 by

141 1944 123 53 The
293 1945 218 67 Naylor
542 1943 265 69 printing
834 1960 296 51 company]
1170 1946 148 49 1933.

216 2003 550 63 3 p. l., 159 p. 23½ cm .
151 2085 1988 52 © June 17, 1933; 2c. and aff. June 20; A 64060; Bat Corrigan and
220 2148 57 38 D.
305 2147 52 38 A.
390 2147 189 46 Fraser,
613 2146 96 39 San
737 2144 222 40 Antonio.

141 2249 195 66 Craig,
368 2251 60 54 C.
459 2251 87 54 W.
576 2249 293 56 Thurlow.

210 2328 57 52 A
310 2326 150 53 rebel
506 2325 92 53 for
643 2344 31 34 a
718 2326 180 68 horse,
940 2326 74 67 by
1060 2325 62 54 C.
1164 2326 89 54 W.
1299 2326 272 52 Thurlow
1620 2324 191 69 Craig.
1886 2325 257 67 London,

139 2406 70 53 A.
245 2404 237 68 Barker,
514 2404 104 53 ltd.
677 2406 152 65 [1934]

211 2477 1041 50 320 p. front., plates, ports., map. 22½ cm.
150 2546 1990 51 © 1c. Aug. 17, 1934; A ad int. 19292; pubd. June 25; C. W. Thurlow
214 2607 158 47 Craig,
402 2608 216 45 Alsager,
648 2605 244 47 Cheshire,
923 2606 235 47 England.
1229 2606 279 47 (34-25358)

141 2709 223 66 Crofts,
399 2712 289 51 Freeman
720 2708 184 65 Wills,
941 2712 163 51 1879-

217 2787 256 68 Mystery
509 2804 69 35 on
618 2785 418 67 Southampton
1071 2792 190 60 water,
1297 2786 70 68 by
1410 2787 268 52 Freeman
1720 2784 165 55 Wills
1926 2784 208 54 Crofts.

148 2864 255 68 London,
435 2863 238 52 Hodder
707 2863 113 52 and
853 2862 338 68 Stoughton,
1223 2863 238 69 limited,
1498 2867 149 52 1934.

214 2935 86 40 319
328 2947 41 37 p.
400 2935 108 41 incl.
536 2945 126 37 map.
721 2934 55 40 20
779 2937 43 21 cm
829 2967 7 7 .

146 3007 1964 52 © 1c. Aug. 18, 1934; A ad int 19287; pubd. July 26: Dodd, Mead & co.,
213 3068 104 46 inc.,
347 3069 115 38 New
491 3068 142 38 York.
707 3065 279 49 (34-25163)

138 3170 121 53 The
306 3167 372 56 Cumulative
726 3167 297 53 loose-leaf
1066 3169 253 53 business
1365 3172 428 67 encyclopedia;
208 3172 1929 143 editor-in-chief,

419 3246 1714 72 Harry T. Collings … Philadelphia, Chicago [etc.]
211 3322 1229 71 The John C. Winston company [ c 1934]
208 3397 57 40 10
290 3408 43 30 v.
389 3397 174 39 fronts.
593 3395 47 48 (1
672 3397 112 38 col.:
816 3404 42 31 v.
888 3394 50 48 8)
978 3395 141 45 illus.,
1146 3396 172 48 plates,
1347 3400 164 46 ports.,
1542 3398 193 47 diagrs.,
1765 3398 168 40 forms.
1993 3399 54 39 22½
2081 3401 43 21 cm
2129 3431 8 7 .

211 3453 259 40 Published
503 3451 114 40 1925
649 3452 153 38 under
834 3452 133 39 title:
1001 3451 233 41 Business
1267 3453 184 47 library
1483 3456 78 39 for
1593 3455 222 40 business
1849 3466 120 30 men.

199 3509 126 41 Vols.
354 3508 114 42 9-10
495 3509 155 47 paged
680 3507 352 47 continuously.

485 3563 1653 55 CONTENTS. — v. 1. The executive business administration, by A. H.
141 3622 313 41 Church.—v.
481 3621 43 40 2.
550 3620 308 46 Production,
884 3620 61 46 by
971 3620 53 40 E.
1052 3620 61 41 H.
1141 3621 133 41 Fish.
1331 3623 275 50 Personnel,
1635 3624 60 48 by
1722 3625 71 41 W.
1821 3625 51 41 L.
1902 3626 236 41 Fletcher.

142 3676 114 44 Cost
287 3678 300 46 accounting,
619 3677 60 46 by
713 3675 42 41 J.
787 3676 50 39 L.
872 3676 382 42 Nicholson.—v.
1288 3678 41 41 3.
1366 3679 188 41 Income
1589 3683 100 46 tax,
1724 3682 60 46 by
1817 3683 44 40 J.
1893 3682 247 46 Herndon,

141 3733 59 47 jr.
266 3734 358 48 Corporations,
662 3733 61 47 by
762 3732 54 43 R.
857 3733 42 39 J.
941 3732 223 41 Bennett.
1228 3736 315 48 Accounting,
1584 3737 60 48 by
1683 3738 55 42 N.
1782 3739 60 40 H.
1884 3739 257 47 Prouty.—

144 3802 42 29 v.
222 3791 43 41 4.
302 3792 232 39 Business
572 3789 279 46 economics,
891 3789 60 47 by
988 3788 60 41 H.
1085 3790 52 39 T.
1177 3789 227 49 Collings.
1477 3794 234 48 Banking,
1750 3795 61 46 by
1849 3796 52 40 F.
1943 3796 199 40 Parker.

142 3846 207 42 Finance
383 3849 94 38 and
511 3847 305 38 investment,
850 3845 59 46 by
943 3846 49 38 L.
1031 3846 47 38 P.
1117 3845 346 50 Stradley.—v.
1499 3849 44 41 5.
1576 3850 291 50 Marketing,
1901 3852 61 47 by
1998 3853 51 41 F.
2086 3852 54 40 E.

141 3901 159 42 Clark.
371 3903 376 46 Salesmanship,
791 3903 54 44 by
886 3902 54 39 R.
985 3903 47 41 L.
1077 3902 159 41 Wood.
1306 3907 545 48 Credits—collections,
1893 3909 63 50 by
2000 3909 43 40 S.
2084 3909 58 40 R.
