2350 4196
1189 4023 98 47 202

248 404 486 68 Merezhkovskiǐ,
765 404 221 56 Dmītriǐ
1037 407 393 65 Sergi͡eevīch,
1460 408 172 50 1865-

307 484 1915 68 Jesus the unknown, by Dmitri Merejkowski … [v. 1] New
241 565 176 66 York,
446 566 60 53 C.
539 562 309 55 Scribner’s
876 581 144 47 sons,
1050 565 146 49 1934.

301 639 86 38 445
417 649 41 36 p.
518 637 54 38 21
577 639 43 20 cm
625 668 6 6 .

310 692 318 40 “Translated
659 690 128 39 from
818 690 81 40 the
930 689 213 41 Russian
1173 689 58 46 by
1263 688 59 41 H.
1357 688 318 41 Chrouschoff
1706 687 297 41 Matheson.”

308 747 204 41 “Notes”:
577 767 54 29 [v.
664 748 41 48 1]
737 757 43 37 p.
829 745 234 50 [409]-445.

238 816 1928 51 © Feb. 2, 1934; 2c. and aff. Feb. 3; A 70400: Charles Scribner's sons.
317 876 250 47 (34-4554)

240 979 219 62 Meyer,
493 978 173 64 John,
701 981 171 48 1855-

314 1056 119 51 The
457 1055 186 66 origin
669 1054 64 52 of
756 1056 95 51 the
873 1056 205 51 Mount
1104 1055 256 54 Clemens
1384 1054 241 53 mineral
1650 1060 190 60 water,
1866 1053 72 53 its
1963 1053 266 53 chemical

245 1135 343 64 elementary
615 1132 388 65 constituents,
1032 1134 111 51 and
1172 1133 249 53 curative
1449 1132 189 52 effects
1666 1132 269 52 observed
1964 1132 210 65 during
2200 1150 29 32 a

241 1211 198 66 period
476 1209 63 53 of
574 1210 136 68 fifty
746 1228 162 49 years
1047 1245 12 32 [by]
1105 1211 155 54 John
1297 1211 209 65 Meyer.
1590 1209 262 66 [Detroit,
1890 1209 239 52 Printed
2169 1216 55 44 at

239 1287 93 54 the
359 1289 222 51 Herold
609 1287 263 68 printing
901 1307 96 47 co.]
1034 1291 149 49 1933.

313 1361 281 46 cover-title,
623 1360 54 38 21
705 1371 42 36 p.
808 1361 156 46 plates
992 1359 47 47 (1
1068 1359 109 47 col.)
1213 1359 117 40 fold.
1360 1360 94 38 tab.
1516 1360 55 39 23½
1604 1361 43 21 cm
1654 1391 8 7 .

240 1428 1982 50 © Dec. 30. 1933; 2c. and aff. Feb. 3, 1934; A 70120; J. Meyer, Mt.
313 1488 232 47 Clemens,
587 1489 141 39 Mich.
800 1488 249 47 (34-4514)

247 1588 1923 70 Michigan digest. January, 1934, cumulative pamphlet …
315 1668 141 51 with
494 1668 151 52 table
685 1668 63 52 of
785 1672 237 49 statutes
1063 1668 312 52 construed.
1455 1667 82 54 St.
1578 1670 164 63 Paul,
1781 1670 158 52 West
316 1667 1893 146 publishing
441 1765 77 33 co.
553 1779 13 33 [
572 1753 16 20 c
594 1749 135 48 1934
733 1780 12 32 ]

311 1819 54 39 86
394 1830 41 37 p.
495 1819 26 39 2½cm.

239 1872 1690 51 © Jan. 23. 1934; 2c. and aff. Feb. 23; A 69590; West pub. co.
241 1977 266 64 Morgan,
537 1979 153 52 John
719 1978 179 53 Jacob
927 1978 246 64 Brooke,
1204 1981 169 49 1888-

309 2055 1920 68 Keeping a sound mind, by John J. B. Morgan … New
244 2133 177 67 York,
450 2133 120 53 The
598 2133 331 53 Macmillan
960 2151 293 50 company,
1283 2136 150 49 1934.

313 2207 62 47 ix,
404 2206 87 40 440
519 2217 44 37 p.
624 2206 126 41 illus.
810 2206 56 40 20½cm.

317 2263 317 40 “References
662 2264 80 40 for
767 2264 196 40 further
993 2263 254 48 reading”:
1279 2275 42 37 p.
1347 2263 216 40 433-434.

243 2315 1634 54 © Feb. 6, 1934; 2c. and aff. Feb. 7: A 69336: Macmillan co.
317 2378 249 48 (34-4659)

242 2481 259 65 Murrell,
536 2480 272 68 William,
844 2485 168 49 1889-

247 2559 1985 145 A history of American graphic humor, by William Murrell. v. 1. (1747-1865) … New York, Whitney museum of
246 2713 306 53 American
581 2720 107 61 art,
720 2718 148 50 1933.

315 2787 134 47 xviii,
478 2788 85 38 245
590 2798 42 37 p.
690 2788 125 40 illus.
848 2788 130 47 (incl.
1006 2788 239 48 facsims.)
1310 2789 25 38 28½
1397 2791 44 21 cm
1446 2820 7 7 .

317 2843 67 38 “A
411 2844 183 48 partial
619 2844 83 40 list
729 2844 51 40 of
808 2845 158 40 works
993 2845 248 40 consulted
1270 2856 52 29 or
1351 2845 216 41 referred
1596 2846 75 40 to”:
1732 2847 90 38 vol.
1875 2877 8 15 I,
1911 2858 42 37 p.
1999 2846 231 49 [241]-242.

248 2897 1985 50 © Feb. 19, 1934; 2c. and aff. Feb. 21; A 69539; Whitney museum of
308 2958 156 38 Amer.
496 2960 88 37 art.
660 2957 249 49 (34-4666)

250 3060 276 53 National
560 3062 221 53 council
814 3062 63 52 of
908 3064 271 52 teachers
1212 3063 63 53 of
1307 3064 267 63 English.
1652 3067 335 52 Committee
2021 3084 71 34 on
317 3065 1892 139 college
462 3139 256 67 reading.

318 3214 291 54 Students’
644 3216 170 67 guide
853 3223 57 48 to
947 3218 147 67 good
1131 3218 264 67 reading;
1436 3239 30 32 a
1504 3219 97 52 list
1637 3220 63 52 of
1736 3238 149 34 some
1922 3221 130 51 nine
244 3221 1960 122 hundred
409 3290 172 54 books
609 3292 126 51 well
760 3294 183 52 worth
969 3293 286 69 knowing,
1282 3293 296 69 enjoyable
1605 3301 57 47 to
1692 3296 152 68 read,
1874 3297 112 52 and
2015 3295 217 69 largely

248 3369 278 53 available
560 3370 57 52 in
651 3370 363 68 inexpensive
1050 3373 261 66 editions,
1345 3375 279 66 prepared
1657 3376 74 66 by
1763 3376 96 52 the
1897 3376 333 53 Committee

248 3465 69 34 on
348 3449 207 66 college
586 3448 239 69 reading
852 3450 63 51 of
943 3450 94 52 the
1066 3451 271 53 National
1366 3452 219 52 council
1614 3452 63 52 of
1704 3453 250 52 teachers
1984 3453 62 52 of
250 3454 1958 122 English.
466 3526 243 51 Atwood
748 3528 75 51 H.
862 3529 334 65 Townsend,
1232 3529 306 53 chairman.
1637 3530 286 67 [Chicago,
1961 3529 265 54 National

248 3604 218 51 council
495 3603 63 53 of
583 3604 250 53 teachers
861 3605 63 51 of
953 3606 261 68 English]
1248 3613 17 21 c
1270 3609 148 50 1933.

317 3673 55 39 54
401 3684 42 37 p.
503 3673 54 40 23
562 3676 42 20 cm
611 3706 6 7 .

317 3727 266 49 Classified,
620 3732 263 39 annotated
919 3733 94 39 and
1047 3732 174 48 priced.

319 3784 131 40 First
485 3785 195 47 edition,
716 3785 126 47 1933,
879 3790 235 44 prepared
1149 3788 60 46 by
1245 3789 53 38 A.
1336 3788 59 40 H.
1432 3788 281 51 Townsend,
1751 3789 76 40 for
1866 3792 93 37 and
1998 3790 118 39 with
2153 3791 80 39 the

252 3838 105 48 help
388 3841 51 39 of
467 3842 81 38 the
577 3841 386 48 Intercollegiate
994 3844 271 40 committee
1296 3855 58 28 on
1387 3844 235 40 students’
1656 3845 210 47 reading.

249 3894 1982 54 © Oct. 4, 1933; 2c. Feb. 23, 1934; aff. Jan. 24: A 70372; Natl. council of
316 3956 218 38 teachers
562 3956 50 38 of
639 3956 212 47 English.
924 3957 249 50 (34-4535)
