2350 4196
1063 4005 129 53 1407

210 428 1923 53 vii, [1], 243. iv p. illus. (incl. ports., map) diagrs. 18½cm. (Cebco
140 488 173 46 series)

209 544 123 41 Text
361 555 58 29 on
447 555 145 38 pages
622 546 54 49 [2]
705 547 93 38 and
831 546 39 48 [3]
916 546 50 39 of
991 556 152 29 cover.

211 601 346 48 Bibliography:
618 613 42 37 p.
690 602 203 41 232-242

140 656 49 51 ©
224 660 126 48 Sept.
381 660 68 40 25.
480 660 139 47 1934;
650 660 66 41 2c.
748 662 94 38 and
872 662 81 38 aff.
987 661 125 46 Sept.
1145 659 81 41 28;
1259 660 39 37 A
1329 659 168 39 79182:
1530 659 189 45 College
1748 661 233 37 eniranee
2010 658 122 40 book

204 728 80 36 co.,
312 717 90 40 inc.
473 717 279 48 (34-35233)

140 804 295 66 Hodgson,
466 807 201 53 James
700 808 296 64 Goodwin,
1029 809 169 51 1892-
1412 822 178 50 comp.

263 880 1868 71 … Government ownership of public utilities, compiled by
135 960 192 53 James
352 959 281 55 Goodwin
658 961 295 69 Hodgson.
1016 961 136 53 New
1178 959 180 69 York,
1380 959 121 53 The
1524 960 76 52 H.
1624 960 90 54 W.
1744 959 218 54 Wilson
138 976 1968 130 company,
341 1040 151 50 1934.

205 1110 85 41 194
316 1121 42 37 p.
420 1110 55 40 20
480 1113 43 21 cm
527 1144 6 5 .
608 1111 123 48 (The
761 1112 247 42 reference
1034 1110 141 47 shelf,
1203 1121 91 30 vol.
1381 1140 9 17 IX,
1420 1121 72 29 no.
1520 1110 50 49 7)

208 1168 369 46 Bibliography:
607 1178 43 37 p.
683 1168 188 50 [21]-41.

141 1222 1993 53 © Aug. 30, 1934; 2c. Sept. 14: aff. Sept. 25; A 76137: H. W. Wilson co.
216 1283 277 48 (34-27297)

140 1375 396 64 Humphreys,
570 1377 146 62 Ray.

205 1452 228 67 Hunch,
463 1453 74 66 by
572 1453 125 67 Ray
730 1453 387 68 Humphreys.
1194 1454 136 51 New
1368 1453 179 54 York.
1584 1454 212 63 Coring
1830 1456 38 48 &
1908 1454 226 51 Mussey

177 1534 133 49 [c1934]

462 1604 445 48 vi, p., 1 l., 9-255 p. 19½cm.
141 1658 1937 51 © Oct. 20, 1934; 2c. Oct. 15; aff. Oct. 30: A 77015; Loring & Mussey.
217 1719 279 47 (34-35691)

139 1795 179 64 Hurd,
353 1796 227 51 Archer
608 1791 206 69 Willis,
850 1800 169 49 1883-

207 1873 90 52 An
335 1873 352 67 experiment
720 1874 56 50 in
816 1875 93 51 the
945 1892 95 34 use
1076 1873 63 53 of
1175 1895 27 32 a
1239 1875 267 66 teaching
1541 1875 124 51 unit
1702 1876 56 50 in
1797 1876 229 63 science,
2061 1875 74 66 by

136 1950 1938 70 Archer Willis Hurd … with foreword by Otis W. Caldwell …
139 2028 138 53 New
325 2030 159 51 York
528 2032 133 65 city.
706 2032 141 52 Pub.
896 2030 92 52 for
1032 2036 67 48 A.
1146 2034 88 52 W.
1280 2032 191 57 Hurd,
1517 2032 273 52 Institute
1836 2032 62 51 of
1943 2032 190 52 school

136 2107 1972 70 experimentation. Teachers college, Columbia university [ c 1933]
208 2183 61 44 vi,
299 2181 58 40 50
383 2193 41 36 p.
482 2181 54 40 23
541 2184 43 21 cm
592 2215 6 6 .

237 2240 99 37 "The
374 2240 106 39 unit
517 2239 127 48 topic
683 2240 298 47 'Electricity
1017 2241 50 38 in
1102 2240 404 40 communication'
1562 2251 99 29 was
1700 2239 356 48 selected.”—p.
2096 2242 37 38 8.

209 2296 189 40 ‘‘Books
423 2297 79 38 for
531 2298 396 46 supplementary
957 2297 274 40 reference":
1291 2309 42 37 p.
1363 2298 154 40 12-13.

141 2349 1993 53 © Aug. 27, 1933; 2c. Oct 1, 1934; aff. Sept. 29: A 76206: A. W. Hurd.
210 2411 334 47 Minneapolis.
618 2411 253 47 (34-35650)

190 2485 285 66 [Ishikawa,
508 2485 207 66 Hajime]
808 2491 323 50 1885-1912.

207 2563 53 51 A
288 2563 248 53 handful
566 2563 63 53 of
657 2566 169 64 sand;
860 2565 315 53 translated
1205 2565 152 53 from
1384 2567 96 51 the
1512 2564 184 55 works
1725 2565 64 53 of
1820 2564 313 53 Takuboku

140 2639 284 54 Ishikawa
472 2641 192 66 [pseud.
674 2676 11 33 ]
724 2643 72 67 by
833 2642 138 55 Shio
1006 2642 325 69 Sakanishi,
1452 2689 9 7 PH.
1535 2686 10 9 D.;
1611 2644 140 51 with
1786 2662 27 33 a
1852 2640 282 54 foreword

141 2718 1998 71 by His Excellency Hirosi Saito … Boston, Marshall Jones
140 2815 278 51 company
497 2801 150 64 [c1934]

213 2871 1928 48 xvi, 77 p. incl. front. (port.) 18½cm. (Half-title: Modern Japanese
145 2928 131 44 poets
306 2929 163 39 series,
532 2939 40 29 v.
604 2929 49 46 1)

211 2984 163 41 “First
402 2985 197 40 edition.
663 2985 205 40 Limited
904 2990 47 35 to
984 2996 141 30 seven
1160 2987 218 39 hundred
1413 2988 95 38 and
1540 2986 110 47 fifty
1681 2985 201 48 copies."

208 3041 126 42 Title
363 3042 45 38 in
438 3041 241 47 Japanese
708 3053 59 28 on
797 3042 248 41 half-title.

145 3096 1825 50 © Oct. 15, 1934; 2c. and aff. Oct. 19; A 75866: Marshall Jones co.
224 3157 278 44 (34-35669)

143 3230 278 59 Johnson,
454 3233 201 53 James
685 3233 258 59 Weldon,
978 3236 170 53 1871-

211 3309 189 68 Negro
432 3311 352 55 Americans,
818 3312 151 51 what
1003 3312 158 51 now?
1243 3315 87 65 By
1363 3316 192 48 James
1587 3313 239 53 Weldon
1862 3312 275 54 Johnson.

146 3388 134 51 New
309 3389 178 53 York,
516 3390 120 50 The
663 3389 221 63 Viking
913 3408 172 48 press.
1116 3394 147 50 1934.

215 3461 96 41 viii,
343 3461 81 39 103
453 3474 40 35 p.
550 3461 54 39 19½
638 3465 14 19 cm
688 3496 6 5 .

149 3513 48 51 ©
225 3519 99 39 Oct.
350 3520 68 41 22,
446 3520 112 38 1934;
615 3519 65 40 2c.
708 3520 100 40 Oct.
835 3519 53 38 22:
945 3520 81 39 aff.
1057 3520 100 40 Oct.
1184 3520 53 39 23;
1294 3523 39 37 A
1360 3521 169 41 75891;
1597 3555 5 6 J.
1630 3522 71 39 W.
1730 3520 230 40 Johnson,
1990 3520 148 39 Great

214 3575 307 49 Barrington,
558 3578 145 37 Mass.
776 3577 279 48 (34-35660)

150 3647 258 67 Kenyon,
442 3654 135 54 Mrs.
613 3652 317 61 Josephine
963 3653 422 64 (Hemenway)
1427 3657 170 49 1880-

213 3729 256 67 Healthy
500 3730 191 53 babies
726 3749 93 33 are
851 3730 199 68 happy
1080 3730 219 60 babies;
1336 3751 29 33 a
1399 3733 274 65 complete
1708 3730 303 52 handbook
2048 3729 92 51 for

148 3808 227 53 modern
430 3809 266 66 mothers,
747 3808 75 67 by
878 3808 310 67 Josephine
1251 3810 343 64 Hemenway
1651 3809 261 65 Kenyon,
2024 3851 8 7 M.
2131 3852 6 5 D.

149 3884 227 56 Boston.
405 3887 195 65 Little,
627 3888 230 65 Brown,
887 3887 112 52 and
1028 3905 296 50 company,
1356 3891 149 49 1934.
