2350 4296
1089 4009 100 45 417

137 354 267 55 Atlantic
444 362 271 61 reporter.
794 356 168 54 Cases
1002 356 212 67 argued
1256 355 112 51 and
1409 354 352 52 determined
1798 355 61 52 in
1896 354 97 52 the
209 352 1899 149 Supreme

439 440 187 48 courts
666 435 62 51 of
768 434 210 66 Maine,
1016 436 138 51 New
1193 433 370 67 Hampshire,
1604 434 293 65 Vermont,
1943 432 196 52 Rhode

208 512 215 67 Island,
456 514 110 51 and
600 513 396 67 Connecticut;
1034 513 274 66 Supreme
1338 518 162 47 court
1529 512 111 52 and
1674 510 273 68 Superior
1978 515 162 48 court

209 591 63 52 of
319 592 452 66 Pennsylvania;
824 593 179 54 Court
1049 590 63 52 of
1158 609 183 33 errors
1389 590 113 52 and
1550 589 249 68 appeals,
1849 590 180 54 Court
2076 589 62 52 of

208 669 294 68 chancery,
552 670 269 67 Orphans'
889 673 176 64 court,
1116 669 110 51 and
1279 669 274 67 Supreme
1606 668 110 51 and
1765 668 373 68 Prerogative

209 753 187 48 courts
428 748 62 51 of
521 750 138 51 New
689 751 227 65 Jersey;
954 749 274 66 Supreme
1259 752 177 51 court.
1469 747 180 53 Court
1678 747 59 51 in
1767 748 160 66 banc,
1961 746 178 54 Court

209 825 63 52 of
307 827 292 64 chancery,
640 827 273 67 Superior
950 829 177 65 court,
1164 828 180 53 Court
1379 825 62 54 of
1476 829 228 64 general
1740 826 254 55 sessions.
208 825 1906 146 Orphans'

446 911 158 46 court
640 906 110 52 and
790 907 177 54 Court
1005 904 61 53 of
1102 923 134 48 oyer
1272 905 111 51 and
1418 905 271 51 terminer
1727 904 61 52 of
1824 905 315 65 Delaware,

212 983 110 51 and
357 983 177 53 Court
568 984 62 51 of
663 984 233 66 appeals
930 983 61 51 of
1024 983 327 66 Maryland,
1385 983 139 50 with
1558 983 107 65 key
1696 983 238 50 number
209 1001 1905 111 annotations.

545 1079 49 34 v.
652 1064 115 48 169.
874 1060 323 61 December,
1253 1060 486 67 1933-February,
1797 1064 148 48 1934.
2055 1062 82 52 St.

208 1139 164 67 Paul,
402 1141 160 53 West
591 1139 334 68 publishing
955 1157 95 49 co.,
1084 1142 148 49 1934.

215 1225 78 35 xx,
323 1213 112 39 1021
465 1224 42 36 p.
565 1224 122 36 map.
746 1213 55 39 26
805 1215 43 21 cm
855 1245 6 8 .

147 1279 55 52 ©
230 1284 120 39 Mar.
381 1284 68 46 28,
480 1283 140 47 1984;
654 1283 66 40 2c.
750 1284 113 47 Apr.
893 1282 82 48 20;
1008 1282 80 40 aff.
1120 1283 113 47 Apr.
1265 1282 81 47 25;
1379 1283 41 38 A
1450 1282 170 43 71390;
1655 1283 135 40 West
1821 1283 106 47 pub.
1963 1294 64 29 co.

143 1401 285 65 Baldwin,
455 1405 137 52 Mrs.
623 1404 147 53 Sara
798 1403 71 52 A.
902 1401 266 66 (Mullin)
1203 1403 82 52 ed.

213 1480 339 53 Illustriana
596 1481 253 65 Kansas;
897 1479 395 69 biographical
1337 1481 253 54 sketches
1636 1479 63 53 of
1741 1480 226 53 Kansas
2012 1499 123 34 men

144 1559 112 52 and
286 1576 217 35 women
535 1558 64 52 of
629 1559 384 53 achievement
1041 1560 125 50 who
1195 1560 146 50 have
1369 1559 138 53 been
1539 1559 260 54 awarded
1833 1558 105 53 life
141 1578 1971 126 membership

410 1636 60 52 in
509 1637 226 53 Kansas
773 1636 324 54 illustriana
1136 1636 227 67 society,
1402 1636 188 53 edited
1627 1638 75 65 by
1745 1636 143 55 Sara
1926 1638 209 51 Mullin

143 1714 269 54 Baldwin
453 1715 112 52 and
603 1716 215 51 Robert
852 1716 232 51 Morton
1122 1715 282 52 Baldwin.
1481 1716 254 65 Hebron,
1775 1716 157 65 Neb.,
143 1716 1972 129 Illustriana
360 1793 417 67 incorporated,
812 1798 149 49 1933.

216 1865 114 41 1365
361 1876 42 37 p.
435 1865 110 40 incl.
576 1865 142 48 illus.,
749 1869 147 45 ports.
957 1865 55 41 27
1016 1867 43 21 cm
1065 1897 8 8 .

217 1936 227 40 Lettered
471 1947 59 29 on
559 1947 165 30 cover:
755 1937 258 39 American
1040 1936 279 40 illustriana
1351 1937 195 47 society,
1577 1937 195 40 Hebron
1804 1938 94 39 and
1930 1937 212 47 Lincoln,

146 1991 267 43 Nebraska.

149 2059 50 52 ©
227 2065 108 39 Jan.
363 2065 69 46 20,
460 2065 139 47 1934;
630 2066 66 40 2c.
724 2067 94 38 and
847 2065 80 41 aff.
955 2066 112 47 Apr.
1095 2067 80 45 11;
1205 2066 42 38 A
1272 2065 170 41 70999:
1474 2066 181 40 Robert
1684 2068 192 38 Morton
1905 2067 238 48 Baldwin,

219 2122 209 47 Hebron,
455 2122 114 40 Neb.
641 2122 251 48 (34-8043)

148 2236 274 69 Bigelow,
450 2241 202 65 Harry
681 2242 332 65 Augustus,
1045 2242 171 54 1874-

143 2317 2003 151 Introduction to the law of real property, by Harry A. Bigelow … and Joseph Warren Madden … 2d ed. … St. Paul,
141 2473 160 54 West
330 2474 336 71 publishing
696 2495 296 51 company,
1024 2481 151 50 1934.

220 2549 25 38 1
273 2558 42 37 p.
343 2549 44 46 L,
416 2547 165 48 vii-xi,
608 2549 55 40 95
690 2560 42 37 p.
794 2549 54 41 25½
883 2553 43 20 cm
931 2583 8 8 .
1008 2552 280 47 (American
1316 2553 236 41 casebook
1580 2554 177 46 series;
1789 2555 71 40 W.
1890 2555 55 39 R.
1974 2555 175 47 Vance,

143 2606 196 48 general
368 2606 181 48 editor)

221 2662 1927 57 “The treatise … stops substantially with the 18th century law.”—
145 2720 128 42 Pref.
303 2724 50 39 to
384 2723 73 39 1st
488 2724 72 39 ed.

152 2790 50 52 ©
230 2794 109 41 Feb.
365 2795 70 47 22,
461 2795 141 46 1934;
630 2795 66 41 2c.
724 2796 122 39 Mar.
873 2795 81 47 19;
984 2796 80 41 aff.
1093 2798 118 39 Mar.
1239 2798 82 46 21;
1350 2799 40 38 A
1417 2799 169 48 69915;
1617 2801 136 41 West
1780 2803 108 47 pub.
1915 2813 66 30 co.

228 2852 250 48 (34-7816)

148 2965 311 68 Bradway,
490 2969 155 52 John
676 2970 237 64 Saeger,
947 2974 170 48 1890-

218 3045 121 52 The
371 3046 103 52 bar
506 3047 113 52 and
652 3047 195 67 public
879 3049 298 67 relations;
1213 3069 71 34 an
1316 3051 391 52 introduction
1741 3058 57 47 to
1830 3054 96 56 the
1958 3054 195 68 public

150 3123 270 53 relations
449 3123 134 53 field
615 3125 63 52 of
706 3126 95 51 the
831 3127 119 67 bar,
981 3128 75 68 by
1085 3127 156 54 John
1274 3129 55 54 S.
1362 3131 306 67 Bradway.
1735 3132 418 70 Indianapolis,

148 3202 120 51 The
302 3201 444 55 Bobbs-Merrill
777 3221 280 53 company
1093 3239 13 34 [
1112 3214 17 20 c
1134 3210 135 49 1934
1274 3241 12 33 ]

218 3274 133 48 xviii,
383 3274 84 40 362
499 3286 42 37 p.
601 3275 165 50 front.,
797 3278 171 48 plates.
1029 3277 55 42 23½
1119 3283 43 20 cm
1167 3314 7 7 .

221 3332 202 41 “Notes”
455 3332 249 51 including
732 3334 363 50 bibliography:
1128 3349 43 37 p.
1199 3338 217 41 237-322.

154 3400 50 52 ©
234 3406 118 38 Mar.
381 3406 39 46 3,
449 3405 115 40 1934
581 3416 8 36 ;
619 3406 66 40 2c.
715 3407 120 39 Mar.
864 3406 51 48 6;
946 3407 82 41 aff.
1057 3410 121 40 Mar.
1206 3410 81 47 10;
1319 3412 40 38 A
1388 3412 142 41 69973
1550 3424 8 36 ;
1590 3415 41 40 J.
1664 3417 44 40 S.
1739 3417 257 47 Bradway,
224 3422 1907 88 Durham,
380 3463 55 39 N.
467 3462 48 41 C.
590 3462 250 47 (34-7815)

149 3576 296 67 Brandon,
479 3580 238 64 Joseph,
754 3583 172 49 1896-

222 3656 396 68 Technocracy
656 3675 63 34 or
755 3657 360 72 democracy;
1157 3662 184 53 which
1381 3664 148 53 shall
1567 3685 213 50 govern
1819 3689 103 35 our
151 3673 1977 112 industries?

389 3735 92 67 By
508 3734 216 68 Joseph
755 3736 291 54 Brandon.
1112 3739 208 69 Hollis,
1348 3742 70 52 N.
1452 3743 88 69 Y.,
1571 3745 63 56 C.
1665 3747 70 53 A.
1763 3750 207 63 Baker,
2002 3756 150 50 1933.

219 3805 556 50 2 p. l. , 3-60 p. 19 cm .
156 3873 50 52 ©
246 3879 119 38 Mar.
404 3878 69 46 15,
510 3878 140 46 1933;
690 3878 66 40 2c.
795 3879 109 41 Feb.
944 3882 38 45 7,
1021 3882 141 46 1934;
1201 3885 81 40 aff.
1323 3886 108 41 Feb.
1471 3890 52 47 5;
1565 3891 42 40 A
1644 3895 143 41 70539;
1856 3897 202 41 Charles
2097 3902 39 36 A

223 3935 173 39 Baker.
468 3935 249 48 (34-7827)
