2350 4196
1065 4059 131 50 1451

140 411 151 65 Cole,
322 413 227 63 George
578 412 263 64 Douglas
929 412 215 60 Howard,
1176 413 170 50 1889—

208 486 1929 71 A guide to modern politics, by G. D. H Cole and Margaret
138 566 151 55 Cole.
355 567 138 52 New
525 567 177 65 York,
730 568 71 52 A.
832 567 69 52 A.
931 565 224 67 Knopf,
1184 567 150 50 1934.

209 639 688 49 xii. 454, xiv p., 1 l. 21 cm .
210 696 159 40 “First
404 695 254 41 American
693 696 226 41 edition.”

212 753 344 47 Bibliography:
621 764 42 37 p.
716 753 233 39 [449]-454.

142 806 1994 52 © Oct. 29. 1934; 2c. Oct. 31; aff. Nov. 1; A 77041; G. 1). H. Cole and
210 869 247 43 Margaret
484 867 124 41 Cole.
637 868 209 37 London.
920 864 277 49 (34-36566)

139 955 1998 67 The cyclopedia of medicine. George Morris Piersol … editor-
207 1033 1930 147 in-chief and Edward L. Bortz … assistant editor … Illustrated with numerous half-tone and line engravings and
207 1209 170 48 many
405 1193 309 51 handsome
741 1191 111 52 full
880 1210 144 50 page
1051 1192 151 52 color
1229 1191 198 67 plates,
1505 1210 48 32 v.
1585 1193 80 49 12.
1713 1192 138 65 [Ten
1878 1196 57 48 to
1964 1192 170 64 Zona]

210 1269 426 68 Philadelphia,
665 1272 64 50 F.
757 1272 69 51 A.
857 1271 180 51 Davis
1067 1288 296 49 company,
1396 1273 149 49 1934.

207 1345 132 46 xxxi,
368 1345 114 38 1604
506 1355 40 36 p.
606 1345 140 39 illus..
776 1345 85 39 col.
891 1345 170 46 plates,
1089 1343 179 47 diagrs.
1324 1343 55 39 26½
1412 1345 43 21 cm
1461 1375 7 6 .

141 1384 1724 65 © Nov. 8, 1934; 2c. and aff. Nov. 24; A 77346“; F. A. Davis co.
148 1492 171 64 Dern,
348 1492 225 65 Peggy.

210 1569 1926 68 Love in the springtime, by Peggy Dern … New York,
137 1646 87 54 W.
254 1647 264 64 Godwin,
546 1650 106 51 inc.
688 1682 11 32 [c
729 1652 133 49 1934]

213 1718 85 42 288
328 1731 42 37 p.
433 1720 53 39 19
490 1723 42 20 cm
539 1756 7 7 .

214 1775 102 41 “An
344 1778 208 38 Arcadia
581 1777 150 40 house
758 1776 340 48 publication.”

142 1831 2000 52 © Oct. 30, 1934; 2c. Nov. 5; aff. Nov. 1; A 76919: William Godwin, inc.
221 1893 279 48 (34-36402)

139 1967 234 66 Dewey,
406 1970 184 52 Davis
620 1970 164 63 Rich,
822 1977 169 46 1858-

272 2044 1869 69 … Financial history of the United States, by Davis Rich
141 2124 1999 67 Dewey … 12th ed. New York, London [etc.] Longmans,
139 2201 185 54 Green
361 2203 112 52 and
507 2221 96 42 co.,
639 2205 150 50 1934.

211 2274 203 48 xxxviii,
451 2274 86 41 600
572 2285 43 37 p.
677 2275 180 48 diagrs.
918 2274 55 39 20½
1007 2278 14 19 cm
1055 2307 7 6 .
1140 2275 297 47 (Half-title:
1478 2275 251 40 American
1768 2275 172 40 citizen
1979 2275 162 41 series,

140 2333 70 39 ed.
243 2333 59 46 by
334 2332 50 39 A.
419 2332 51 39 B.
502 2331 152 48 Hart)

213 2386 158 43 Series
401 2388 107 41 title
535 2388 103 41 also
667 2391 51 37 at
745 2389 123 39 head
898 2388 50 40 of
974 2392 97 44 t.-p.

215 2444 342 49 “Suggestions
586 2445 78 40 for
694 2445 236 46 students,
961 2445 220 40 teachers
1211 2446 94 38 and
1336 2445 225 41 readers”;
1623 2456 41 37 p.
1698 2446 246 49 [ix]-xxix.
141 2446 1985 95 “References”

392 2504 51 37 at
471 2503 80 39 the
580 2502 260 48 beginning
867 2502 51 39 of
945 2502 117 39 each
1092 2502 212 47 chapter.

145 2555 1998 52 © Sept. 24. 1934; 2c. and aff. Oct. 6: A 75640: Longmans, Green & co.
224 2617 278 47 (34-30570)

145 2691 366 65 Dougherty,
544 2692 153 53 John
733 2692 262 63 Charles,
1031 2691 167 53 1897-

213 2767 1869 71 Outlines of Bible study, by Rev. John C. Dougherty …
142 2846 137 51 New
320 2846 178 67 York,
538 2846 342 52 Milwaukee
942 2851 118 61 [etc.]
1103 2847 120 52 The
1263 2847 184 53 Bruce
1489 2846 335 70 publishing
1864 2865 279 51 company

147 2957 12 33 [
165 2930 17 21 c
189 2927 135 50 1934
327 2958 12 33 ]

218 2998 61 38 xi.
307 2998 85 39 212
415 3008 41 36 p.
514 2998 162 38 front.,
701 2997 127 40 illus.
859 2997 183 47 (maps)
1070 2998 169 46 plates,
1270 2997 214 41 facsims.
1538 2996 56 41 20½
1627 3000 16 21 cm
1678 3032 6 6 .

214 3054 112 48 Map
353 3066 58 28 on
441 3055 133 39 front
606 3054 333 47 lining-paper.

218 3111 220 41 Includes
464 3111 390 47 bibliographies.

216 3168 272 45 “Headings
514 3169 124 38 from
668 3169 80 39 the
778 3168 193 40 Bible”:
1008 3179 40 35 p.
1081 3168 251 48 [137]-[206]

147 3224 50 51 ©
231 3229 126 47 Sept.
388 3229 68 39 18.
486 3227 140 39 1934:
657 3229 64 37 2c.
754 3229 93 37 and
878 3228 81 38 aff.
991 3227 101 40 Oct.
1122 3228 80 40 15:
1235 3229 40 37 A
1304 3228 170 47 76552;
1508 3230 160 39 Bruce
1693 3230 109 46 pub.
1833 3241 67 29 co.

225 3286 278 47 (34-36414)

145 3360 268 65 Dunnell,
445 3361 172 51 Mark
649 3360 291 65 Boothby,
975 3366 170 48 1864—

215 3438 323 51 Minnesota
580 3439 212 67 digest;
836 3440 376 65 supplement,
1255 3444 150 53 1934,
1446 3442 72 65 by
1559 3441 169 51 Mark
1770 3443 64 49 B.
1876 3442 267 52 Dunnell.
148 3514 337 59 Owatonna,
518 3516 200 57 Minn.,

752 3518 320 51 Minnesota
1108 3518 108 51 law
1249 3519 146 51 book
1428 3538 96 34 co..
1560 3523 148 48 1934.

215 3592 67 45 iii,
310 3592 83 39 537
421 3602 41 36 p.
517 3591 114 39 26cm.

150 3643 50 51 ©
226 3648 102 40 Oct.
352 3648 67 41 30,
445 3648 112 37 1934:
612 3647 63 39 2c.
702 3650 93 36 and
822 3647 80 40 aff.
930 3649 117 38 Nov.
1071 3647 54 38 22;
1175 3649 41 38 A
1243 3648 139 40 78262;
1439 3650 62 40 M.
1526 3650 52 38 B.
1606 3650 226 41 Dunnell,
1861 3649 284 43 Owatonna.

219 3705 147 40 Minn.

149 3778 301 66 Edwards,
481 3781 216 63 Tryon,
732 3783 323 65 1809-1894,
1089 3798 175 50 comp.

213 3857 122 52 The
365 3864 123 44 hew
522 3857 322 67 dictionary
878 3858 64 51 of
974 3857 290 69 thoughts,
1299 3878 30 33 a
1364 3857 328 68 cyclopedia
1727 3859 64 52 of
1823 3861 326 66 quotations

148 3934 148 53 from
328 3935 94 51 the
453 3935 120 52 best
606 3935 234 52 authors
873 3935 64 51 of
967 3935 94 53 the
1095 3937 196 53 world,
1324 3937 135 51 both
1493 3937 225 53 ancient
1749 3939 112 52 and
1895 3941 252 51 modern.
