2350 4196
1140 4011 95 47 1334

583 463 160 38 CONTENTS.—The
776 463 185 46 coming
994 463 49 39 of
1078 460 468 47 Christianity.—St.
1584 460 209 39 Sunniva
1832 461 93 36 and
1960 461 79 37 the
237 460 1964 100 Seljemen.—St.

524 519 132 41 Olav,
689 520 248 45 Norway's
967 519 115 46 king'
1113 522 47 35 to
1192 519 62 37 all
1285 516 355 47 eternity.—St.
1673 516 385 40 Hallvard.—St.
237 518 1966 97 Magnus.
372 576 100 38 earl
504 576 51 38 of
588 577 81 38 the

701 575 192 47 Orkney
927 576 328 39 islands.—St.
1290 573 213 46 Eystein,
1536 573 291 47 archbishop
1857 573 50 38 of
1939 573 280 40 Nklaros.—

241 632 63 38 St.
342 632 242 41 Thorium,
620 632 169 48 bishop
825 633 49 38 of
958 631 393 40 Hamar.—Father
1388 631 120 37 Karl
1547 629 244 45 Schilling.
1829 630 275 39 Barnabite.

239 685 1978 50 © Oct. 3, 1934; 2c. Oct. 4: aff. Oct. 5: A 76307: Longmans. Green & co.
315 746 276 46 (34-33258)

233 820 70 54 U.
334 821 56 52 S.
467 821 272 64 Supreme
769 828 172 46 court.

306 894 1912 70 Cases argued and decided … October term, 1933, in 290,
234 974 117 65 291,
390 976 99 48 292
530 976 70 52 U.
643 973 53 54 S.
773 976 89 50 bk.
904 976 78 51 78.
1059 973 281 66 Lawyers’
1381 972 80 52 ed.
1542 973 291 64 Complete
1872 972 139 51 with
234 972 1959 135 headlines.

423 1051 322 55 headnotes.
778 1058 325 46 statements
1133 1052 62 50 of
1227 1068 165 35 cases,
1425 1051 188 65 points
1647 1051 111 50 and
1792 1048 333 53 authorities
2157 1051 62 50 of

234 1129 240 62 counsel,
513 1129 299 52 footnotes,
852 1131 109 50 and
1000 1130 238 65 parallel
1274 1128 330 56 references,
1640 1129 73 64 by
1751 1129 94 50 the
1882 1127 336 67 publishers'

233 1205 264 54 editorial
537 1204 148 53 staff.
769 1207 314 65 Rochester,
1184 1253 8 7 N.
1237 1208 88 64 Y.,
1368 1205 119 52 The
1529 1207 266 64 Lawyers
1839 1205 378 68 co-operative

234 1282 332 67 publishing
593 1301 294 49 company.
917 1287 148 48 1934.

303 1356 676 48 1670 [i. e. 1682] p. 24½ cm .
235 1409 1982 51 © Oct. 30. 1934; 2c. and aff. Nov. 5: A 76899: Lawyers co-operative pub.
305 1480 65 29 co.

293 1542 1925 69 … University oratorical annual. Volume VI. Compiled and
302 1620 188 53 edited
536 1622 75 66 by
657 1624 163 50 Evan
870 1624 64 50 E.
982 1622 299 51 Anderson
1358 1664 29 7 ..
1468 1622 137 50 New
1653 1621 178 55 York.
1878 1622 180 52 Noble
2107 1623 109 50 and

301 1698 196 68 Noble,
527 1700 337 66 publishers,
895 1700 104 52 inc.
1039 1702 187 63 [c1934]

303 1772 135 41 xxiii,
467 1772 86 39 366
577 1783 42 36 p.
676 1772 53 38 21
732 1774 45 20 cm
781 1803 6 6 .

302 1830 62 37 At
388 1829 122 38 head
538 1829 49 38 of
613 1829 106 38 title:
775 1829 99 38 The
901 1839 115 28 rear
1041 1829 121 38 book
1188 1829 50 38 of
1264 1829 177 47 college
1470 1831 209 44 oratory.

236 1881 1964 101 © Sept. 26. 1934; 2c. Oct. 30: aff. Nov. 8; A 77126; Noble & Noble, publishers, inc.
228 2014 460 67 Villechauvaix,
720 2018 164 62 Jean,
919 2019 169 49 1862-

298 2093 155 54 Pour
492 2093 367 68 comprendre
897 2100 53 46 et
987 2094 221 53 utiliser
1271 2094 446 67 l’homoeopathie,
1754 2113 106 48 par
1898 2096 50 51 le
1987 2096 228 51 docteur

228 2171 54 52 J.
314 2170 449 54 Villechauvaix.
840 2171 183 56 Paris,
1052 2173 66 53 G.
1150 2173 151 51 Doin
1332 2176 44 49 &
1405 2193 27 34 c
1437 2172 32 27 ie
1476 2219 9 10 .
1518 2176 149 49 1934.

302 2245 727 48 2 p. l., [7]-427 p., 1 l. 18 cm .
236 2297 1871 52 © Jan. 23, 1934; 1c. May 29: A-Foreign 24734: Gaston Doin & cie.
312 2357 277 48 (34-22423)

232 2434 258 62 Warren,
522 2434 134 53 Carl
682 2436 73 52 N.

238 2509 1953 131 Modern news reporting, by Carl N. Warren … with an introduction
238 2585 1954 145 by H. F. Harrington … New York and London, Harper & brothers, 1934.
305 2736 48 38 xi
380 2746 58 36 p.,
465 2737 23 36 1
550 2767 8 14 l.,
585 2735 86 40 449
699 2747 41 36 p.
767 2736 107 40 incl.
905 2736 139 42 illus.,
1074 2738 189 47 diagrs.,
1291 2738 166 41 forms.
1514 2740 51 37 21
1572 2742 43 20 cm
1622 2771 6 6 .

231 2792 1966 97 “An extensive revision of the author's … ‘News reporting’.”—Publisher’s announcements.
303 2905 161 41 “First
496 2905 225 41 edition.”

234 2962 1735 54 © Oct. 4. 1934; 2c. Oct. 5: aff. Oct. 6: A 75652; Harper & bros.
312 3023 276 47 (34-33445)

246 3097 262 65 [Watson,
539 3098 260 63 Douglas
830 3099 208 53 Sloane]
1096 3099 167 53 1875-

294 3176 158 52 West
498 3176 180 65 wind;
727 3176 94 51 the
867 3176 104 52 life
1016 3181 156 62 story
1217 3177 62 51 of
1325 3180 215 66 Joseph
1584 3179 335 53 Reddeford
1962 3178 251 66 Walker,

224 3252 208 69 knight
476 3254 63 51 of
580 3254 94 51 the
719 3254 203 67 golden
968 3255 309 52 horseshoe.
1353 3257 110 53 Los
1507 3259 265 65 Angeles,
1818 3256 194 66 Calif.,
2056 3256 155 52 Priv.

227 3330 156 66 print.
428 3331 93 52 for
548 3332 86 51 his
663 3331 220 53 friends
909 3333 73 64 by
1011 3335 62 49 P.
1103 3334 75 51 H.
1208 3335 203 58 Booth,
1443 3338 147 50 1934.

297 3403 1504 51 4 p. l., 109, [3] p. front. (port.) illus., fold. map. 27 cm .
298 3460 210 40 Written
535 3461 60 45 by
623 3461 56 39 D.
712 3460 41 40 S.
784 3461 198 38 Watson
1012 3463 50 37 at
1090 3462 80 38 the
1198 3465 191 44 request
1417 3464 50 39 of
1495 3464 49 39 P.
1573 3465 59 38 H.
1660 3464 171 39 Booth,
1888 3464 59 45 cf.
1977 3461 126 39 Prof.

299 3517 371 47 Bibliography:
708 3528 42 36 p.
790 3516 212 48 [111—112]

233 3577 1809 54 © Aug. 20, 1934; 2c. Oct. 1: aff. Sept. 10: A 75571; P. H. Booth.
312 3638 276 46 (34-32553)

224 3698 250 62 Weelen,
504 3699 146 52 Jean
683 3699 282 52 Edmond.

359 3773 1852 68 … Rochambeau; preface de Gabriel Hanotaux … Avec
233 3854 26 47 7
302 3870 287 48 gravures,
633 3870 104 34 line
781 3857 147 46 carte
972 3852 130 52 hors
1145 3858 149 47 texte
1336 3860 53 46 et
1428 3873 107 33 une
1580 3860 149 48 carte
1772 3856 139 52 dans
1952 3856 50 50 le
2044 3858 165 47 texte.

229 3928 182 67 Paris,
444 3929 147 52 Plon
647 3932 151 61 [1934]
