2350 4196
0 0 0 0 1406
256 399 177 65 Gray,
462 401 221 53 Roscoe
711 399 239 65 Nelson,
982 402 171 50 1892-

321 471 1858 72 Attorneys’ textbook of medicine, by Roscoe N. Gray …
252 554 248 67 Albany,
537 553 70 52 N.
647 554 90 66 Y.,
774 554 79 52 M.
892 555 226 51 Bender
1155 555 45 50 &
1236 568 295 51 company,
1568 549 416 68 incorporated,
2023 552 150 50 1934.

322 627 165 47 xxxvi,
521 626 86 41 865
637 637 45 37 p.
741 626 151 49 diagr.
952 627 57 39 24
1011 628 43 22 cm
1061 660 7 7 .

324 683 227 41 Includes
582 682 390 49 bibliographies.

262 737 55 51 ©
345 741 100 40 Oct.
475 740 68 46 10,
574 740 114 40 1934;
749 740 63 40 2c.
845 742 94 38 and
971 739 81 42 aff.
1084 739 99 40 Oct.
1215 740 80 37 11:
1331 739 41 37 A
1403 737 167 46 75730;
1605 737 236 40 Matthew
1873 737 191 39 Bender
2095 736 32 39 &
2161 747 65 28 co.,

331 798 88 39 inc.
490 796 278 48 (34-34971)

260 871 196 65 Greig,
487 872 246 65 Maysie,
767 878 169 48 1902-

329 946 176 55 Little
539 949 193 54 sisters
764 949 157 53 don’t
953 956 167 45 count
1161 950 108 65 [by]
1308 948 219 66 Maysie
1563 949 194 65 Greig.
1831 947 233 54 Garden
2094 948 152 66 City,

321 1069 8 9 N.
361 1028 89 56 Y.,
477 1027 354 66 Doubleday.
858 1029 194 51 Doran
1083 1030 46 49 &
1155 1045 96 47 co.,
1277 1028 126 54 inc.,
1433 1028 147 48 1934.

332 1103 25 35 4
384 1112 42 35 p.
473 1131 7 7 l.,
525 1099 87 41 309
636 1111 40 37 p.
733 1099 25 39 20c
809 1103 26 19 m
840 1132 7 6 .

363 1157 132 39 "First
523 1156 185 41 edition."

266 1210 51 51 ©
346 1215 76 37 May
485 1213 67 46 16,
579 1212 140 44 1934;
748 1212 65 41 2c.
843 1213 100 40 Oct.
970 1212 81 40 29:
1083 1212 80 40 aff.
1191 1212 100 40 Oct.
1320 1210 81 40 24:
1432 1213 40 36 A
1498 1211 167 40 78110:
1695 1212 296 45 Doubleday.
2020 1212 165 38 Doran
2214 1212 36 39 &

333 1280 81 37 co.,
443 1270 89 39 inc.
603 1270 278 47 (34-13900)

266 1345 162 66 Hale,
458 1345 253 55 William
741 1347 131 63 Jay,
905 1349 169 50 1876-

333 1424 119 54 The
489 1423 152 53 farm
678 1424 352 67 chemurgic;
1071 1423 309 53 farmward
1422 1424 94 52 the
1555 1428 119 48 star
1711 1422 63 52 of
1812 1424 224 66 destiny
2075 1423 175 67 lights

263 1500 1985 70 our way, by William J. Hale … Boston, Mass., The Stratford
261 1582 488 66 company [ c 1934]
335 1657 26 36 4
388 1666 40 36 p.
476 1687 7 8 l.,
526 1654 67 43 iii,
619 1653 83 40 201
730 1665 42 36 p.
826 1654 177 47 diagrs.
1060 1653 54 40 19
1118 1655 43 20 cm
1166 1685 8 7 .

271 1708 1964 106 © Oct. 8, 1934; 2c. Oct. 9; aff. Oct. 11; A 75726: Stratford co., publishers. (34-35635)
270 1845 204 64 Haley,
503 1844 208 53 Daniel
738 1844 54 55 J.

339 1922 120 51 The
490 1923 211 51 science
732 1921 63 51 of
825 1922 95 53 the
951 1921 298 55 detective:
1286 1940 28 33 a
1348 1923 274 65 complete
1653 1923 111 51 and
1799 1923 454 65 comprehensive

274 2000 223 52 treatise
529 2018 71 33 on
631 2000 94 52 the
757 1999 269 52 scientific
1059 1998 322 67 operations
1413 2000 63 52 of
1506 2001 94 52 the
1633 2000 222 66 private
1888 2000 300 53 detective:
2225 2018 26 32 a

272 2077 301 53 handbook
620 2077 63 52 of
732 2075 288 55 authentic
1069 2076 374 53 information
1493 2079 109 51 and
1655 2078 335 51 instruction
2040 2095 69 34 on
2166 2078 89 51 the

272 2158 233 51 modern
541 2156 255 52 methods
833 2154 63 52 of
929 2156 309 66 procedure
1269 2160 56 46 to
1360 2156 64 51 be
1460 2154 268 53 followed
1762 2156 58 51 in
1854 2155 228 66 dealing
2117 2156 135 51 with

272 2232 1924 68 civil, criminal and industrial cases. By Daniel J. Haley …
275 2313 231 55 revised,
544 2311 287 54 rewritten
869 2312 112 51 and
1014 2311 187 52 edited
1235 2311 74 67 by
1345 2310 235 54 Charles
1614 2313 78 51 M.
1728 2312 221 51 Inman.
2027 2314 231 62 Boston,

272 2390 187 55 Mass.,
487 2391 118 50 The
632 2389 245 63 Analyst
904 2389 253 53 alliance.
1185 2393 146 48 1934.

348 2463 114 46 xvii,
491 2462 85 40 156
604 2473 41 37 p.
707 2461 54 40 19½c
811 2464 26 20 m
842 2493 7 8 .

279 2517 1981 51 © May 15. 1934; 2c. June 14: aff. Aug. 13: A 74600: Analyst alliance.
356 2576 277 48 (34-35296)

278 2653 258 63 Hallock,
567 2653 223 53 Gerard
819 2651 315 64 Benjamin
1166 2651 176 66 Fleet,
1373 2671 81 33 ed.

346 2730 241 51 Doran's
618 2728 284 52 ministers
929 2730 229 50 manual;
1221 2750 28 32 a
1279 2731 172 64 study
1483 2732 110 49 and
1625 2731 193 66 pulpit
1844 2730 173 67 guide
2047 2730 92 52 for
2168 2731 92 50 the

276 2808 264 52 calendar
573 2825 135 49 year
743 2809 147 50 1935.
969 2807 128 50 10th
1134 2811 208 49 annual
1377 2809 236 51 volume.
1692 2808 298 67 Compiled
2025 2808 112 52 and
279 2809 1960 128 edited

436 2884 1825 68 by Rev. G. B. F. Hallock, M. A., D. D. New York and
278 2963 255 56 London.
562 2965 231 63 Harper
821 2966 44 48 &
894 2962 274 66 brothers,
1199 2965 147 50 1934.

348 3037 98 46 xxi,
474 3035 83 40 695
584 3047 41 36 p.
679 3036 25 36 21½
767 3037 44 20 cm
816 3069 8 7 .

351 3093 159 39 "First
538 3091 224 40 edition."

284 3147 50 50 ©
360 3151 115 37 Nov.
501 3151 68 40 15,
597 3148 112 40 1934;
763 3150 63 37 2c.
853 3149 93 38 and
973 3148 78 39 aff.
1078 3149 116 39 Nov.
1222 3149 53 38 20:
1331 3151 39 37 A
1398 3149 139 40 77293:
1594 3151 192 47 Harper
1811 3150 36 40 &
1871 3151 122 38 bros.

281 3225 301 64 Hawkins,
611 3224 254 54 William
894 3225 64 51 L.

349 3304 213 66 Purple
605 3303 267 65 Dawson,
914 3303 255 66 rancher,
1210 3303 74 66 by
1326 3304 258 51 William
1627 3305 63 50 L.
1735 3303 298 53 Hawkins.
2126 3304 137 51 New

286 3380 861 67 York, Phoenix press [c1934 ]
384 3452 55 39 350
464 3463 40 37 p.
566 3452 55 39 19
624 3455 42 20 cm
674 3484 5 6 .

286 3508 1818 52 © Oct. 20, 1934; 2c. Oct. 22: aff. Oct. 30: A 76819; Phoenix press.
364 3567 277 45 (34-35690)

286 3645 251 63 Heason,
567 3642 242 64 Stanley
841 3641 215 56 Elmer.

355 3718 1909 70 Economic citizenship, by Stanley E. Heason … James F.
285 3796 1981 69 Cahill … [and] Edward H. Vines … New York city, College
285 3879 261 48 entrance
576 3876 142 51 book
746 3892 293 49 company,
1067 3874 103 54 inc.
1207 3909 10 33 [
1223 3882 18 19 c
1247 3879 148 64 1934]
