2350 4196
1117 4020 62 51 51

140 368 236 57 Central
406 368 346 55 conference
781 365 61 52 of
873 363 316 54 American
1217 361 220 54 rabbis.

214 435 1921 82 [Yearbook] … 44th annual convention, June 22nd to June
138 526 149 65 25th,
321 524 261 52 nineteen
614 520 263 53 hundred
914 520 112 51 and
1062 518 387 65 thirty-three,
1484 516 362 67 Milwaukee,
139 513 1970 146 Wisconsin

140 591 1972 162 … Volume XLIII. Edited by Isaac E. Marcuson. [Kingsport,
318 681 194 65 Tenn.,
543 677 241 55 Printed
816 677 74 67 by
922 676 323 68 Kingsport
1276 693 175 49 press,
1481 674 126 66 inc.,
1639 680 17 21 c
1662 675 152 64 1933]

200 754 85 40 368
316 764 32 37 p
417 752 55 40 23½
505 753 43 21 cm

139 800 1981 113 © Dec. 29, 1933 ; 2c. Jan. 2, 1934; aff. Jan. 13; A 68858; Central conference of Amer. rabbis, Macon, Ga.
140 969 218 66 Childs,
386 968 246 54 Jessica.

206 1045 282 68 Building
510 1046 291 53 character
828 1046 247 65 through
1104 1043 459 68 dramatization,
1590 1044 73 66 by
1689 1044 216 55 Jessica
1935 1045 201 54 Childs

198 1122 1938 72 … Evanston, Ill., New York [etc.] Bow, Peterson & company
143 1236 12 33 [
160 1209 17 22 c
182 1206 151 63 1934]

211 1285 44 38 x,
283 1276 85 40 374
394 1285 43 37 p.
498 1274 55 40 19½c
603 1276 26 21 m
636 1306 7 8 .

212 1331 163 41 “First
399 1330 261 50 printing.”

215 1384 1927 56 “Appendix … [includes] full script of many types of plays … detailed
143 1442 1950 54 directions … for working up three different types of senior plays …
161 1502 109 50 [and]
308 1513 144 37 many
486 1504 247 47 examples
767 1503 51 39 of
853 1507 138 43 types
1025 1503 51 39 of
1109 1503 102 40 oral
1247 1502 283 50 expression
1566 1503 212 48 projects
1812 1503 78 39 for
1923 1503 218 40 children

142 1560 95 39 and
267 1559 401 41 adults.”—Pref.

213 1616 647 42 CONTENTS.—Auditorium
888 1617 245 40 activities
1158 1617 78 40 for
1262 1617 608 42 children.—Auditorium
1897 1616 246 42 activities

142 1672 77 39 for
248 1674 360 40 adults.—Oial
634 1673 310 48 expression;
973 1685 61 29 an
1063 1675 152 40 outlet
1243 1674 78 40 for
1350 1675 213 40 creative
1592 1674 551 49 activity.—Appendix.

143 1725 50 54 ©
220 1731 108 41 Jan.
354 1731 39 41 2,
420 1731 140 45 1934;
588 1733 65 38 2c.
682 1734 95 39 and
803 1732 81 40 aff.
912 1733 109 39 Jan.
1048 1731 81 48 15;
1158 1731 40 40 A
1223 1732 171 47 69010;
1425 1733 131 47 Row,
1585 1733 233 40 Peterson
1847 1733 35 39 &
1908 1744 66 29 co.

217 1787 249 49 (34-1501)

144 1891 234 55 Church
408 1894 63 51 of
502 1893 222 65 Christ,
754 1894 302 54 Scientist.
1131 1896 275 67 Hymnal.

212 1969 171 53 Tekst
428 1969 66 51 til
540 1977 55 46 et
637 1970 200 68 utvalg
880 1971 203 53 salmer
1127 1971 90 56 fra
1264 1971 294 55 Christian
1602 1973 209 54 science
1856 1974 286 53 salmebok

155 2044 319 70 (Christian
515 2049 210 52 science
764 2048 291 70 hymnal),
1094 2049 199 54 innbef
1297 2052 228 53 attende
1560 2070 102 48 syv
1702 2053 127 53 dikt
1868 2071 69 33 av
1974 2053 169 69 Mary

141 2123 2003 77 Baker Eddy … including seven hymns written by Mary Baker
143 2201 2002 75 Eddy … Norwegian ed. Boston, Mass., The Christian science
143 2279 332 71 publishing
505 2282 210 69 society
751 2317 14 34 [
770 2290 17 21 c
794 2286 131 49 1933
933 2318 12 34 ]

213 2352 477 50 68 p., 1 l. 16½ cm .
216 2410 265 49 Copyright
516 2412 113 39 date
665 2423 59 29 on
760 2423 137 30 verso
935 2414 50 39 of
1021 2418 111 45 t.-p.,
1171 2414 125 51 1932,
1336 2420 203 39 covered
1573 2421 60 46 by
1670 2420 152 41 label:
1863 2422 279 49 Copyright,

145 2467 128 42 1933.

212 2525 224 41 Without
469 2526 167 41 music.

148 2581 50 52 ©
232 2587 121 38 Mar.
384 2588 40 46 4,
458 2587 140 46 1933;
632 2588 64 40 2c.
733 2590 95 39 and
860 2588 80 41 aff.
974 2590 118 39 Nov.
1124 2591 52 46 4;
1212 2591 41 39 A
1286 2592 169 48 68823;
1493 2594 252 42 Christian
1778 2598 186 40 science
1998 2599 151 39 board

212 2643 50 40 of
292 2644 250 47 directors,
572 2646 197 39 Boston.
841 2646 251 47 (34-1597)

149 2732 179 65 Cohn,
358 2733 210 54 Alfred
598 2734 325 67 Abraham,
956 2741 170 49 1880-

215 2810 191 54 “Take
451 2812 96 52 the
594 2813 298 54 witness!”
945 2815 111 68 [by]
1107 2817 212 54 Alfred
1370 2821 164 54 Cohn
1581 2827 46 49 &
1674 2825 108 54 Joe
1832 2826 311 55 Chisholm.

146 2887 137 53 New
315 2890 178 65 York,
525 2891 309 53 Frederick
868 2894 68 52 A.
972 2893 200 55 Stokes
1204 2916 297 50 company,
1535 2905 148 50 1934.

220 2961 68 40 xii
319 2970 56 39 p.,
406 2963 23 38 1
459 2964 43 40 l..
530 2963 85 39 315
645 2973 40 38 p.
751 2964 148 41 front,
928 2966 173 47 (port.)
1169 2966 55 41 22
1228 2971 42 21 cm
1277 3002 8 8 .

219 3019 40 38 A
288 3019 266 48 biography
584 3021 51 39 of
665 3021 116 39 Earl
813 3022 197 47 Rogers.

150 3070 50 52 ©
232 3076 109 41 Jan.
369 3077 69 47 18,
468 3077 114 40 1934
601 3089 8 35 ;
642 3079 67 40 2c.
740 3081 96 38 and
866 3080 68 40 aff
965 3080 108 41 Jan.
1105 3082 80 48 20;
1220 3084 43 39 A
1291 3084 169 49 69144;
1496 3087 262 43 Frederick
1789 3092 53 38 A.
1879 3092 171 42 Stokes
2082 3106 66 28 co.

226 3133 249 48 (34-1669)

151 3220 150 66 Cole,
331 3223 226 65 George
584 3225 263 64 Douglas
874 3228 275 66 Howard,
1178 3236 172 50 1889-

222 3300 130 54 End
384 3301 64 52 of
478 3322 72 32 an
583 3303 224 54 ancient
837 3306 250 54 mariner
1140 3310 74 66 [by]
1270 3312 67 54 G.
1370 3314 71 53 D.
1474 3316 76 52 H.
1584 3320 45 49 &
1658 3318 79 52 M.
1774 3320 151 54 Cole.
152 3320 1971 127 London,
315 3380 141 51 Pub.
497 3380 92 52 for
623 3381 96 53 the
756 3383 190 55 Crime
981 3386 145 68 club,
1160 3387 121 66 ltd.,
1317 3391 73 65 by
1424 3393 89 52 W.
1554 3395 220 54 Collins
1809 3418 129 33 sons
1973 3403 43 48 &
2053 3419 61 34 co

152 3455 100 53 ltd.
289 3461 170 62 [1933]

224 3527 84 40 252
337 3538 43 37 p.
441 3529 55 41 19
499 3532 44 21 cm
548 3561 8 8 .

156 3579 1999 72 © 1c. Jan. 15, 1934; A ad int. 18598; pubd. Dec. 4, 1933; G. D . H. Cole
219 3645 94 37 and
345 3645 248 47 Margaret
624 3647 158 41 Isabel
814 3648 126 45 Cole,
973 3650 200 51 Oxford,
1205 3654 237 48 England.
1514 3658 251 52 (34-1571)

157 3731 225 67 Collier,
410 3733 254 55 William
696 3736 209 59 Miller.

227 3810 135 51 1934
395 3814 211 50 annual
638 3814 346 54 cumulative
1016 3821 361 68 supplement
1418 3827 329 72 (including
1778 3835 78 51 all
1886 3834 268 67 previous

156 3887 386 65 supplements
570 3891 111 52 and
707 3899 58 45 to
789 3894 265 70 January
1079 3901 47 63 1,
1155 3902 160 65 1934)
1352 3910 57 44 to
1438 3906 213 54 Collier
1677 3929 70 33 on
1773 3911 379 62 bankruptcy.
