<alto xmlns="http://www.loc.gov/standards/alto/ns-v3#" xmlns:xsi="http://www.w3.org/2001/XMLSchema-instance" xsi:schemaLocation="http://www.loc.gov/standards/alto/ns-v3# http://www.loc.gov/alto/v3/alto-3-0.xsd"><Description>
<MeasurementUnit>pixel</MeasurementUnit>
<sourceImageInformation>
<fileName>1934_v1_Part1.pdf</fileName>
</sourceImageInformation>
<OCRProcessing ID="IdOcr">
<ocrProcessingStep>
<processingDateTime>2019-01-10</processingDateTime>
<processingSoftware>
<softwareCreator>ABBYY</softwareCreator>
<softwareName>ABBYY Recognition Server</softwareName>
<softwareVersion>4.0</softwareVersion>
</processingSoftware>
</ocrProcessingStep>
</OCRProcessing>
</Description>
<Styles>
<ParagraphStyle ALIGN="Left" FIRSTLINE="0." ID="StyleId-FFFFFFFF-FFFF-FFFF-FFFF-FFFFFFFFFFFF-" LEFT="0." RIGHT="0." />
<ParagraphStyle ALIGN="Right" FIRSTLINE="0." ID="StyleId-521E1FC6-FE7E-43A4-90E6-A9B61626A263-" LEFT="0." LINESPACE="13.30000019" RIGHT="0." />
<ParagraphStyle ALIGN="Left" FIRSTLINE="-27." ID="StyleId-639B624E-F6F5-47B6-BB1D-34E64B53022F-" LEFT="0." LINESPACE="13.43999958" RIGHT="0." />
<ParagraphStyle ALIGN="Left" FIRSTLINE="0." ID="StyleId-100905F9-D385-406B-A5BD-ED5B8FD85431-" LEFT="0." RIGHT="0." />
<ParagraphStyle ALIGN="Left" FIRSTLINE="-27." ID="StyleId-7C9F9BA2-EF3A-4B7F-8486-CCC7B7F49B39-" LEFT="0." LINESPACE="18.71999931" RIGHT="0." />
<ParagraphStyle ALIGN="Block" FIRSTLINE="-27." ID="StyleId-350780E3-60F2-4605-88F5-BB54F9B87091-" LEFT="0." LINESPACE="18.71999931" RIGHT="0." />
<ParagraphStyle ALIGN="Left" FIRSTLINE="0." ID="StyleId-90B16C58-D795-4C77-9B89-30378C515D40-" LEFT="0." LINESPACE="14.39999962" RIGHT="0." />
<ParagraphStyle ALIGN="Right" FIRSTLINE="-27." ID="StyleId-17090E09-AFAF-4086-BD9B-4E99FAE6B057-" LEFT="0." LINESPACE="14.39999962" RIGHT="0." />
<ParagraphStyle ALIGN="Left" FIRSTLINE="-27." ID="StyleId-8B87B633-89DB-4D72-B1FC-26E4ABD680BC-" LEFT="0." LINESPACE="18.47999954" RIGHT="0." />
<ParagraphStyle ALIGN="Left" FIRSTLINE="0." ID="StyleId-42DA7417-CA90-4D71-A57B-06556C38D752-" LEFT="0." LINESPACE="13.30000019" RIGHT="0." />
<ParagraphStyle ALIGN="Block" FIRSTLINE="0." ID="StyleId-D8EE2A7E-42AE-4E35-98DB-F0F935637AA0-" LEFT="0." LINESPACE="6.599999905" RIGHT="0." />
<ParagraphStyle ALIGN="Left" FIRSTLINE="0." ID="StyleId-33CD3121-D4F5-43B6-BA96-6382D166E6B8-" LEFT="0." LINESPACE="15.5" RIGHT="0." />
<ParagraphStyle ALIGN="Block" FIRSTLINE="-21." ID="StyleId-1CE52AFA-C319-4DD9-B4B1-F0EBFA2B3F0B-" LEFT="0." LINESPACE="18.71999931" RIGHT="0." />
<ParagraphStyle ALIGN="Left" FIRSTLINE="0." ID="StyleId-B74F1B65-92F1-49C5-A5FA-D20442F031F2-" LEFT="0." LINESPACE="17.70006076" RIGHT="0." />
<ParagraphStyle ALIGN="Center" FIRSTLINE="0." ID="StyleId-79E2924A-215C-40B7-B577-7236BFBAA25E-" LEFT="0." LINESPACE="7.199999809" RIGHT="0." />
</Styles>
<Layout>
<Page HEIGHT="4196" ID="Page1784" PHYSICAL_IMG_NR="1784" WIDTH="2350">
<TopMargin HEIGHT="367" HPOS="0" VPOS="0" WIDTH="2350">
</TopMargin>
<LeftMargin HEIGHT="3798" HPOS="0" VPOS="367" WIDTH="186">
</LeftMargin>
<RightMargin HEIGHT="3798" HPOS="2209" VPOS="367" WIDTH="141">
</RightMargin>
<BottomMargin HEIGHT="31" HPOS="0" VPOS="4165" WIDTH="2350">
</BottomMargin>
<PrintSpace HEIGHT="3798" HPOS="186" VPOS="367" WIDTH="2023">
<TextBlock HEIGHT="181" HPOS="958" ID="Page1784_Block1" LANG="en-US" STYLEREFS="StyleId-07D9B5D4-F79A-4C17-955B-A8870C67A87D-" VPOS="3984" WIDTH="395">
<TextLine HEIGHT="54" HPOS="1128" VPOS="4001" WIDTH="133">
<String CONTENT="1784" HEIGHT="54" HPOS="1128" VPOS="4001" WIDTH="133" />
</TextLine>
</TextBlock>
<TextBlock CS="1" HEIGHT="3601" HPOS="186" ID="Page1784_Block2" LANG="en-US" STYLEREFS="StyleId-62B79670-1E17-49CF-B783-2FF9C74FF4F2-" VPOS="367" WIDTH="2023">
<TextLine HEIGHT="66" HPOS="196" VPOS="373" WIDTH="888">
<String CONTENT="King," HEIGHT="65" HPOS="196" VPOS="374" WIDTH="173" />
<SP HEIGHT="63" HPOS="370" VPOS="376" WIDTH="25" />
<String CONTENT="Joseph" HEIGHT="63" HPOS="396" VPOS="375" WIDTH="219" />
<SP HEIGHT="52" HPOS="616" VPOS="375" WIDTH="24" />
<String CONTENT="Hillery," HEIGHT="66" HPOS="641" VPOS="373" WIDTH="244" />
<SP HEIGHT="57" HPOS="886" VPOS="382" WIDTH="27" />
<String CONTENT="1869-" HEIGHT="48" HPOS="914" VPOS="381" WIDTH="170" />
</TextLine>
<TextLine CS="1" HEIGHT="74" HPOS="263" VPOS="445" WIDTH="1918">
<String CONTENT="From" HEIGHT="51" HPOS="263" VPOS="453" WIDTH="175" />
<SP HEIGHT="50" HPOS="439" VPOS="453" WIDTH="26" />
<String CONTENT="Passover" HEIGHT="51" HPOS="466" VPOS="453" WIDTH="275" />
<SP HEIGHT="47" HPOS="742" VPOS="457" WIDTH="23" />
<String CONTENT="to" HEIGHT="47" HPOS="766" VPOS="457" WIDTH="59" />
<SP HEIGHT="51" HPOS="826" VPOS="453" WIDTH="25" />
<String CONTENT="Pentecost," HEIGHT="66" HPOS="852" VPOS="453" WIDTH="315" />
<SP HEIGHT="67" HPOS="1168" VPOS="452" WIDTH="23" />
<String CONTENT="by" HEIGHT="66" HPOS="1192" VPOS="452" WIDTH="76" />
<SP HEIGHT="67" HPOS="1269" VPOS="451" WIDTH="24" />
<String CONTENT="Bev." HEIGHT="51" HPOS="1294" VPOS="451" WIDTH="138" />
<SP HEIGHT="53" HPOS="1433" VPOS="449" WIDTH="26" />
<String CONTENT="J." HEIGHT="53" HPOS="1460" LANG="fr" VPOS="449" WIDTH="54" />
<SP HEIGHT="52" HPOS="1515" VPOS="450" WIDTH="26" />
<String CONTENT="H." HEIGHT="52" HPOS="1542" VPOS="450" WIDTH="78" />
<SP HEIGHT="51" HPOS="1621" VPOS="449" WIDTH="26" />
<String CONTENT="King" HEIGHT="71" HPOS="1648" VPOS="445" WIDTH="162" />
<SP HEIGHT="50" HPOS="1811" VPOS="466" WIDTH="31" />
<String CONTENT="&#8230;" CS="1" />
<SP HEIGHT="49" HPOS="1899" VPOS="449" WIDTH="77" />
<String CONTENT="2d" HEIGHT="52" HPOS="1977" VPOS="447" WIDTH="74" />
<SP HEIGHT="52" HPOS="2052" VPOS="447" WIDTH="25" />
<String CONTENT="ed.," HEIGHT="68" HPOS="2078" VPOS="446" WIDTH="103" />
</TextLine>
<TextLine HEIGHT="72" HPOS="195" VPOS="524" WIDTH="1986">
<String CONTENT="rev." HEIGHT="36" HPOS="195" VPOS="548" WIDTH="109" />
<SP HEIGHT="36" HPOS="305" VPOS="548" WIDTH="41" />
<String CONTENT="and" HEIGHT="51" HPOS="347" VPOS="530" WIDTH="111" />
<SP HEIGHT="51" HPOS="459" VPOS="530" WIDTH="40" />
<String CONTENT="enl." HEIGHT="51" HPOS="500" VPOS="530" WIDTH="102" />
<SP HEIGHT="50" HPOS="603" VPOS="529" WIDTH="76" />
<String CONTENT="Franklin" HEIGHT="52" HPOS="680" VPOS="529" WIDTH="280" />
<SP HEIGHT="54" HPOS="961" VPOS="529" WIDTH="42" />
<String CONTENT="Springs," HEIGHT="67" HPOS="1004" VPOS="529" WIDTH="260" />
<SP HEIGHT="67" HPOS="1265" VPOS="527" WIDTH="38" />
<String CONTENT="Ga.," HEIGHT="68" HPOS="1304" VPOS="527" WIDTH="123" />
<SP HEIGHT="67" HPOS="1428" VPOS="528" WIDTH="38" />
<String CONTENT="The" HEIGHT="51" HPOS="1467" VPOS="527" WIDTH="120" />
<SP HEIGHT="51" HPOS="1588" VPOS="527" WIDTH="37" />
<String CONTENT="Publishing" HEIGHT="70" HPOS="1626" VPOS="524" WIDTH="344" />
<SP HEIGHT="67" HPOS="1971" VPOS="527" WIDTH="35" />
<String CONTENT="house" HEIGHT="51" HPOS="2007" VPOS="527" WIDTH="174" />
</TextLine>
<TextLine HEIGHT="66" HPOS="192" VPOS="606" WIDTH="1303">
<String CONTENT="of" HEIGHT="51" HPOS="192" VPOS="607" WIDTH="64" />
<SP HEIGHT="51" HPOS="257" VPOS="607" WIDTH="23" />
<String CONTENT="the" HEIGHT="52" HPOS="281" VPOS="607" WIDTH="97" />
<SP HEIGHT="51" HPOS="379" VPOS="608" WIDTH="23" />
<String CONTENT="Pentecostal" HEIGHT="51" HPOS="403" VPOS="608" WIDTH="356" />
<SP HEIGHT="51" HPOS="760" VPOS="607" WIDTH="25" />
<String CONTENT="holiness" HEIGHT="53" HPOS="786" VPOS="607" WIDTH="246" />
<SP HEIGHT="35" HPOS="1033" VPOS="625" WIDTH="26" />
<String CONTENT="church" HEIGHT="52" HPOS="1060" VPOS="606" WIDTH="208" />
<SP HEIGHT="66" HPOS="1269" VPOS="606" WIDTH="33" />
<String CONTENT="[" HEIGHT="33" HPOS="1303" VPOS="639" WIDTH="13" />
<String CONTENT="c" HEIGHT="21" HPOS="1320" STYLE="superscript" VPOS="611" WIDTH="18" />
<String CONTENT="1934]" HEIGHT="64" HPOS="1343" VPOS="607" WIDTH="152" />
</TextLine>
<TextLine HEIGHT="48" HPOS="269" STYLEREFS="StyleId-E143B159-BFD6-460C-9DF6-6D8AA3E4EF8E-" VPOS="679" WIDTH="333">
<String CONTENT="219" HEIGHT="40" HPOS="269" VPOS="679" WIDTH="85" />
<SP HEIGHT="48" HPOS="355" VPOS="679" WIDTH="29" />
<String CONTENT="p." HEIGHT="36" HPOS="385" VPOS="691" WIDTH="42" />
<SP HEIGHT="39" HPOS="428" VPOS="681" WIDTH="57" />
<String CONTENT="24" HEIGHT="38" HPOS="486" VPOS="681" WIDTH="57" />
<String CONTENT="cm" HEIGHT="20" HPOS="546" STYLE="superscript" VPOS="683" WIDTH="44" />
<String CONTENT="." HEIGHT="7" HPOS="595" VPOS="713" WIDTH="7" />
</TextLine>
<TextLine CS="1" HEIGHT="52" HPOS="196" STYLEREFS="StyleId-E143B159-BFD6-460C-9DF6-6D8AA3E4EF8E-" VPOS="732" WIDTH="1986">
<String CONTENT="&#169;" HEIGHT="51" HPOS="196" VPOS="732" WIDTH="50" />
<SP HEIGHT="51" HPOS="247" VPOS="732" WIDTH="28" />
<String CONTENT="Aug." HEIGHT="47" HPOS="276" VPOS="737" WIDTH="118" />
<SP HEIGHT="37" HPOS="395" VPOS="738" WIDTH="28" />
<String CONTENT="1," HEIGHT="46" HPOS="424" VPOS="738" WIDTH="39" />
<SP HEIGHT="46" HPOS="464" VPOS="738" WIDTH="27" />
<String CONTENT="1934;" CS="1" HEIGHT="41" HPOS="492" VPOS="736" WIDTH="115" />
<SP HEIGHT="48" HPOS="633" VPOS="736" WIDTH="30" />
<String CONTENT="2c." HEIGHT="41" HPOS="664" VPOS="736" WIDTH="65" />
<SP HEIGHT="28" HPOS="730" VPOS="747" WIDTH="30" />
<String CONTENT="and" HEIGHT="38" HPOS="761" VPOS="738" WIDTH="95" />
<SP HEIGHT="38" HPOS="857" VPOS="738" WIDTH="27" />
<String CONTENT="aff." HEIGHT="39" HPOS="885" VPOS="737" WIDTH="79" />
<SP HEIGHT="38" HPOS="965" VPOS="738" WIDTH="28" />
<String CONTENT="Nov." HEIGHT="38" HPOS="994" VPOS="738" WIDTH="115" />
<SP HEIGHT="39" HPOS="1110" VPOS="736" WIDTH="29" />
<String CONTENT="28;" CS="1" HEIGHT="38" HPOS="1140" VPOS="736" WIDTH="25" />
<SP HEIGHT="46" HPOS="1222" VPOS="736" WIDTH="31" />
<String CONTENT="A" HEIGHT="38" HPOS="1254" VPOS="736" WIDTH="43" />
<SP HEIGHT="38" HPOS="1298" VPOS="736" WIDTH="25" />
<String CONTENT="78677;" CS="1" HEIGHT="40" HPOS="1324" VPOS="735" WIDTH="113" />
<SP HEIGHT="45" HPOS="1494" VPOS="735" WIDTH="31" />
<String CONTENT="Publishing" HEIGHT="48" HPOS="1526" VPOS="733" WIDTH="287" />
<SP HEIGHT="46" HPOS="1814" VPOS="735" WIDTH="26" />
<String CONTENT="house" HEIGHT="38" HPOS="1841" VPOS="735" WIDTH="149" />
<SP HEIGHT="29" HPOS="1991" VPOS="744" WIDTH="26" />
<String CONTENT="of" HEIGHT="40" HPOS="2018" VPOS="733" WIDTH="53" />
<SP HEIGHT="40" HPOS="2072" VPOS="733" WIDTH="28" />
<String CONTENT="the" HEIGHT="41" HPOS="2101" VPOS="733" WIDTH="81" />
</TextLine>
<TextLine HEIGHT="49" HPOS="262" STYLEREFS="StyleId-E143B159-BFD6-460C-9DF6-6D8AA3E4EF8E-" VPOS="792" WIDTH="1089">
<String CONTENT="Pentecostal" HEIGHT="40" HPOS="262" VPOS="794" WIDTH="306" />
<SP HEIGHT="38" HPOS="569" VPOS="795" WIDTH="34" />
<String CONTENT="Holiness" HEIGHT="40" HPOS="604" VPOS="794" WIDTH="228" />
<SP HEIGHT="29" HPOS="833" VPOS="805" WIDTH="35" />
<String CONTENT="church." HEIGHT="39" HPOS="869" VPOS="795" WIDTH="191" />
<SP HEIGHT="47" HPOS="1061" VPOS="794" WIDTH="71" />
<String CONTENT="(35-683)" HEIGHT="49" HPOS="1133" VPOS="792" WIDTH="218" />
</TextLine>
<TextLine HEIGHT="65" HPOS="199" VPOS="868" WIDTH="498">
<String CONTENT="Kirmse," HEIGHT="65" HPOS="199" VPOS="868" WIDTH="252" />
<SP HEIGHT="63" HPOS="452" VPOS="870" WIDTH="29" />
<String CONTENT="Persis." HEIGHT="55" HPOS="482" VPOS="870" WIDTH="215" />
</TextLine>
<TextLine CS="1" HEIGHT="134" HPOS="198" VPOS="942" WIDTH="1958">
<String CONTENT="Shakespeare" HEIGHT="68" HPOS="268" VPOS="945" WIDTH="386" />
<SP HEIGHT="33" HPOS="655" VPOS="965" WIDTH="27" />
<String CONTENT="at" HEIGHT="46" HPOS="683" VPOS="952" WIDTH="60" />
<SP HEIGHT="46" HPOS="744" VPOS="952" WIDTH="22" />
<String CONTENT="the" HEIGHT="50" HPOS="767" VPOS="948" WIDTH="94" />
<SP HEIGHT="50" HPOS="862" VPOS="948" WIDTH="24" />
<String CONTENT="kennels;" CS="1" HEIGHT="53" HPOS="887" VPOS="946" WIDTH="230" />
<SP HEIGHT="49" HPOS="1146" VPOS="964" WIDTH="29" />
<String CONTENT="a" HEIGHT="33" HPOS="1176" VPOS="964" WIDTH="31" />
<SP HEIGHT="52" HPOS="1208" VPOS="946" WIDTH="22" />
<String CONTENT="book" HEIGHT="53" HPOS="1231" VPOS="945" WIDTH="148" />
<SP HEIGHT="54" HPOS="1380" VPOS="945" WIDTH="24" />
<String CONTENT="of" HEIGHT="55" HPOS="1405" VPOS="944" WIDTH="63" />
<SP HEIGHT="54" HPOS="1469" VPOS="944" WIDTH="25" />
<String CONTENT="drawings" HEIGHT="69" HPOS="1495" VPOS="942" WIDTH="288" />
<SP HEIGHT="53" HPOS="1784" VPOS="943" WIDTH="24" />
<String CONTENT="from" HEIGHT="53" HPOS="1809" VPOS="943" WIDTH="152" />
<SP HEIGHT="50" HPOS="1962" VPOS="961" WIDTH="24" />
<String CONTENT="quotations" HEIGHT="127" HPOS="198" VPOS="949" WIDTH="1958" />
</TextLine>
<TextLine HEIGHT="70" HPOS="402" VPOS="1021" WIDTH="1782">
<String CONTENT="of" HEIGHT="53" HPOS="402" VPOS="1023" WIDTH="64" />
<SP HEIGHT="56" HPOS="467" VPOS="1023" WIDTH="51" />
<String CONTENT="Shakespeare&#8217;s" HEIGHT="67" HPOS="519" VPOS="1024" WIDTH="431" />
<SP HEIGHT="49" HPOS="951" VPOS="1042" WIDTH="53" />
<String CONTENT="plays," HEIGHT="67" HPOS="1005" VPOS="1024" WIDTH="179" />
<SP HEIGHT="66" HPOS="1185" VPOS="1024" WIDTH="51" />
<String CONTENT="by" HEIGHT="66" HPOS="1237" VPOS="1024" WIDTH="76" />
<SP HEIGHT="65" HPOS="1314" VPOS="1025" WIDTH="49" />
<String CONTENT="Persis" HEIGHT="52" HPOS="1364" VPOS="1023" WIDTH="191" />
<SP HEIGHT="52" HPOS="1556" VPOS="1023" WIDTH="51" />
<String CONTENT="Kirmse." HEIGHT="53" HPOS="1608" VPOS="1021" WIDTH="244" />
<SP HEIGHT="50" HPOS="1853" VPOS="1023" WIDTH="73" />
<String CONTENT="London," HEIGHT="65" HPOS="1927" VPOS="1022" WIDTH="257" />
</TextLine>
<TextLine HEIGHT="68" HPOS="196" VPOS="1101" WIDTH="797">
<String CONTENT="Methuen" HEIGHT="53" HPOS="196" VPOS="1101" WIDTH="272" />
<SP HEIGHT="50" HPOS="469" VPOS="1105" WIDTH="24" />
<String CONTENT="&amp;" HEIGHT="50" HPOS="494" VPOS="1105" WIDTH="46" />
<SP HEIGHT="50" HPOS="541" VPOS="1105" WIDTH="22" />
<String CONTENT="co.," HEIGHT="47" HPOS="564" VPOS="1121" WIDTH="95" />
<SP HEIGHT="64" HPOS="660" VPOS="1104" WIDTH="23" />
<String CONTENT="ltd." HEIGHT="52" HPOS="684" VPOS="1104" WIDTH="101" />
<SP HEIGHT="32" HPOS="786" VPOS="1137" WIDTH="36" />
<String CONTENT="[1934]" HEIGHT="62" HPOS="823" VPOS="1107" WIDTH="170" />
</TextLine>
<TextLine CS="1" HEIGHT="50" HPOS="267" STYLEREFS="StyleId-E143B159-BFD6-460C-9DF6-6D8AA3E4EF8E-" VPOS="1173" WIDTH="980">
<String CONTENT="vii," HEIGHT="47" HPOS="267" VPOS="1175" WIDTH="80" />
<SP HEIGHT="47" HPOS="348" VPOS="1175" WIDTH="27" />
<String CONTENT="55," HEIGHT="45" HPOS="376" VPOS="1175" WIDTH="67" />
<SP HEIGHT="29" HPOS="444" VPOS="1194" WIDTH="28" />
<String CONTENT="[1]" CS="1" HEIGHT="29" HPOS="473" VPOS="1194" WIDTH="11" />
<SP HEIGHT="38" HPOS="529" VPOS="1185" WIDTH="25" />
<String CONTENT="p." HEIGHT="37" HPOS="555" VPOS="1185" WIDTH="43" />
<SP HEIGHT="39" HPOS="599" VPOS="1175" WIDTH="25" />
<String CONTENT="incl." HEIGHT="41" HPOS="625" VPOS="1175" WIDTH="109" />
<SP HEIGHT="42" HPOS="735" VPOS="1174" WIDTH="23" />
<String CONTENT="front.," HEIGHT="48" HPOS="759" VPOS="1174" WIDTH="163" />
<SP HEIGHT="47" HPOS="923" VPOS="1175" WIDTH="26" />
<String CONTENT="illus." HEIGHT="40" HPOS="950" VPOS="1175" WIDTH="128" />
<SP HEIGHT="41" HPOS="1079" VPOS="1174" WIDTH="53" />
<String CONTENT="22" HEIGHT="39" HPOS="1133" VPOS="1173" WIDTH="54" />
<String CONTENT="cm" HEIGHT="21" HPOS="1191" STYLE="superscript" VPOS="1176" WIDTH="44" />
<String CONTENT="." HEIGHT="5" HPOS="1240" VPOS="1206" WIDTH="7" />
</TextLine>
<TextLine CS="1" HEIGHT="52" HPOS="200" STYLEREFS="StyleId-E143B159-BFD6-460C-9DF6-6D8AA3E4EF8E-" VPOS="1227" WIDTH="1986">
<String CONTENT="&#169;" HEIGHT="51" HPOS="200" VPOS="1227" WIDTH="50" />
<SP />
<String CONTENT="1c." CS="1" />
<SP />
<String CONTENT="Dec." HEIGHT="38" HPOS="375" VPOS="1233" WIDTH="109" />
<SP HEIGHT="37" HPOS="485" VPOS="1233" WIDTH="28" />
<String CONTENT="1," HEIGHT="45" HPOS="514" VPOS="1233" WIDTH="39" />
<SP HEIGHT="45" HPOS="554" VPOS="1233" WIDTH="27" />
<String CONTENT="1934;" HEIGHT="47" HPOS="582" VPOS="1231" WIDTH="140" />
<SP HEIGHT="46" HPOS="723" VPOS="1232" WIDTH="30" />
<String CONTENT="A" HEIGHT="39" HPOS="754" VPOS="1232" WIDTH="43" />
<SP HEIGHT="39" HPOS="798" VPOS="1232" WIDTH="24" />
<String CONTENT="ad" HEIGHT="38" HPOS="823" VPOS="1233" WIDTH="63" />
<SP HEIGHT="39" HPOS="887" VPOS="1232" WIDTH="24" />
<String CONTENT="int." HEIGHT="40" HPOS="912" VPOS="1232" WIDTH="85" />
<SP HEIGHT="38" HPOS="998" VPOS="1232" WIDTH="28" />
<String CONTENT="19699;" HEIGHT="49" HPOS="1027" VPOS="1229" WIDTH="169" />
<SP HEIGHT="37" HPOS="1197" VPOS="1242" WIDTH="30" />
<String CONTENT="pubd." HEIGHT="48" HPOS="1228" VPOS="1231" WIDTH="141" />
<SP HEIGHT="40" HPOS="1370" VPOS="1230" WIDTH="32" />
<String CONTENT="Oct." HEIGHT="40" HPOS="1403" VPOS="1230" WIDTH="99" />
<SP HEIGHT="37" HPOS="1503" VPOS="1231" WIDTH="31" />
<String CONTENT="12;" HEIGHT="46" HPOS="1535" VPOS="1230" WIDTH="81" />
<SP HEIGHT="46" HPOS="1617" VPOS="1230" WIDTH="31" />
<String CONTENT="Methuen" HEIGHT="40" HPOS="1649" VPOS="1229" WIDTH="231" />
<SP HEIGHT="40" HPOS="1881" VPOS="1228" WIDTH="27" />
<String CONTENT="&amp;" HEIGHT="40" HPOS="1909" VPOS="1228" WIDTH="37" />
<SP HEIGHT="40" HPOS="1947" VPOS="1228" WIDTH="27" />
<String CONTENT="co.," HEIGHT="39" HPOS="1975" VPOS="1236" WIDTH="80" />
<SP HEIGHT="46" HPOS="2056" VPOS="1229" WIDTH="29" />
<String CONTENT="ltd.," HEIGHT="49" HPOS="2086" VPOS="1227" WIDTH="100" />
</TextLine>
<TextLine HEIGHT="48" HPOS="267" STYLEREFS="StyleId-E143B159-BFD6-460C-9DF6-6D8AA3E4EF8E-" VPOS="1288" WIDTH="500">
<String CONTENT="London." HEIGHT="39" HPOS="267" VPOS="1289" WIDTH="209" />
<SP HEIGHT="48" HPOS="477" VPOS="1288" WIDTH="71" />
<String CONTENT="(35-723)" HEIGHT="48" HPOS="549" VPOS="1288" WIDTH="218" />
</TextLine>
<TextLine HEIGHT="67" HPOS="200" VPOS="1361" WIDTH="888">
<String CONTENT="Lakhovsky," HEIGHT="66" HPOS="200" VPOS="1361" WIDTH="374" />
<SP HEIGHT="64" HPOS="575" VPOS="1363" WIDTH="29" />
<String CONTENT="Georges," HEIGHT="65" HPOS="605" VPOS="1363" WIDTH="277" />
<SP HEIGHT="58" HPOS="883" VPOS="1370" WIDTH="33" />
<String CONTENT="1870-" HEIGHT="55" HPOS="917" VPOS="1364" WIDTH="171" />
</TextLine>
<TextLine CS="1" HEIGHT="71" HPOS="330" LANG="fr" VPOS="1434" WIDTH="1653">
<String CONTENT="&#8230;" CS="1" LANG="en-US" />
<SP HEIGHT="52" HPOS="330" VPOS="1438" WIDTH="36" />
<String CONTENT="La" HEIGHT="52" HPOS="367" VPOS="1438" WIDTH="82" />
<SP HEIGHT="34" HPOS="450" VPOS="1456" WIDTH="36" />
<String CONTENT="cabale;" HEIGHT="67" HPOS="487" VPOS="1438" WIDTH="218" />
<SP HEIGHT="66" HPOS="706" VPOS="1439" WIDTH="36" />
<String CONTENT="histoire" HEIGHT="52" HPOS="743" VPOS="1439" WIDTH="237" />
<SP HEIGHT="51" HPOS="981" VPOS="1440" WIDTH="34" />
<String CONTENT="d&#8217;une" HEIGHT="53" HPOS="1016" VPOS="1438" WIDTH="165" />
<SP HEIGHT="53" HPOS="1182" VPOS="1438" WIDTH="34" />
<String CONTENT="d&#233;couverte" HEIGHT="53" HPOS="1217" VPOS="1438" WIDTH="334" />
<SP HEIGHT="69" HPOS="1552" VPOS="1436" WIDTH="42" />
<String CONTENT="(l&#8217;oscillation" HEIGHT="71" HPOS="1595" VPOS="1434" WIDTH="388" />
</TextLine>
<TextLine CS="1" HEIGHT="148" HPOS="200" LANG="fr" VPOS="1435" WIDTH="1958">
<String CONTENT="cellulaire)" HEIGHT="147" HPOS="200" VPOS="1435" WIDTH="1958" />
<SP HEIGHT="68" HPOS="368" VPOS="1514" WIDTH="40" />
<String CONTENT="&#8230;" CS="1" />
<SP HEIGHT="51" HPOS="466" VPOS="1516" WIDTH="63" />
<String CONTENT="Paris," HEIGHT="67" HPOS="530" VPOS="1516" WIDTH="185" />
<SP HEIGHT="68" HPOS="716" VPOS="1515" WIDTH="25" />
<String CONTENT="G." HEIGHT="55" HPOS="742" VPOS="1515" WIDTH="66" />
<SP HEIGHT="52" HPOS="809" VPOS="1516" WIDTH="26" />
<String CONTENT="Doin" HEIGHT="52" HPOS="836" VPOS="1516" WIDTH="155" />
<SP HEIGHT="50" HPOS="992" VPOS="1518" WIDTH="23" />
<String CONTENT="&amp;" HEIGHT="50" HPOS="1016" VPOS="1518" WIDTH="46" />
<SP HEIGHT="50" HPOS="1063" VPOS="1518" WIDTH="23" />
<String CONTENT="ci" CS="1" HEIGHT="34" HPOS="1087" VPOS="1534" WIDTH="28" />
<String CONTENT="e" HEIGHT="21" HPOS="1133" STYLE="superscript" VPOS="1521" WIDTH="19" />
<String CONTENT="," HEIGHT="26" HPOS="1156" VPOS="1557" WIDTH="11" />
<SP HEIGHT="64" HPOS="1168" VPOS="1519" WIDTH="23" />
<String CONTENT="1934." HEIGHT="49" HPOS="1192" VPOS="1518" WIDTH="150" />
</TextLine>
<TextLine CS="1" HEIGHT="50" HPOS="265" LANG="fr" STYLEREFS="StyleId-E143B159-BFD6-460C-9DF6-6D8AA3E4EF8E-" VPOS="1587" WIDTH="757">
<String CONTENT="1" HEIGHT="36" HPOS="265" VPOS="1590" WIDTH="26" />
<SP HEIGHT="44" HPOS="292" VPOS="1590" WIDTH="26" />
<String CONTENT="p." HEIGHT="36" HPOS="319" VPOS="1598" WIDTH="43" />
<SP HEIGHT="40" HPOS="363" VPOS="1588" WIDTH="28" />
<String CONTENT="l.," CS="1" HEIGHT="16" HPOS="426" VPOS="1619" WIDTH="8" />
<SP HEIGHT="27" HPOS="435" VPOS="1608" WIDTH="32" />
<String CONTENT="[9]-217," CS="1" HEIGHT="49" HPOS="481" VPOS="1587" WIDTH="174" />
<SP HEIGHT="29" HPOS="656" VPOS="1608" WIDTH="33" />
<String CONTENT="[1]" HEIGHT="49" HPOS="690" VPOS="1588" WIDTH="54" />
<SP HEIGHT="40" HPOS="745" VPOS="1597" WIDTH="27" />
<String CONTENT="p." HEIGHT="38" HPOS="773" VPOS="1597" WIDTH="43" />
<SP HEIGHT="39" HPOS="817" VPOS="1589" WIDTH="59" />
<String CONTENT="19&#189;" CS="1" />
<String CONTENT="cm" HEIGHT="21" HPOS="965" STYLE="superscript" VPOS="1590" WIDTH="45" />
<String CONTENT="." HEIGHT="8" HPOS="1014" VPOS="1619" WIDTH="8" />
</TextLine>
<TextLine HEIGHT="50" HPOS="266" STYLEREFS="StyleId-E143B159-BFD6-460C-9DF6-6D8AA3E4EF8E-" VPOS="1641" WIDTH="990">
<String CONTENT="Contains" HEIGHT="42" HPOS="266" VPOS="1641" WIDTH="235" />
<SP HEIGHT="30" HPOS="502" VPOS="1654" WIDTH="32" />
<String CONTENT="autobiographical" HEIGHT="48" HPOS="535" VPOS="1643" WIDTH="452" />
<SP HEIGHT="39" HPOS="988" VPOS="1645" WIDTH="29" />
<String CONTENT="material." HEIGHT="41" HPOS="1018" VPOS="1644" WIDTH="238" />
</TextLine>
<TextLine CS="1" HEIGHT="54" HPOS="202" STYLEREFS="StyleId-E143B159-BFD6-460C-9DF6-6D8AA3E4EF8E-" VPOS="1697" WIDTH="1905">
<String CONTENT="&#169;" HEIGHT="52" HPOS="202" LANG="fr" VPOS="1697" WIDTH="51" />
<SP HEIGHT="52" HPOS="254" VPOS="1697" WIDTH="30" />
<String CONTENT="Feb." HEIGHT="39" HPOS="285" VPOS="1702" WIDTH="109" />
<SP HEIGHT="39" HPOS="395" VPOS="1702" WIDTH="28" />
<String CONTENT="27." HEIGHT="41" HPOS="424" VPOS="1702" WIDTH="69" />
<SP HEIGHT="40" HPOS="494" VPOS="1703" WIDTH="28" />
<String CONTENT="1934;" CS="1" HEIGHT="41" HPOS="523" VPOS="1701" WIDTH="113" />
<SP />
<String CONTENT="1c." CS="1" />
<SP />
<String CONTENT="May" HEIGHT="47" HPOS="790" VPOS="1704" WIDTH="116" />
<SP HEIGHT="49" HPOS="907" VPOS="1702" WIDTH="23" />
<String CONTENT="29;" CS="1" HEIGHT="40" HPOS="931" VPOS="1702" WIDTH="57" />
<SP HEIGHT="46" HPOS="1014" VPOS="1704" WIDTH="31" />
<String CONTENT="A-Foreign" HEIGHT="48" HPOS="1046" VPOS="1702" WIDTH="309" />
<SP HEIGHT="39" HPOS="1356" VPOS="1702" WIDTH="27" />
<String CONTENT="24738;" CS="1" HEIGHT="41" HPOS="1384" VPOS="1702" WIDTH="145" />
<SP HEIGHT="47" HPOS="1555" VPOS="1702" WIDTH="34" />
<String CONTENT="Gaston" HEIGHT="40" HPOS="1590" VPOS="1702" WIDTH="184" />
<SP HEIGHT="38" HPOS="1775" VPOS="1703" WIDTH="26" />
<String CONTENT="Doin" HEIGHT="41" HPOS="1802" VPOS="1701" WIDTH="127" />
<SP HEIGHT="39" HPOS="1930" VPOS="1702" WIDTH="28" />
<String CONTENT="&amp;" HEIGHT="39" HPOS="1959" VPOS="1702" WIDTH="36" />
<SP HEIGHT="39" HPOS="1996" VPOS="1702" WIDTH="27" />
<String CONTENT="cie." HEIGHT="41" HPOS="2024" VPOS="1700" WIDTH="83" />
</TextLine>
<TextLine HEIGHT="48" HPOS="279" STYLEREFS="StyleId-E143B159-BFD6-460C-9DF6-6D8AA3E4EF8E-" VPOS="1758" WIDTH="219">
<String CONTENT="(35-675)" HEIGHT="48" HPOS="279" VPOS="1758" WIDTH="219" />
</TextLine>
<TextLine HEIGHT="69" HPOS="202" VPOS="1830" WIDTH="1407">
<String CONTENT="Lasance," HEIGHT="67" HPOS="202" VPOS="1830" WIDTH="279" />
<SP HEIGHT="63" HPOS="482" VPOS="1834" WIDTH="28" />
<String CONTENT="Francis" HEIGHT="54" HPOS="511" VPOS="1833" WIDTH="247" />
<SP HEIGHT="52" HPOS="759" VPOS="1834" WIDTH="23" />
<String CONTENT="Xavier," HEIGHT="65" HPOS="783" VPOS="1834" WIDTH="238" />
<SP HEIGHT="58" HPOS="1022" VPOS="1841" WIDTH="29" />
<String CONTENT="1860-" HEIGHT="48" HPOS="1052" VPOS="1840" WIDTH="170" />
<SP HEIGHT="34" HPOS="1223" VPOS="1852" WIDTH="211" />
<String CONTENT="comp." HEIGHT="48" HPOS="1435" VPOS="1851" WIDTH="174" />
</TextLine>
<TextLine CS="1" HEIGHT="67" HPOS="273" VPOS="1910" WIDTH="1922">
<String CONTENT="Holiness" HEIGHT="52" HPOS="273" VPOS="1910" WIDTH="267" />
<SP HEIGHT="33" HPOS="541" VPOS="1929" WIDTH="34" />
<String CONTENT="and" HEIGHT="51" HPOS="576" VPOS="1911" WIDTH="112" />
<SP HEIGHT="51" HPOS="689" VPOS="1911" WIDTH="28" />
<String CONTENT="happiness;" CS="1" HEIGHT="67" HPOS="718" VPOS="1910" WIDTH="308" />
<SP HEIGHT="60" HPOS="1056" VPOS="1917" WIDTH="33" />
<String CONTENT="thoughts" HEIGHT="66" HPOS="1090" VPOS="1911" WIDTH="273" />
<SP HEIGHT="34" HPOS="1364" VPOS="1930" WIDTH="32" />
<String CONTENT="of" HEIGHT="54" HPOS="1397" VPOS="1910" WIDTH="64" />
<SP HEIGHT="53" HPOS="1462" VPOS="1910" WIDTH="27" />
<String CONTENT="many" HEIGHT="47" HPOS="1490" VPOS="1929" WIDTH="173" />
<SP HEIGHT="65" HPOS="1664" VPOS="1911" WIDTH="29" />
<String CONTENT="hearts," HEIGHT="65" HPOS="1694" VPOS="1911" WIDTH="209" />
<SP HEIGHT="61" HPOS="1904" VPOS="1915" WIDTH="28" />
<String CONTENT="together" HEIGHT="65" HPOS="1933" VPOS="1910" WIDTH="262" />
</TextLine>
<TextLine HEIGHT="57" HPOS="207" VPOS="1985" WIDTH="1986">
<String CONTENT="with" HEIGHT="53" HPOS="207" VPOS="1985" WIDTH="136" />
<SP HEIGHT="51" HPOS="344" VPOS="1987" WIDTH="37" />
<String CONTENT="reflections" HEIGHT="53" HPOS="382" VPOS="1987" WIDTH="314" />
<SP HEIGHT="33" HPOS="697" VPOS="2007" WIDTH="38" />
<String CONTENT="on" HEIGHT="34" HPOS="736" VPOS="2006" WIDTH="72" />
<SP HEIGHT="47" HPOS="809" VPOS="1993" WIDTH="34" />
<String CONTENT="the" HEIGHT="53" HPOS="844" VPOS="1988" WIDTH="98" />
<SP HEIGHT="51" HPOS="943" VPOS="1990" WIDTH="34" />
<String CONTENT="life" HEIGHT="55" HPOS="978" VPOS="1987" WIDTH="108" />
<SP HEIGHT="35" HPOS="1087" VPOS="2007" WIDTH="36" />
<String CONTENT="and" HEIGHT="51" HPOS="1124" VPOS="1989" WIDTH="112" />
<SP HEIGHT="51" HPOS="1237" VPOS="1989" WIDTH="35" />
<String CONTENT="virtues" HEIGHT="52" HPOS="1273" VPOS="1988" WIDTH="214" />
<SP HEIGHT="34" HPOS="1488" VPOS="2007" WIDTH="38" />
<String CONTENT="of" HEIGHT="54" HPOS="1527" VPOS="1987" WIDTH="63" />
<SP HEIGHT="55" HPOS="1591" VPOS="1987" WIDTH="38" />
<String CONTENT="St." HEIGHT="55" HPOS="1630" VPOS="1987" WIDTH="84" />
<SP HEIGHT="52" HPOS="1715" VPOS="1988" WIDTH="36" />
<String CONTENT="Teresa" HEIGHT="52" HPOS="1752" VPOS="1988" WIDTH="206" />
<SP HEIGHT="34" HPOS="1959" VPOS="2006" WIDTH="37" />
<String CONTENT="of" HEIGHT="54" HPOS="1997" VPOS="1985" WIDTH="63" />
<SP HEIGHT="53" HPOS="2061" VPOS="1985" WIDTH="34" />
<String CONTENT="the" HEIGHT="52" HPOS="2096" VPOS="1986" WIDTH="97" />
</TextLine>
<TextLine HEIGHT="69" HPOS="204" VPOS="2062" WIDTH="1989">
<String CONTENT="Child" HEIGHT="54" HPOS="204" VPOS="2062" WIDTH="175" />
<SP HEIGHT="54" HPOS="380" VPOS="2064" WIDTH="28" />
<String CONTENT="Jesus," HEIGHT="66" HPOS="409" VPOS="2064" WIDTH="184" />
<SP HEIGHT="66" HPOS="594" VPOS="2064" WIDTH="28" />
<String CONTENT="besides" HEIGHT="54" HPOS="623" VPOS="2064" WIDTH="216" />
<SP HEIGHT="34" HPOS="840" VPOS="2084" WIDTH="30" />
<String CONTENT="mass" HEIGHT="34" HPOS="871" VPOS="2083" WIDTH="147" />
<SP HEIGHT="33" HPOS="1019" VPOS="2084" WIDTH="31" />
<String CONTENT="and" HEIGHT="52" HPOS="1051" VPOS="2065" WIDTH="112" />
<SP HEIGHT="52" HPOS="1164" VPOS="2065" WIDTH="27" />
<String CONTENT="novena" HEIGHT="35" HPOS="1192" VPOS="2083" WIDTH="219" />
<SP HEIGHT="48" HPOS="1412" VPOS="2083" WIDTH="27" />
<String CONTENT="prayers" HEIGHT="48" HPOS="1440" VPOS="2083" WIDTH="234" />
<SP HEIGHT="52" HPOS="1675" VPOS="2065" WIDTH="30" />
<String CONTENT="in" HEIGHT="51" HPOS="1706" VPOS="2065" WIDTH="61" />
<SP HEIGHT="52" HPOS="1768" VPOS="2064" WIDTH="26" />
<String CONTENT="honor" HEIGHT="53" HPOS="1795" VPOS="2064" WIDTH="181" />
<SP HEIGHT="33" HPOS="1977" VPOS="2083" WIDTH="28" />
<String CONTENT="of" HEIGHT="54" HPOS="2006" VPOS="2062" WIDTH="64" />
<SP HEIGHT="53" HPOS="2071" VPOS="2062" WIDTH="25" />
<String CONTENT="the" HEIGHT="52" HPOS="2097" VPOS="2063" WIDTH="96" />
</TextLine>
<TextLine HEIGHT="68" HPOS="204" VPOS="2139" WIDTH="1990">
<String CONTENT="Little" HEIGHT="53" HPOS="204" VPOS="2140" WIDTH="176" />
<SP HEIGHT="52" HPOS="381" VPOS="2141" WIDTH="35" />
<String CONTENT="flower" HEIGHT="52" HPOS="417" VPOS="2141" WIDTH="191" />
<SP HEIGHT="34" HPOS="609" VPOS="2160" WIDTH="35" />
<String CONTENT="and" HEIGHT="53" HPOS="645" VPOS="2141" WIDTH="113" />
<SP HEIGHT="52" HPOS="759" VPOS="2141" WIDTH="33" />
<String CONTENT="communion" HEIGHT="53" HPOS="793" VPOS="2141" WIDTH="359" />
<SP HEIGHT="52" HPOS="1153" VPOS="2142" WIDTH="34" />
<String CONTENT="devotions," HEIGHT="65" HPOS="1188" VPOS="2142" WIDTH="312" />
<SP HEIGHT="47" HPOS="1501" VPOS="2160" WIDTH="35" />
<String CONTENT="compiled" HEIGHT="67" HPOS="1537" VPOS="2140" WIDTH="277" />
<SP HEIGHT="52" HPOS="1815" VPOS="2141" WIDTH="40" />
<String CONTENT="and" HEIGHT="53" HPOS="1856" VPOS="2140" WIDTH="113" />
<SP HEIGHT="53" HPOS="1970" VPOS="2140" WIDTH="33" />
<String CONTENT="edited" HEIGHT="54" HPOS="2004" VPOS="2139" WIDTH="190" />
</TextLine>
<TextLine CS="1" HEIGHT="144" HPOS="204" VPOS="2217" WIDTH="1966">
<String CONTENT="by" HEIGHT="66" HPOS="204" VPOS="2217" WIDTH="73" />
<SP HEIGHT="65" HPOS="278" VPOS="2218" WIDTH="30" />
<String CONTENT="Bev." HEIGHT="52" HPOS="309" VPOS="2218" WIDTH="139" />
<SP HEIGHT="52" HPOS="449" VPOS="2218" WIDTH="32" />
<String CONTENT="F." HEIGHT="52" HPOS="482" LANG="fr" VPOS="2218" WIDTH="66" />
<SP HEIGHT="53" HPOS="549" VPOS="2217" WIDTH="34" />
<String CONTENT="X." HEIGHT="53" HPOS="584" VPOS="2217" WIDTH="77" />
<SP HEIGHT="52" HPOS="662" VPOS="2218" WIDTH="32" />
<String CONTENT="Lasance" HEIGHT="53" HPOS="695" VPOS="2218" WIDTH="251" />
<SP HEIGHT="33" HPOS="947" VPOS="2238" WIDTH="35" />
<String CONTENT="&#8230;" CS="1" />
<SP HEIGHT="52" HPOS="1039" VPOS="2218" WIDTH="71" />
<String CONTENT="New" HEIGHT="53" HPOS="1111" VPOS="2218" WIDTH="138" />
<SP HEIGHT="53" HPOS="1250" VPOS="2218" WIDTH="33" />
<String CONTENT="York," HEIGHT="66" HPOS="1284" VPOS="2218" WIDTH="180" />
<SP HEIGHT="66" HPOS="1465" VPOS="2218" WIDTH="33" />
<String CONTENT="Cincinnati" HEIGHT="55" HPOS="1499" VPOS="2218" WIDTH="329" />
<SP HEIGHT="66" HPOS="1829" VPOS="2218" WIDTH="39" />
<String CONTENT="[etc.]" HEIGHT="63" HPOS="1869" VPOS="2221" WIDTH="138" />
<SP HEIGHT="65" HPOS="2008" VPOS="2218" WIDTH="38" />
<String CONTENT="Benziger" HEIGHT="143" HPOS="204" VPOS="2218" WIDTH="1966" />
</TextLine>
<TextLine HEIGHT="66" HPOS="384" VPOS="2295" WIDTH="460">
<String CONTENT="brothers," HEIGHT="66" HPOS="384" VPOS="2295" WIDTH="277" />
<SP HEIGHT="63" HPOS="662" VPOS="2298" WIDTH="28" />
<String CONTENT="1934." HEIGHT="50" HPOS="691" VPOS="2298" WIDTH="153" />
</TextLine>
<TextLine CS="1" HEIGHT="49" HPOS="273" STYLEREFS="StyleId-E143B159-BFD6-460C-9DF6-6D8AA3E4EF8E-" VPOS="2367" WIDTH="771">
<String CONTENT="3" HEIGHT="39" HPOS="273" LANG="en-US" VPOS="2367" WIDTH="27" />
<SP HEIGHT="48" HPOS="301" VPOS="2367" WIDTH="26" />
<String CONTENT="p." HEIGHT="37" HPOS="328" LANG="fr" VPOS="2378" WIDTH="43" />
<SP />
<String CONTENT="l.," CS="1" LANG="fr" />
<SP />
<String CONTENT="281" HEIGHT="40" HPOS="473" LANG="en-US" VPOS="2367" WIDTH="86" />
<SP HEIGHT="48" HPOS="560" VPOS="2368" WIDTH="27" />
<String CONTENT="p." HEIGHT="38" HPOS="588" LANG="en-US" VPOS="2378" WIDTH="43" />
<SP HEIGHT="41" HPOS="632" VPOS="2367" WIDTH="57" />
<String CONTENT="front." HEIGHT="40" HPOS="690" LANG="en-US" VPOS="2367" WIDTH="149" />
<SP HEIGHT="39" HPOS="840" VPOS="2368" WIDTH="59" />
<String CONTENT="15&#189;" CS="1" HEIGHT="39" HPOS="900" LANG="en-US" VPOS="2368" WIDTH="54" />
<String CONTENT="cm" HEIGHT="21" HPOS="989" LANG="en-US" STYLE="superscript" VPOS="2369" WIDTH="42" />
<String CONTENT="." HEIGHT="9" HPOS="1036" LANG="en-US" VPOS="2399" WIDTH="8" />
</TextLine>
<TextLine CS="1" HEIGHT="51" HPOS="207" STYLEREFS="StyleId-E143B159-BFD6-460C-9DF6-6D8AA3E4EF8E-" VPOS="2420" WIDTH="1877">
<String CONTENT="&#169;" HEIGHT="51" HPOS="207" VPOS="2420" WIDTH="50" />
<SP HEIGHT="51" HPOS="258" VPOS="2420" WIDTH="28" />
<String CONTENT="Nov." HEIGHT="38" HPOS="287" VPOS="2425" WIDTH="116" />
<SP HEIGHT="38" HPOS="404" VPOS="2425" WIDTH="27" />
<String CONTENT="15," HEIGHT="40" HPOS="432" VPOS="2424" WIDTH="68" />
<SP HEIGHT="39" HPOS="501" VPOS="2425" WIDTH="28" />
<String CONTENT="1934;" CS="1" HEIGHT="41" HPOS="530" VPOS="2423" WIDTH="114" />
<SP HEIGHT="46" HPOS="671" VPOS="2424" WIDTH="28" />
<String CONTENT="2c" HEIGHT="39" HPOS="700" VPOS="2424" WIDTH="55" />
<SP HEIGHT="38" HPOS="756" VPOS="2425" WIDTH="38" />
<String CONTENT="Nov." HEIGHT="38" HPOS="795" VPOS="2425" WIDTH="116" />
<SP HEIGHT="38" HPOS="912" VPOS="2424" WIDTH="28" />
<String CONTENT="23;" CS="1" HEIGHT="39" HPOS="941" VPOS="2424" WIDTH="55" />
<SP HEIGHT="30" HPOS="1024" VPOS="2434" WIDTH="31" />
<String CONTENT="aff." HEIGHT="40" HPOS="1056" VPOS="2423" WIDTH="79" />
<SP HEIGHT="39" HPOS="1136" VPOS="2424" WIDTH="30" />
<String CONTENT="Nov." HEIGHT="39" HPOS="1167" VPOS="2424" WIDTH="114" />
<SP HEIGHT="37" HPOS="1282" VPOS="2425" WIDTH="29" />
<String CONTENT="20;" CS="1" HEIGHT="40" HPOS="1312" VPOS="2424" WIDTH="57" />
<SP HEIGHT="46" HPOS="1394" VPOS="2425" WIDTH="29" />
<String CONTENT="A" HEIGHT="38" HPOS="1424" VPOS="2425" WIDTH="43" />
<SP HEIGHT="39" HPOS="1468" VPOS="2425" WIDTH="26" />
<String CONTENT="78223;" CS="1" HEIGHT="40" HPOS="1495" VPOS="2424" WIDTH="142" />
<SP HEIGHT="46" HPOS="1665" VPOS="2425" WIDTH="30" />
<String CONTENT="Benziger" HEIGHT="47" HPOS="1696" VPOS="2424" WIDTH="234" />
<SP HEIGHT="40" HPOS="1931" VPOS="2423" WIDTH="28" />
<String CONTENT="bros." HEIGHT="40" HPOS="1960" VPOS="2423" WIDTH="124" />
</TextLine>
<TextLine HEIGHT="48" HPOS="285" STYLEREFS="StyleId-E143B159-BFD6-460C-9DF6-6D8AA3E4EF8E-" VPOS="2480" WIDTH="219">
<String CONTENT="(35-602)" HEIGHT="48" HPOS="285" VPOS="2480" WIDTH="219" />
</TextLine>
<TextLine CS="1" HEIGHT="143" HPOS="207" LANG="fr" VPOS="2554" WIDTH="1990">
<String CONTENT="&#8230;" CS="1" LANG="en-US" />
<SP HEIGHT="51" HPOS="338" VPOS="2556" WIDTH="55" />
<String CONTENT="Le" HEIGHT="51" HPOS="394" VPOS="2556" WIDTH="79" />
<SP HEIGHT="51" HPOS="474" VPOS="2556" WIDTH="49" />
<String CONTENT="livre" HEIGHT="53" HPOS="524" VPOS="2554" WIDTH="147" />
<SP HEIGHT="52" HPOS="672" VPOS="2555" WIDTH="52" />
<String CONTENT="de" HEIGHT="52" HPOS="725" VPOS="2555" WIDTH="70" />
<SP HEIGHT="50" HPOS="796" VPOS="2557" WIDTH="47" />
<String CONTENT="l&#8217;amour" HEIGHT="51" HPOS="844" VPOS="2556" WIDTH="239" />
<SP HEIGHT="32" HPOS="1084" VPOS="2574" WIDTH="49" />
<String CONTENT="mis&#233;ricordieux." HEIGHT="54" HPOS="1134" VPOS="2554" WIDTH="478" />
<SP HEIGHT="33" HPOS="1613" VPOS="2589" WIDTH="93" />
<String CONTENT="[Arras" HEIGHT="67" HPOS="1707" VPOS="2555" WIDTH="198" />
<SP HEIGHT="65" HPOS="1906" VPOS="2556" WIDTH="31" />
<String CONTENT="(Pas-de-Calais)" HEIGHT="143" HPOS="207" VPOS="2554" WIDTH="1990" />
</TextLine>
<TextLine HEIGHT="66" HPOS="471" LANG="fr" VPOS="2632" WIDTH="864">
<String CONTENT="Imprimerie" HEIGHT="66" HPOS="471" VPOS="2632" WIDTH="360" />
<SP HEIGHT="33" HPOS="832" VPOS="2651" WIDTH="32" />
<String CONTENT="moderne," HEIGHT="65" HPOS="865" VPOS="2633" WIDTH="283" />
<SP HEIGHT="62" HPOS="1149" VPOS="2636" WIDTH="32" />
<String CONTENT="1934]" HEIGHT="62" HPOS="1182" VPOS="2636" WIDTH="153" />
</TextLine>
<TextLine CS="1" HEIGHT="68" HPOS="278" LANG="fr" STYLEREFS="StyleId-E143B159-BFD6-460C-9DF6-6D8AA3E4EF8E-" VPOS="2684" WIDTH="1032">
<String CONTENT="1" HEIGHT="37" HPOS="278" VPOS="2707" WIDTH="25" />
<SP HEIGHT="45" HPOS="304" VPOS="2707" WIDTH="25" />
<String CONTENT="p." HEIGHT="37" HPOS="330" VPOS="2715" WIDTH="41" />
<SP HEIGHT="37" HPOS="372" VPOS="2707" WIDTH="25" />
<String CONTENT="l.," CS="1" HEIGHT="7" HPOS="418" VPOS="2736" WIDTH="7" />
<SP HEIGHT="61" HPOS="446" VPOS="2684" WIDTH="25" />
<String CONTENT="7-462" HEIGHT="40" HPOS="472" VPOS="2704" WIDTH="140" />
<SP HEIGHT="48" HPOS="613" VPOS="2704" WIDTH="26" />
<String CONTENT="p." HEIGHT="36" HPOS="640" VPOS="2716" WIDTH="40" />
<SP HEIGHT="28" HPOS="681" VPOS="2716" WIDTH="56" />
<String CONTENT="col." HEIGHT="39" HPOS="738" VPOS="2706" WIDTH="84" />
<SP HEIGHT="36" HPOS="823" VPOS="2716" WIDTH="28" />
<String CONTENT="plates." HEIGHT="46" HPOS="852" VPOS="2706" WIDTH="168" />
<SP HEIGHT="39" HPOS="1021" VPOS="2704" WIDTH="54" />
<String CONTENT="22" HEIGHT="39" HPOS="1076" VPOS="2704" WIDTH="54" />
<SP HEIGHT="39" HPOS="1131" VPOS="2704" WIDTH="17" />
<String CONTENT="x" HEIGHT="27" HPOS="1149" VPOS="2716" WIDTH="30" />
<SP HEIGHT="37" HPOS="1180" VPOS="2706" WIDTH="15" />
<String CONTENT="17" HEIGHT="39" HPOS="1196" VPOS="2706" WIDTH="53" />
<String CONTENT="cm" HEIGHT="20" HPOS="1254" STYLE="superscript" VPOS="2708" WIDTH="44" />
<String CONTENT="." HEIGHT="8" HPOS="1302" VPOS="2737" WIDTH="8" />
</TextLine>
<TextLine CS="1" HEIGHT="48" HPOS="275" STYLEREFS="StyleId-E143B159-BFD6-460C-9DF6-6D8AA3E4EF8E-" VPOS="2761" WIDTH="877">
<String CONTENT="At" HEIGHT="40" HPOS="275" VPOS="2761" WIDTH="67" />
<SP HEIGHT="38" HPOS="343" VPOS="2763" WIDTH="22" />
<String CONTENT="head" HEIGHT="39" HPOS="366" VPOS="2762" WIDTH="124" />
<SP HEIGHT="39" HPOS="491" VPOS="2762" WIDTH="24" />
<String CONTENT="of" HEIGHT="40" HPOS="516" VPOS="2761" WIDTH="53" />
<SP HEIGHT="40" HPOS="570" VPOS="2761" WIDTH="22" />
<String CONTENT="title," HEIGHT="48" HPOS="593" VPOS="2761" WIDTH="121" />
<SP HEIGHT="45" HPOS="715" VPOS="2764" WIDTH="27" />
<String CONTENT="t." HEIGHT="38" HPOS="743" VPOS="2764" WIDTH="31" />
<SP HEIGHT="38" HPOS="775" VPOS="2762" WIDTH="25" />
<String CONTENT="1:" CS="1" HEIGHT="38" HPOS="801" VPOS="2762" WIDTH="23" />
<SP HEIGHT="38" HPOS="855" VPOS="2762" WIDTH="28" />
<String CONTENT="Mo&#957;o&#955;&#243;&#947;o&#962;." CS="1" HEIGHT="39" HPOS="884" VPOS="2762" WIDTH="268" />
</TextLine>
<TextLine HEIGHT="50" HPOS="280" STYLEREFS="StyleId-E143B159-BFD6-460C-9DF6-6D8AA3E4EF8E-" VPOS="2815" WIDTH="1115">
<String CONTENT="&#8220;Copyright" HEIGHT="50" HPOS="280" LANG="en-US" VPOS="2815" WIDTH="295" />
<SP HEIGHT="39" HPOS="576" VPOS="2818" WIDTH="23" />
<String CONTENT="1934" HEIGHT="40" HPOS="600" LANG="en-US" VPOS="2817" WIDTH="115" />
<SP HEIGHT="39" HPOS="716" VPOS="2817" WIDTH="26" />
<String CONTENT="by" HEIGHT="48" HPOS="743" LANG="en-US" VPOS="2817" WIDTH="62" />
<SP HEIGHT="50" HPOS="806" VPOS="2815" WIDTH="29" />
<String CONTENT="Chanoine" HEIGHT="43" HPOS="836" LANG="fr" VPOS="2815" WIDTH="246" />
<SP HEIGHT="40" HPOS="1083" VPOS="2818" WIDTH="29" />
<String CONTENT="F." HEIGHT="41" HPOS="1113" LANG="fr" VPOS="2818" WIDTH="51" />
<SP HEIGHT="43" HPOS="1165" VPOS="2816" WIDTH="29" />
<String CONTENT="Caron.&#8221;" HEIGHT="43" HPOS="1195" LANG="en-US" VPOS="2816" WIDTH="200" />
</TextLine>
<TextLine CS="1" HEIGHT="52" HPOS="211" STYLEREFS="StyleId-E143B159-BFD6-460C-9DF6-6D8AA3E4EF8E-" VPOS="2870" WIDTH="1989">
<String CONTENT="&#169;" HEIGHT="51" HPOS="211" VPOS="2870" WIDTH="50" />
<SP HEIGHT="51" HPOS="262" VPOS="2870" WIDTH="35" />
<String CONTENT="Mar." HEIGHT="37" HPOS="298" VPOS="2876" WIDTH="119" />
<SP HEIGHT="39" HPOS="418" VPOS="2874" WIDTH="31" />
<String CONTENT="20," HEIGHT="46" HPOS="450" VPOS="2874" WIDTH="68" />
<SP HEIGHT="45" HPOS="519" VPOS="2875" WIDTH="35" />
<String CONTENT="1934;" HEIGHT="46" HPOS="555" VPOS="2874" WIDTH="139" />
<SP />
<String CONTENT="1c." CS="1" />
<SP />
<String CONTENT="Sept." HEIGHT="46" HPOS="834" VPOS="2874" WIDTH="125" />
<SP HEIGHT="37" HPOS="960" VPOS="2875" WIDTH="34" />
<String CONTENT="17;" HEIGHT="44" HPOS="995" VPOS="2875" WIDTH="81" />
<SP HEIGHT="44" HPOS="1077" VPOS="2875" WIDTH="35" />
<String CONTENT="A-Foreign" HEIGHT="47" HPOS="1113" VPOS="2875" WIDTH="312" />
<SP HEIGHT="40" HPOS="1426" VPOS="2873" WIDTH="29" />
<String CONTENT="25568;" HEIGHT="48" HPOS="1456" VPOS="2873" WIDTH="170" />
<SP HEIGHT="47" HPOS="1627" VPOS="2874" WIDTH="36" />
<String CONTENT="F&#233;lix" HEIGHT="40" HPOS="1664" LANG="fr" VPOS="2873" WIDTH="139" />
<SP HEIGHT="41" HPOS="1804" VPOS="2873" WIDTH="34" />
<String CONTENT="Caron," HEIGHT="46" HPOS="1839" VPOS="2873" WIDTH="171" />
<SP HEIGHT="47" HPOS="2011" VPOS="2872" WIDTH="35" />
<String CONTENT="Arras" HEIGHT="39" HPOS="2047" VPOS="2872" WIDTH="153" />
</TextLine>
<TextLine HEIGHT="61" HPOS="288" STYLEREFS="StyleId-E143B159-BFD6-460C-9DF6-6D8AA3E4EF8E-" VPOS="2916" WIDTH="931">
<String CONTENT="(Pas-de-Calaisj" HEIGHT="61" HPOS="288" VPOS="2916" WIDTH="406" />
<SP HEIGHT="61" HPOS="695" VPOS="2916" WIDTH="35" />
<String CONTENT="France." HEIGHT="39" HPOS="731" VPOS="2930" WIDTH="197" />
<SP HEIGHT="47" HPOS="929" VPOS="2930" WIDTH="71" />
<String CONTENT="(35-606)" HEIGHT="47" HPOS="1001" VPOS="2930" WIDTH="218" />
</TextLine>
<TextLine HEIGHT="66" HPOS="210" VPOS="2990" WIDTH="962">
<String CONTENT="March," HEIGHT="65" HPOS="210" VPOS="2991" WIDTH="223" />
<SP HEIGHT="63" HPOS="434" VPOS="2993" WIDTH="26" />
<String CONTENT="Harry" HEIGHT="62" HPOS="461" VPOS="2993" WIDTH="202" />
<SP HEIGHT="63" HPOS="664" VPOS="2992" WIDTH="24" />
<String CONTENT="Addison," HEIGHT="64" HPOS="689" VPOS="2990" WIDTH="281" />
<SP HEIGHT="54" HPOS="971" VPOS="3000" WIDTH="29" />
<String CONTENT="1878-" HEIGHT="51" HPOS="1001" VPOS="2995" WIDTH="171" />
</TextLine>
<TextLine CS="1" HEIGHT="69" HPOS="278" VPOS="3067" WIDTH="1920">
<String CONTENT="Pro" HEIGHT="52" HPOS="278" VPOS="3069" WIDTH="115" />
<SP HEIGHT="53" HPOS="394" VPOS="3068" WIDTH="27" />
<String CONTENT="football," HEIGHT="66" HPOS="422" VPOS="3068" WIDTH="262" />
<SP HEIGHT="65" HPOS="685" VPOS="3069" WIDTH="24" />
<String CONTENT="its" HEIGHT="52" HPOS="710" VPOS="3069" WIDTH="75" />
<SP HEIGHT="54" HPOS="786" VPOS="3067" WIDTH="26" />
<String CONTENT="&#8220;ups&#8221;" HEIGHT="67" HPOS="813" VPOS="3067" WIDTH="173" />
<SP HEIGHT="53" HPOS="987" VPOS="3068" WIDTH="29" />
<String CONTENT="and" HEIGHT="52" HPOS="1017" VPOS="3069" WIDTH="112" />
<SP HEIGHT="52" HPOS="1130" VPOS="3068" WIDTH="28" />
<String CONTENT="&#8220;downs&#8221;;" CS="1" HEIGHT="54" HPOS="1159" VPOS="3068" WIDTH="262" />
<SP HEIGHT="48" HPOS="1450" VPOS="3088" WIDTH="30" />
<String CONTENT="a" HEIGHT="33" HPOS="1481" VPOS="3089" WIDTH="30" />
<SP HEIGHT="50" HPOS="1512" VPOS="3072" WIDTH="26" />
<String CONTENT="light-hearted" HEIGHT="67" HPOS="1539" VPOS="3068" WIDTH="413" />
<SP HEIGHT="52" HPOS="1953" VPOS="3068" WIDTH="24" />
<String CONTENT="history" HEIGHT="64" HPOS="1978" VPOS="3068" WIDTH="220" />
</TextLine>
<TextLine CS="1" HEIGHT="144" HPOS="210" VPOS="3144" WIDTH="1965">
<String CONTENT="of" HEIGHT="51" HPOS="211" VPOS="3144" WIDTH="63" />
<SP HEIGHT="53" HPOS="275" VPOS="3144" WIDTH="30" />
<String CONTENT="the" HEIGHT="51" HPOS="306" VPOS="3146" WIDTH="95" />
<SP HEIGHT="49" HPOS="402" VPOS="3163" WIDTH="32" />
<String CONTENT="post" HEIGHT="60" HPOS="435" VPOS="3152" WIDTH="128" />
<SP HEIGHT="60" HPOS="564" VPOS="3152" WIDTH="31" />
<String CONTENT="graduate" HEIGHT="68" HPOS="596" VPOS="3144" WIDTH="279" />
<SP HEIGHT="47" HPOS="876" VPOS="3164" WIDTH="30" />
<String CONTENT="game," HEIGHT="50" HPOS="907" VPOS="3162" WIDTH="179" />
<SP HEIGHT="67" HPOS="1087" VPOS="3145" WIDTH="31" />
<String CONTENT="by" HEIGHT="67" HPOS="1119" VPOS="3145" WIDTH="75" />
<SP HEIGHT="66" HPOS="1195" VPOS="3146" WIDTH="31" />
<String CONTENT="Dr." HEIGHT="52" HPOS="1227" VPOS="3146" WIDTH="104" />
<SP HEIGHT="51" HPOS="1332" VPOS="3147" WIDTH="33" />
<String CONTENT="Harry" HEIGHT="65" HPOS="1366" VPOS="3147" WIDTH="200" />
<SP HEIGHT="66" HPOS="1567" VPOS="3146" WIDTH="30" />
<String CONTENT="A." HEIGHT="52" HPOS="1598" VPOS="3146" WIDTH="71" />
<SP HEIGHT="54" HPOS="1670" VPOS="3144" WIDTH="32" />
<String CONTENT="March" HEIGHT="53" HPOS="1703" VPOS="3144" WIDTH="203" />
<SP HEIGHT="52" HPOS="1907" VPOS="3145" WIDTH="37" />
<String CONTENT="&#8230;" CS="1" />
<SP HEIGHT="33" HPOS="2001" VPOS="3177" WIDTH="79" />
<String CONTENT="[Albany," HEIGHT="144" HPOS="210" VPOS="3144" WIDTH="1965" />
</TextLine>
<TextLine HEIGHT="69" HPOS="411" VPOS="3221" WIDTH="1281">
<String CONTENT="Printed" HEIGHT="53" HPOS="411" VPOS="3221" WIDTH="244" />
<SP HEIGHT="52" HPOS="656" VPOS="3222" WIDTH="29" />
<String CONTENT="by" HEIGHT="66" HPOS="686" VPOS="3222" WIDTH="77" />
<SP HEIGHT="66" HPOS="764" VPOS="3222" WIDTH="31" />
<String CONTENT="J." HEIGHT="53" HPOS="796" LANG="fr" VPOS="3222" WIDTH="56" />
<SP HEIGHT="50" HPOS="853" VPOS="3224" WIDTH="34" />
<String CONTENT="B." HEIGHT="50" HPOS="888" VPOS="3224" WIDTH="68" />
<SP HEIGHT="52" HPOS="957" VPOS="3222" WIDTH="32" />
<String CONTENT="Lyon" HEIGHT="66" HPOS="990" VPOS="3222" WIDTH="164" />
<SP HEIGHT="34" HPOS="1155" VPOS="3240" WIDTH="31" />
<String CONTENT="company," HEIGHT="49" HPOS="1187" VPOS="3241" WIDTH="295" />
<SP HEIGHT="61" HPOS="1483" VPOS="3229" WIDTH="31" />
<String CONTENT="c" HEIGHT="21" HPOS="1515" STYLE="superscript" VPOS="3229" WIDTH="19" />
<String CONTENT="1934]" HEIGHT="60" HPOS="1539" VPOS="3225" WIDTH="153" />
</TextLine>
<TextLine CS="1" HEIGHT="49" HPOS="281" STYLEREFS="StyleId-E143B159-BFD6-460C-9DF6-6D8AA3E4EF8E-" VPOS="3293" WIDTH="932">
<String CONTENT="160" HEIGHT="39" HPOS="281" VPOS="3294" WIDTH="83" />
<SP HEIGHT="48" HPOS="365" VPOS="3294" WIDTH="33" />
<String CONTENT="p." HEIGHT="37" HPOS="399" VPOS="3305" WIDTH="42" />
<SP HEIGHT="39" HPOS="442" VPOS="3294" WIDTH="59" />
<String CONTENT="illus." HEIGHT="40" HPOS="502" VPOS="3293" WIDTH="127" />
<SP HEIGHT="47" HPOS="630" VPOS="3293" WIDTH="29" />
<String CONTENT="(inch" HEIGHT="47" HPOS="660" VPOS="3293" WIDTH="130" />
<SP HEIGHT="47" HPOS="791" VPOS="3294" WIDTH="34" />
<String CONTENT="ports.)" HEIGHT="46" HPOS="826" VPOS="3295" WIDTH="172" />
<SP HEIGHT="48" HPOS="999" VPOS="3293" WIDTH="69" />
<String CONTENT="23&#189;" CS="1" HEIGHT="39" HPOS="1069" VPOS="3293" WIDTH="55" />
<String CONTENT="cm" HEIGHT="20" HPOS="1159" STYLE="superscript" VPOS="3296" WIDTH="43" />
<String CONTENT="." HEIGHT="8" HPOS="1205" VPOS="3326" WIDTH="8" />
</TextLine>
<TextLine CS="1" HEIGHT="49" HPOS="284" STYLEREFS="StyleId-E143B159-BFD6-460C-9DF6-6D8AA3E4EF8E-" VPOS="3348" WIDTH="1912">
<String CONTENT="On" HEIGHT="40" HPOS="284" VPOS="3348" WIDTH="73" />
<SP HEIGHT="29" HPOS="358" VPOS="3360" WIDTH="28" />
<String CONTENT="cover:" CS="1" HEIGHT="30" HPOS="387" VPOS="3360" WIDTH="142" />
<SP HEIGHT="40" HPOS="554" VPOS="3349" WIDTH="38" />
<String CONTENT="&#8220;Kick" HEIGHT="40" HPOS="593" VPOS="3349" WIDTH="153" />
<SP HEIGHT="39" HPOS="747" VPOS="3351" WIDTH="32" />
<String CONTENT="off&#8221;" HEIGHT="41" HPOS="780" VPOS="3349" WIDTH="92" />
<SP HEIGHT="40" HPOS="873" VPOS="3349" WIDTH="33" />
<String CONTENT="by" HEIGHT="47" HPOS="907" VPOS="3350" WIDTH="60" />
<SP HEIGHT="48" HPOS="968" VPOS="3349" WIDTH="35" />
<String CONTENT="Grantland" HEIGHT="40" HPOS="1004" VPOS="3349" WIDTH="271" />
<SP HEIGHT="38" HPOS="1276" VPOS="3351" WIDTH="33" />
<String CONTENT="Rice;" CS="1" HEIGHT="40" HPOS="1310" VPOS="3351" WIDTH="116" />
<SP HEIGHT="46" HPOS="1452" VPOS="3351" WIDTH="37" />
<String CONTENT="&#8220;Between" HEIGHT="40" HPOS="1490" VPOS="3351" WIDTH="253" />
<SP HEIGHT="38" HPOS="1744" VPOS="3351" WIDTH="31" />
<String CONTENT="halves&#8221;" HEIGHT="42" HPOS="1776" VPOS="3348" WIDTH="196" />
<SP HEIGHT="41" HPOS="1973" VPOS="3348" WIDTH="34" />
<String CONTENT="by" HEIGHT="47" HPOS="2008" VPOS="3349" WIDTH="62" />
<SP HEIGHT="48" HPOS="2071" VPOS="3348" WIDTH="32" />
<String CONTENT="Bill" HEIGHT="40" HPOS="2104" VPOS="3348" WIDTH="92" />
</TextLine>
<TextLine CS="1" HEIGHT="48" HPOS="213" STYLEREFS="StyleId-E143B159-BFD6-460C-9DF6-6D8AA3E4EF8E-" VPOS="3404" WIDTH="1130">
<String CONTENT="Corum;" CS="1" HEIGHT="41" HPOS="213" VPOS="3404" WIDTH="174" />
<SP HEIGHT="46" HPOS="415" VPOS="3406" WIDTH="35" />
<String CONTENT="&#8220;Final" HEIGHT="40" HPOS="451" VPOS="3405" WIDTH="169" />
<SP HEIGHT="38" HPOS="621" VPOS="3406" WIDTH="29" />
<String CONTENT="whistle&#8221;" HEIGHT="41" HPOS="651" VPOS="3405" WIDTH="220" />
<SP HEIGHT="40" HPOS="872" VPOS="3405" WIDTH="29" />
<String CONTENT="by" HEIGHT="46" HPOS="902" VPOS="3405" WIDTH="61" />
<SP HEIGHT="46" HPOS="964" VPOS="3405" WIDTH="28" />
<String CONTENT="Paul" HEIGHT="40" HPOS="993" VPOS="3405" WIDTH="123" />
<SP HEIGHT="40" HPOS="1117" VPOS="3404" WIDTH="30" />
<String CONTENT="Gallico." HEIGHT="42" HPOS="1148" VPOS="3404" WIDTH="195" />
</TextLine>
<TextLine CS="1" HEIGHT="51" HPOS="216" STYLEREFS="StyleId-E143B159-BFD6-460C-9DF6-6D8AA3E4EF8E-" VPOS="3460" WIDTH="1987">
<String CONTENT="&#169;" HEIGHT="51" HPOS="216" VPOS="3460" WIDTH="50" />
<SP HEIGHT="51" HPOS="267" VPOS="3460" WIDTH="25" />
<String CONTENT="Aug." HEIGHT="45" HPOS="293" VPOS="3466" WIDTH="118" />
<SP HEIGHT="39" HPOS="412" VPOS="3464" WIDTH="26" />
<String CONTENT="30," HEIGHT="47" HPOS="439" VPOS="3463" WIDTH="68" />
<SP HEIGHT="46" HPOS="508" VPOS="3464" WIDTH="25" />
<String CONTENT="1934;" CS="1" HEIGHT="41" HPOS="534" VPOS="3461" WIDTH="114" />
<SP HEIGHT="46" HPOS="675" VPOS="3462" WIDTH="26" />
<String CONTENT="2c." HEIGHT="39" HPOS="702" VPOS="3462" WIDTH="65" />
<SP HEIGHT="40" HPOS="768" VPOS="3462" WIDTH="31" />
<String CONTENT="Sept." HEIGHT="47" HPOS="800" VPOS="3462" WIDTH="125" />
<SP HEIGHT="37" HPOS="926" VPOS="3463" WIDTH="25" />
<String CONTENT="18:" CS="1" HEIGHT="40" HPOS="952" VPOS="3461" WIDTH="55" />
<SP HEIGHT="29" HPOS="1035" VPOS="3472" WIDTH="28" />
<String CONTENT="aff." HEIGHT="40" HPOS="1064" VPOS="3461" WIDTH="79" />
<SP HEIGHT="40" HPOS="1144" VPOS="3461" WIDTH="31" />
<String CONTENT="Sept." HEIGHT="48" HPOS="1176" VPOS="3461" WIDTH="124" />
<SP HEIGHT="38" HPOS="1301" VPOS="3463" WIDTH="27" />
<String CONTENT="15;" CS="1" HEIGHT="39" HPOS="1329" VPOS="3463" WIDTH="54" />
<SP HEIGHT="45" HPOS="1411" VPOS="3464" WIDTH="28" />
<String CONTENT="A" HEIGHT="38" HPOS="1440" VPOS="3464" WIDTH="43" />
<SP HEIGHT="39" HPOS="1484" VPOS="3464" WIDTH="22" />
<String CONTENT="75373:" CS="1" HEIGHT="39" HPOS="1507" VPOS="3464" WIDTH="141" />
<SP HEIGHT="38" HPOS="1677" VPOS="3464" WIDTH="30" />
<String CONTENT="H." HEIGHT="38" HPOS="1708" VPOS="3464" WIDTH="59" />
<SP HEIGHT="39" HPOS="1768" VPOS="3462" WIDTH="26" />
<String CONTENT="A." HEIGHT="39" HPOS="1795" VPOS="3462" WIDTH="52" />
<SP HEIGHT="38" HPOS="1848" VPOS="3463" WIDTH="29" />
<String CONTENT="March," HEIGHT="46" HPOS="1878" VPOS="3462" WIDTH="182" />
<SP HEIGHT="47" HPOS="2061" VPOS="3461" WIDTH="25" />
<String CONTENT="New" HEIGHT="39" HPOS="2087" VPOS="3461" WIDTH="116" />
</TextLine>
<TextLine HEIGHT="47" HPOS="284" STYLEREFS="StyleId-E143B159-BFD6-460C-9DF6-6D8AA3E4EF8E-" VPOS="3519" WIDTH="432">
<String CONTENT="York." HEIGHT="39" HPOS="284" VPOS="3520" WIDTH="140" />
<SP HEIGHT="47" HPOS="425" VPOS="3519" WIDTH="71" />
<String CONTENT="(35-781)" HEIGHT="47" HPOS="497" VPOS="3519" WIDTH="219" />
</TextLine>
<TextLine CS="1" HEIGHT="66" HPOS="220" VPOS="3579" WIDTH="948">
<String CONTENT="[Mary" HEIGHT="63" HPOS="220" VPOS="3581" WIDTH="191" />
<SP HEIGHT="62" HPOS="412" VPOS="3581" WIDTH="23" />
<String CONTENT="Agnesine," HEIGHT="62" HPOS="436" VPOS="3581" WIDTH="318" />
<SP HEIGHT="45" HPOS="755" VPOS="3597" WIDTH="26" />
<String CONTENT="sister]" CS="1" HEIGHT="53" HPOS="782" VPOS="3579" WIDTH="166" />
<SP HEIGHT="62" HPOS="964" VPOS="3583" WIDTH="34" />
<String CONTENT="1884-" HEIGHT="49" HPOS="999" VPOS="3582" WIDTH="169" />
</TextLine>
<TextLine CS="1" HEIGHT="67" HPOS="345" VPOS="3655" WIDTH="1857">
<String CONTENT="&#8230;" CS="1" />
<SP HEIGHT="51" HPOS="345" VPOS="3658" WIDTH="41" />
<String CONTENT="The" HEIGHT="52" HPOS="387" VPOS="3657" WIDTH="119" />
<SP HEIGHT="34" HPOS="507" VPOS="3675" WIDTH="35" />
<String CONTENT="vine" HEIGHT="51" HPOS="543" VPOS="3657" WIDTH="128" />
<SP HEIGHT="33" HPOS="672" VPOS="3675" WIDTH="36" />
<String CONTENT="and" HEIGHT="51" HPOS="709" VPOS="3657" WIDTH="112" />
<SP HEIGHT="51" HPOS="822" VPOS="3657" WIDTH="30" />
<String CONTENT="the" HEIGHT="51" HPOS="853" VPOS="3657" WIDTH="94" />
<SP HEIGHT="52" HPOS="948" VPOS="3656" WIDTH="35" />
<String CONTENT="branches," HEIGHT="66" HPOS="984" VPOS="3656" WIDTH="291" />
<SP HEIGHT="65" HPOS="1276" VPOS="3657" WIDTH="31" />
<String CONTENT="by" HEIGHT="65" HPOS="1308" VPOS="3657" WIDTH="75" />
<SP HEIGHT="46" HPOS="1384" VPOS="3676" WIDTH="35" />
<String CONTENT="a" HEIGHT="32" HPOS="1420" VPOS="3677" WIDTH="31" />
<SP HEIGHT="55" HPOS="1452" VPOS="3657" WIDTH="36" />
<String CONTENT="School" HEIGHT="55" HPOS="1489" VPOS="3657" WIDTH="206" />
<SP HEIGHT="50" HPOS="1696" VPOS="3660" WIDTH="32" />
<String CONTENT="sister" HEIGHT="52" HPOS="1729" VPOS="3657" WIDTH="165" />
<SP HEIGHT="33" HPOS="1895" VPOS="3675" WIDTH="32" />
<String CONTENT="of" HEIGHT="53" HPOS="1928" VPOS="3655" WIDTH="64" />
<SP HEIGHT="52" HPOS="1993" VPOS="3655" WIDTH="30" />
<String CONTENT="Notre" HEIGHT="52" HPOS="2024" VPOS="3655" WIDTH="178" />
</TextLine>
<TextLine HEIGHT="67" HPOS="215" VPOS="3732" WIDTH="1986">
<String CONTENT="Dame," HEIGHT="66" HPOS="215" VPOS="3733" WIDTH="197" />
<SP HEIGHT="46" HPOS="413" VPOS="3753" WIDTH="40" />
<String CONTENT="of" HEIGHT="53" HPOS="454" VPOS="3733" WIDTH="63" />
<SP HEIGHT="51" HPOS="518" VPOS="3733" WIDTH="38" />
<String CONTENT="the" HEIGHT="52" HPOS="557" VPOS="3733" WIDTH="96" />
<SP HEIGHT="52" HPOS="654" VPOS="3733" WIDTH="39" />
<String CONTENT="faculty" HEIGHT="65" HPOS="694" VPOS="3733" WIDTH="224" />
<SP HEIGHT="46" HPOS="919" VPOS="3752" WIDTH="40" />
<String CONTENT="of" HEIGHT="53" HPOS="960" VPOS="3732" WIDTH="63" />
<SP HEIGHT="55" HPOS="1024" VPOS="3732" WIDTH="40" />
<String CONTENT="St." HEIGHT="55" HPOS="1065" VPOS="3732" WIDTH="82" />
<SP HEIGHT="51" HPOS="1148" VPOS="3733" WIDTH="41" />
<String CONTENT="Paul" HEIGHT="51" HPOS="1190" VPOS="3733" WIDTH="148" />
<SP HEIGHT="51" HPOS="1339" VPOS="3734" WIDTH="41" />
<String CONTENT="diocesan" HEIGHT="52" HPOS="1381" VPOS="3734" WIDTH="261" />
<SP HEIGHT="46" HPOS="1643" VPOS="3740" WIDTH="38" />
<String CONTENT="teachers" HEIGHT="52" HPOS="1682" VPOS="3734" WIDTH="251" />
<SP HEIGHT="36" HPOS="1934" VPOS="3750" WIDTH="41" />
<String CONTENT="college," HEIGHT="64" HPOS="1976" VPOS="3733" WIDTH="225" />
</TextLine>
<TextLine CS="1" HEIGHT="131" HPOS="216" VPOS="3808" WIDTH="1962">
<String CONTENT="St." HEIGHT="54" HPOS="218" VPOS="3810" WIDTH="82" />
<SP HEIGHT="52" HPOS="301" VPOS="3811" WIDTH="32" />
<String CONTENT="Paul," HEIGHT="65" HPOS="334" VPOS="3811" WIDTH="166" />
<SP HEIGHT="67" HPOS="501" VPOS="3809" WIDTH="28" />
<String CONTENT="Minn.," HEIGHT="65" HPOS="530" VPOS="3809" WIDTH="202" />
<SP HEIGHT="46" HPOS="733" VPOS="3828" WIDTH="33" />
<String CONTENT="and" HEIGHT="51" HPOS="767" VPOS="3810" WIDTH="113" />
<SP HEIGHT="51" HPOS="881" VPOS="3810" WIDTH="29" />
<String CONTENT="Bev." HEIGHT="51" HPOS="911" VPOS="3810" WIDTH="137" />
<SP HEIGHT="52" HPOS="1049" VPOS="3809" WIDTH="30" />
<String CONTENT="B." HEIGHT="52" HPOS="1080" LANG="fr" VPOS="3809" WIDTH="70" />
<SP HEIGHT="54" HPOS="1151" VPOS="3809" WIDTH="32" />
<String CONTENT="G." HEIGHT="54" HPOS="1184" VPOS="3809" WIDTH="68" />
<SP HEIGHT="50" HPOS="1253" VPOS="3811" WIDTH="33" />
<String CONTENT="Bandas" HEIGHT="51" HPOS="1287" VPOS="3811" WIDTH="231" />
<SP HEIGHT="33" HPOS="1519" VPOS="3829" WIDTH="37" />
<String CONTENT="&#8230;" CS="1" />
<SP HEIGHT="52" HPOS="1613" VPOS="3810" WIDTH="71" />
<String CONTENT="New" HEIGHT="52" HPOS="1685" VPOS="3810" WIDTH="140" />
<SP HEIGHT="53" HPOS="1826" VPOS="3809" WIDTH="32" />
<String CONTENT="York," HEIGHT="65" HPOS="1859" VPOS="3808" WIDTH="179" />
<SP HEIGHT="65" HPOS="2039" VPOS="3808" WIDTH="28" />
<String CONTENT="Milwaukee" HEIGHT="131" HPOS="216" VPOS="3808" WIDTH="1962" />
</TextLine>
<TextLine HEIGHT="68" HPOS="486" VPOS="3885" WIDTH="1439">
<String CONTENT="[etc.]" HEIGHT="61" HPOS="486" VPOS="3892" WIDTH="137" />
<SP HEIGHT="66" HPOS="624" VPOS="3887" WIDTH="39" />
<String CONTENT="The" HEIGHT="54" HPOS="664" VPOS="3885" WIDTH="123" />
<SP HEIGHT="51" HPOS="788" VPOS="3887" WIDTH="31" />
<String CONTENT="Bruce" HEIGHT="51" HPOS="820" VPOS="3887" WIDTH="184" />
<SP HEIGHT="48" HPOS="1005" VPOS="3904" WIDTH="35" />
<String CONTENT="publishing" HEIGHT="67" HPOS="1041" VPOS="3885" WIDTH="334" />
<SP HEIGHT="47" HPOS="1376" VPOS="3905" WIDTH="35" />
<String CONTENT="company" HEIGHT="47" HPOS="1412" VPOS="3905" WIDTH="279" />
<SP HEIGHT="46" HPOS="1692" VPOS="3906" WIDTH="40" />
<String CONTENT="[" HEIGHT="33" HPOS="1733" VPOS="3919" WIDTH="13" />
<String CONTENT="c" HEIGHT="21" HPOS="1750" STYLE="superscript" VPOS="3893" WIDTH="18" />
<String CONTENT="1934]" HEIGHT="63" HPOS="1773" VPOS="3888" WIDTH="152" />
</TextLine>
</TextBlock>
</PrintSpace>
</Page>
</Layout>
</alto>