2350 4196
1130 4003 98 48 622

179 366 316 66 McIntosh,
526 367 207 53 Daniel
764 368 174 63 Cobb,
970 370 168 51 1882-
1350 367 82 52 ed.

248 442 1854 70 First problems in agriculture, by Roy Arthur Ballinger …
178 519 1984 69 Warren Lale Blizzard … [and others] Arranged and edited
179 596 1985 70 by Daniel Cobb McIntosh … and Don Mathis Orr … with an
180 673 1961 147 introduction by Hon. William H. Murray … New York, Cincinnati [etc.] American book company [ c 1934]
249 827 62 46 xi,
344 828 68 48 [1],
441 827 86 41 468
554 838 41 37 p.
624 827 108 40 incl.
762 827 161 47 front.,
953 826 127 40 illus.
1141 828 119 46 port.
1320 825 57 40 20
1380 827 43 21 cm
1428 857 8 7 .

251 884 71 40 On
361 893 164 31 cover:
568 884 72 47 By
680 884 81 39 the
800 883 318 48 agricultural
1158 881 200 49 faculty,
1402 881 266 41 Oklahoma
1708 880 321 49 agricultural
2069 882 96 40 and

180 940 295 40 mechanical
514 942 190 46 college.

185 990 1979 55 © May 7, 1934; 2c. and aff. May 14; A 71623; Amer. book co. [©
251 1055 206 47 changes
480 1055 94 39 and
599 1054 258 48 additions]
931 1052 276 48 (34-13260)

179 1156 204 65 Micek,
415 1156 258 54 Richard.

248 1233 276 68 Painting
554 1238 201 48 secrets
786 1232 93 53 for
906 1233 98 51 the
1032 1234 279 63 amateur;
1343 1232 162 52 home
1534 1232 258 52 methods
1820 1230 63 53 of
180 1229 1963 150 refinishing
305 1310 367 53 automobiles
700 1312 110 51 and
836 1310 304 68 furniture,
1164 1310 73 57 by
1261 1308 252 53 Richard
1538 1308 203 52 Micek.
1809 1306 134 69 [San
1967 1306 200 69 Diego,

183 1388 190 68 Calif.,
402 1395 18 21 c
425 1391 151 64 1934]

251 1462 280 47 cover-title,
562 1462 56 39 40
647 1473 41 36 p.
748 1461 55 39 21½
837 1464 43 20 cm
886 1493 7 8 .

186 1515 1981 52 © Apr. 2, 1934; 2c. and aff. May 14; A 71599; B. Micek, San Diego,
253 1576 141 40 Calif.
469 1575 278 48 (34-13255)

180 1677 127 63 Ogg,
358 1677 273 54 Frederic
662 1676 237 65 Austin,
934 1676 168 53 1878-

255 1753 1858 70 European governments and politics, by Frederic A. Ogg …
183 1832 137 52 New
352 1830 176 69 York,
557 1832 120 52 The
707 1831 332 52 Macmillan
1068 1849 294 50 company,
1392 1834 150 49 1934.

254 1904 88 39 viii
365 1915 58 37 p.,
451 1904 26 39 1
525 1935 22 16 l.,
576 1903 83 41 905
685 1915 43 37 p.
789 1902 56 39 22½
877 1907 44 21 cm
927 1937 5 8 .

258 1960 261 41 “Nineteen
546 1961 225 47 chapters
797 1961 195 49 dealing
1018 1963 118 38 with
1164 1963 80 39 the
1270 1965 312 45 government
1610 1963 94 38 and
1732 1962 185 47 parties
1945 1961 50 40 of
2025 1962 146 41 Great

186 2018 193 39 Britain
409 2018 183 48 largely
623 2018 261 47 reproduce
916 2019 48 37 in
994 2019 265 39 condensed
1290 2018 126 40 form
1446 2029 28 29 a
1506 2019 188 40 volume
1723 2018 202 41 entitled
1959 2018 211 50 ‘English

187 2074 1984 50 government and politics’ … published five years ago … As for the rest,
188 2133 80 40 the
304 2132 121 40 book
460 2133 88 39 has
584 2132 117 40 been
737 2132 195 40 written
968 2131 168 40 afresh
1172 2132 532 48 throughout.”—Pref.

188 2186 1650 51 © May 8, 1934; 2c. and aff. May 9; A 72347; Macmillan co.
266 2246 278 48 (34-13276)

183 2347 296 66 Puleston,
513 2347 250 54 William
799 2349 306 64 Dilworth,
1143 2353 168 48 1881-

253 2423 164 70 High
462 2425 295 51 command
805 2424 58 51 in
909 2424 94 51 the
1052 2424 178 52 world
1277 2442 133 49 war,
1454 2425 75 68 by
1577 2424 258 54 William
1884 2424 288 52 Dilworth

186 2500 1884 68 Puleston … New York, London, C. Scribner’s sons, 1934.
257 2573 69 40 xii
352 2584 56 37 p.,
437 2573 28 38 2
511 2604 21 13 l.,
560 2572 84 41 331
672 2582 42 37 p.
744 2573 107 39 incl.
881 2583 149 40 maps,
1059 2574 175 46 diagrs.
1295 2572 53 42 23½
1383 2577 43 20 cm
1432 2607 7 7 .

189 2628 51 51 ©
270 2633 113 46 May
411 2632 68 39 15.
508 2631 139 46 1934;
679 2631 65 39 2c.
777 2632 111 47 May
917 2630 82 47 18;
1033 2630 79 41 aff.
1144 2633 112 46 May
1285 2632 81 46 16;
1399 2634 40 38 A
1469 2634 141 40 72453;
1674 2634 200 40 Charles
1908 2632 263 41 Scribner’s

257 2699 123 29 sons.
452 2687 277 48 (34-13209)

184 2790 143 64 Salt,
355 2790 261 55 Harriet.

256 2867 192 65 Boats,
491 2866 74 67 by
612 2866 237 52 Harriet
898 2866 151 67 Salt;
1098 2865 320 56 illustrated
1463 2869 74 67 by
1583 2870 147 51 Paul
1776 2868 160 53 Ickes.
2035 2869 137 52 New

191 2944 173 67 York,
393 2943 245 65 Minton,
670 2944 179 51 Balch
880 2946 44 49 &
954 2963 77 36 co.
1069 2978 12 33 [
1086 2951 18 20 c
1110 2948 148 63 1934]

256 3016 1467 49 3 p. l., xiv numb. 1., 2 l. illus. (part col.) 21 × 27 cm .
259 3074 284 40 Illustrated
575 3073 359 48 lining-papers.

258 3131 199 40 Colored
487 3129 325 41 illustrations
839 3140 84 29 are
951 3141 59 28 on
1040 3130 79 40 the
1150 3140 162 31 versos
1341 3132 49 39 of
1420 3133 260 39 numbered
1711 3135 159 37 leaves
1900 3130 148 41 ii-xiv
2078 3131 95 40 and

188 3198 87 29 one
308 3187 326 39 unnumbered
666 3187 99 38 leaf
796 3185 262 48 following.

193 3241 1979 51 © May 4, 1934; 2c. May 15; aff. May 16; A 71657; H. Salt, Brooklyn.
272 3300 276 47 (34-13265)

185 3401 241 67 Schnee,
461 3402 299 65 Heinrich,
798 3401 169 53 1871-

260 3480 212 54 Völker
516 3483 115 51 und
674 3481 219 51 mächte
938 3480 77 52 im
1057 3482 223 50 Fernen
1321 3481 172 55 Osten;
1572 3483 302 52 eindrücke
1918 3501 107 33 von
2072 3482 97 52 der

188 3557 138 54 reise
384 3557 106 53 mit
550 3559 96 51 der
706 3558 810 68 Mandschurei-kommission,
1576 3578 108 33 von
1748 3562 82 51 dr.
1892 3558 276 54 Heinrich

194 3634 1974 64 Schnee … Berlin, Deutsche buch-gemeinschaft g. m. b. h.
198 3745 10 33 [
216 3718 16 20 c
239 3715 147 63 1933]

267 3782 95 46 365,
396 3784 53 48 [1]
481 3795 54 35 p.,
565 3786 22 35 1
638 3814 6 6 l.
707 3784 124 39 illus.
863 3783 181 47 (maps)
1072 3786 167 44 plates,
1271 3787 160 46 ports.,
1464 3788 177 46 diagrs.
1703 3786 54 40 19
1761 3788 43 21 cm
1810 3819 7 7 .

197 3837 50 50 ©
279 3841 114 46 July
422 3840 68 46 31,
522 3838 138 42 1933;
696 3842 62 37 1c.
792 3841 120 40 Mar.
944 3840 68 41 30.
1045 3840 137 45 1934;
1217 3842 307 47 A-Foreign
1555 3843 143 40 24263;
1761 3841 242 41 Deutsche
263 3842 1895 102 buchgemeinschaft,
657 3907 40 36 g.
730 3907 56 28 m.
819 3897 40 39 b.
891 3898 44 37 h.
1009 3897 277 49 (34-13929)
