2350 4196
1167 4002 131 50 1618

300 461 128 39 “The
454 462 133 45 story
616 461 51 39 of
695 462 117 38 each
841 461 186 40 Gilbert
1056 461 94 38 and
1178 460 218 41 Sullivan
1426 469 141 36 opera
1607 459 71 45 (in
1710 461 78 35 the
1819 458 138 38 order
1987 458 43 36 in
2064 458 152 38 which

229 517 111 47 they
368 526 125 31 were
522 517 106 41 first
658 517 330 47 produced)”:
1021 528 41 36 p.
1095 517 245 48 [129]-171.

297 571 347 50 Bibliography:
701 586 42 36 p.
771 574 214 41 187-190.

299 629 311 48 Advertising
638 633 177 37 matter:
874 642 40 36 p.
947 630 213 41 191-193.

235 684 51 50 ©
324 688 100 40 Oct.
461 687 67 46 25,
565 687 139 40 1931:
740 688 63 40 2c.
844 689 98 39 Oct.
980 688 80 39 29:
1100 687 79 40 aff.
1215 688 115 37 Nov.
1369 687 80 44 14;
1489 686 41 38 A
1567 684 166 41 78222:
1773 686 122 38 Bass
1933 685 286 47 publishers.

302 746 53 37 A.
386 746 48 39 O.
466 745 204 39 Bassuk.
700 745 99 39 sole
830 756 172 28 owner.
1032 745 117 38 New
1177 745 143 37 York.
1392 742 278 47 (34-28452)

235 818 261 65 Bennitt,
526 819 309 65 Chandler,
870 826 169 48 1893-

306 896 207 67 Essays
565 897 59 51 in
674 896 267 69 meaning
993 898 111 51 and
1157 896 291 66 actuality,
1500 896 73 65 by
1626 895 289 54 Chandler
1968 895 251 52 Bennitt.
291 991 80 34 New
400 973 178 62 York,
606 975 120 52 The

752 975 237 52 Hidden
1016 993 173 48 press,
1219 977 149 48 1934.

306 1048 29 39 4
362 1058 43 38 p.
471 1078 9 17 l.,
509 1046 87 41 103
623 1058 44 37 p.
726 1046 59 41 20½c
831 1050 27 21 m
864 1080 8 8 .

240 1100 1983 51 © Oct. 25, 1934: 2c. and aff. Nov. 6; A 77091: C. Bennitt. New York.
317 1160 278 47 (34-40307)

238 1234 335 66 Berberich,
605 1234 270 54 Wilhelm
907 1237 257 63 August,
1198 1240 322 49 1861-1929.

310 1310 205 70 Seeing
540 1313 155 66 God;
725 1333 30 32 a
779 1316 230 49 manual
1036 1313 62 52 of
1123 1312 268 68 spiritual
1416 1313 264 66 readings
1708 1312 152 52 from
1887 1312 183 51 which
2098 1330 127 48 may

240 1391 62 51 be
328 1391 229 52 learned
583 1391 96 52 the
706 1395 89 48 art
820 1390 64 53 of
908 1392 95 51 the
1029 1392 134 66 holy
1190 1389 443 68 contemplation
1662 1409 62 32 or
1750 1391 269 66 spiritual
2047 1389 176 52 vision

240 1468 62 52 of
338 1469 155 54 God:
534 1469 153 52 from
720 1469 94 52 the
852 1470 248 54 German
1138 1469 245 61 original
1420 1468 62 52 of
1516 1467 260 56 William
1813 1471 67 50 A.
1924 1468 300 53 Berberich

240 1546 1982 68 by Rev. Laurence P. Emery … New York, Cincinnati [etc.]
244 1625 275 67 Benziger
548 1625 275 66 brothers,
856 1629 147 49 1934.

313 1698 100 48 viii,
443 1698 89 40 454
560 1709 43 37 p.
633 1698 107 41 incl.
772 1698 163 46 front.,
969 1700 147 46 ports.
1176 1698 114 38 17cm.

245 1751 51 51 ©
332 1756 125 47 Sept.
491 1755 68 40 21.
592 1754 139 40 1934:
764 1754 64 40 2c.
862 1756 118 40 Nov.
1012 1754 51 38 9:
1100 1755 80 38 aff.
1213 1755 114 38 Nov.
1364 1755 49 37 8:
1450 1755 38 38 A
1525 1756 166 37 77177:
1728 1753 233 45 Benziger
1997 1756 120 37 bios.

321 1812 278 46 (34-40313)

240 1885 181 54 Bible.
495 1888 69 50 Y.
605 1890 61 49 T.
744 1887 265 66 Epistles.
1086 1886 259 66 English.
1423 1890 149 49 1933.

311 1966 57 50 A
406 1970 383 61 commentary
829 1983 70 32 on
939 1965 93 51 the
1131 1983 78 32 New
1250 1967 329 49 Testament
1617 1965 269 66 Epistles,
1925 1965 72 65 by
2040 1964 191 52 David

242 2041 321 66 Lipscomb,
601 2041 204 57 edited,
843 2040 139 52 with
1022 2042 314 51 additional
1375 2048 175 50 notes,
1586 2043 73 65 by
1697 2044 52 52 J.
1788 2044 87 51 W.
1919 2042 311 66 Shepherd.

244 2121 239 51 Volume
564 2163 7 8 II.
634 2122 158 50 First
818 2119 382 56 Corinthians.
1325 2119 252 67 Nashville,
1604 2123 194 64 Tenn.,

1825 2121 212 66 Gospel
244 2120 1964 129 advocate
394 2216 294 49 company.
721 2201 148 49 1935.

314 2271 114 39 xvii.
456 2270 172 40 19-274
656 2282 41 36 p.
755 2270 53 40 23½
842 2273 43 20 cm
890 2302 6 6 .

249 2323 51 51 ©
327 2329 112 39 Dec.
466 2327 68 40 26.
563 2327 138 40 1934:
731 2327 66 40 2c.
823 2328 111 40 Dec.
963 2328 79 39 31:
1076 2327 78 39 aff.
1185 2329 110 38 Dec.
1323 2327 53 39 29:
1435 2329 40 38 A
1502 2327 168 41 77927:
1705 2328 172 47 Gospel
1908 2329 231 38 advocate
2168 2337 65 30 co.

249 2401 165 65 Böer,
443 2402 323 55 Friedrich.

376 2479 1863 69 … Drei jungen erforschen eine stadt. Ein bilderbuch mit
248 2555 150 53 fotos
433 2558 121 50 und
593 2557 267 68 farbigen
896 2558 443 67 bildmontagen.
1417 2559 399 67 Zeichnungen
1851 2577 112 33 von
1998 2561 239 51 Werner
249 2636 223 65 Bürger

498 2636 117 51 und
640 2635 176 52 Erich
843 2637 237 50 Krantz.
1146 2636 214 67 Berlin,
1387 2638 75 51 H.
1496 2633 232 71 Stuffer,
1759 2639 147 51 1933.

320 2708 1145 48 28, [1] p. illus. (part col.) fold. pl. 21½ cm .
320 2765 120 39 Last
466 2776 119 36 page
615 2766 49 38 of
694 2768 104 36 text
828 2777 61 27 on
916 2767 131 46 plate
1074 2767 224 38 mounted
1329 2777 59 28 on
1419 2766 156 39 inside
1606 2767 50 39 of
1686 2767 121 38 back
1835 2776 152 29 cover.

253 2817 1985 53 © Nov. 30, 1933; 1c. Sept. 20. 1934: A-Foreign 25643; Herbert Stuffer
320 2880 177 45 verlag.
569 2878 277 47 (34-40455)

249 2951 230 66 Brown,
509 2952 254 55 William
791 2954 264 65 Barrick,
1088 2961 167 49 1869-

321 3029 120 53 The
474 3029 222 67 history
729 3030 63 53 of
825 3050 31 34 a
889 3031 223 53 famous
1148 3040 159 45 court
1337 3033 170 52 house
1539 3032 220 52 located
1793 3039 59 45 at
1884 3030 354 63 Carlinville,

252 3104 243 69 Illinois,
524 3107 74 65 by
625 3108 90 53 W.
745 3109 66 51 B.
844 3110 227 50 Brown.
1143 3108 373 67 [Carlinville,
1547 3110 111 63 Ill.,
1688 3110 167 51 Press
1884 3108 62 52 of

1975 3108 96 51 the
250 3106 1964 129 Carlinville
507 3184 302 67 democrat,
847 3188 152 64 1934]

321 3256 283 47 cover-title,
634 3257 25 38 1
686 3267 42 37 p.
793 3289 7 15 l.,
828 3258 55 39 54
909 3267 43 37 p.
1014 3257 125 41 illus.
1170 3258 130 43 (incl.
1329 3260 172 47 ports.)
1572 3258 54 39 22½
1660 3261 42 20 cm
1709 3290 6 7 .

256 3308 50 50 ©
340 3312 125 48 Sept.
498 3313 66 39 15.
596 3312 138 40 1934:
767 3313 65 40 2c.
864 3315 94 38 and
989 3314 79 38 aff.
1104 3315 123 46 Sept.
1261 3316 52 37 17:
1375 3316 39 37 A
1445 3313 142 41 74940:
1647 3316 68 38 W.
1749 3315 53 40 B.
1835 3315 189 44 Brown,

322 3310 1902 97 Carlinville.
478 3370 74 38 Ill.
624 3370 277 46 (34-40461)

253 3428 337 67 Burtchett,
621 3430 181 65 Floyd
835 3431 299 65 Franklin,
1168 3436 167 52 1897-

323 3505 1920 70 Corporation finance, by Floyd F. Burtchett … New York
254 3584 110 50 and
393 3583 256 65 London,
679 3584 230 66 Harper
938 3588 45 49 &
1012 3586 273 53 brothers.
1315 3590 151 49 1934.

326 3652 47 41 ix
401 3664 56 37 p.,
487 3654 25 38 2
576 3686 9 15 l.,
613 3656 173 41 3-1078
814 3667 41 38 p.
917 3657 178 48 diagrs.
1126 3659 46 45 (1
1201 3659 141 47 fold.)
1410 3659 54 38 24
1468 3662 42 20 cm
1517 3692 7 6 .

326 3711 158 39 ”First
521 3712 226 40 edition.”

327 3764 288 43 “Collateral
651 3768 281 49 readings”:
967 3780 41 36 p.
1041 3769 271 42 1003-1026.

327 3820 174 43 “Table
533 3823 51 40 of
613 3825 125 47 legal
768 3824 191 41 cases”:
991 3835 42 37 p.
1067 3824 272 42 1027-1040.

258 3875 52 50 ©
338 3881 114 37 Nov.
481 3879 68 44 26,
577 3880 139 42 1934:
747 3879 65 42 2c.
842 3883 93 37 and
965 3881 79 38 aff.
1074 3882 108 38 Dec.
1214 3884 17 35 1:
1298 3885 33 35 A
1364 3883 143 39 78386:
1569 3884 192 44 Harper
1789 3882 35 37 &
1854 3882 120 36 bros.

335 3935 276 48 (31-40451)
