2350 4196
1183 3968 67 49 54

218 429 279 65 compiled
532 428 73 68 by
643 429 148 52 their
828 429 295 67 daughter,
1159 426 245 56 Eleanor
1443 426 67 57 C.
1548 427 236 53 French.
1881 427 326 68 [Montclair,

216 506 67 51 N.
317 506 74 67 J.]
432 509 149 48 1933.

285 578 56 40 39
376 588 42 37 p.
480 577 54 41 23½cm.

220 649 50 51 ©
312 654 109 39 Dec.
462 654 67 46 25,
570 654 138 41 1933;
751 653 65 40 2c.
858 655 93 37 and
993 653 79 39 aff.
1115 654 107 38 Jan.
1262 653 39 46 2,
1342 651 140 48 1934;
1524 653 42 38 A
1605 652 168 48 68684;
1818 654 51 39 E.
1912 653 51 41 G.
2005 654 201 47 French,

283 709 271 49 Montclair,
584 709 54 42 N.
669 710 42 40 J.
784 710 248 48 (34-1601)

221 829 251 64 Furbay,
504 829 153 53 John
692 830 257 63 Harvey,
988 832 170 50 1903-

287 907 219 53 Nature
536 908 184 61 chats;
757 926 30 33 a
818 925 133 48 year
982 905 400 68 out-of-doors,
1413 907 73 66 by
1518 908 153 53 John
1706 909 235 65 Harvey
1975 908 229 66 Furbay

217 984 1963 145 … illustrations by William D. Yennard. Lancaster, Pa., Science press printing company, 1933 [ c 1934]
290 1134 27 38 4
343 1144 42 37 p.
446 1165 7 16 l.,
481 1134 205 40 xiii-xiv
711 1147 56 36 p.,
795 1136 23 38 1
881 1167 8 15 l.,
915 1134 86 39 255
1025 1145 41 37 p.
1128 1133 126 42 illus.
1315 1134 54 39 21
1374 1137 42 20 cm
1423 1167 6 6 .

290 1205 209 47 Imprint
525 1207 114 39 date
666 1207 198 39 covered
894 1206 60 47 by
981 1206 139 39 label.

292 1262 214 41 “Nature
535 1261 299 41 references”
854 1273 8 29 :
893 1273 40 37 p.
963 1261 215 41 246-247.

222 1331 1970 108 © Jan. 2. 1934; 2c. Jan. 15; aff. Jan. 13; A 68870; J. H. Furbay, Emporia. Kan. (34-1621)
220 1508 300 66 Fyleman,
551 1512 170 61 Rose,
755 1508 170 54 1877-

289 1587 230 68 Jeremy
556 1588 232 62 Quince,
826 1590 124 52 lord
988 1607 196 47 mayor
1221 1588 64 53 of
1319 1590 257 64 London,
1612 1589 73 65 by
1720 1590 146 51 Rose
1901 1589 303 66 Fyleman:

220 1664 136 53 with
387 1666 377 53 illustrations
790 1667 75 65 by
893 1665 153 56 Cecil
1073 1666 197 52 Leslie.
1346 1668 256 63 London,
1629 1669 56 52 J.
1715 1667 154 66 Cape
1924 1671 130 48 [1933]

292 1738 25 38 2
342 1749 42 36 p.
446 1770 7 15 l.,
482 1738 142 40 9-223
650 1750 41 36 p.
719 1740 109 39 inch
854 1741 169 45 plates,
1084 1739 147 40 front.
1292 1738 56 40 20½
1380 1742 44 20 cm
1429 1770 9 9 .

293 1810 331 46 Head-pieces.

224 1878 1987 50 © 1c. Jan. 3. 1934; A ad int. 18613: pubd. Nov. 6, 1933; R. Fyleman,
285 1939 209 38 London.
566 1937 249 49 (34-1573)

223 2057 237 63 Gaddis,
489 2058 221 62 Peggy.

292 2133 333 67 Shameless,
654 2135 73 54 by
759 2137 198 64 Peggy
988 2135 233 54 Gaddis.
1299 2137 136 51 New
1469 2136 177 65 York,
1674 2138 87 51 W.
1794 2136 261 63 Godwin,
2085 2138 124 63 inc.,

224 2215 146 49 1934.

295 2283 83 40 282
408 2295 40 37 p.
510 2284 54 40 19½
597 2287 43 21 cm
647 2316 7 8 .

225 2353 1906 51 © Jan. 22, 1934; 2c. and aff. Jan. 25; A 70003; William Godwin, inc.
300 2413 247 48 (34-1579)

224 2532 178 64 Gage,
438 2530 273 66 Thomas,
750 2532 325 54 1721-1787.

293 2609 1920 69 The correspondence of General Thomas Gage … Compiled
226 2686 1963 132 and edited by Clarence Edwin Carter … v. 2. [With the secretaries
502 2765 64 51 of
608 2769 161 51 state,
815 2767 109 50 and
971 2766 138 51 with
1154 2767 93 51 the
1290 2785 117 32 war
1451 2764 146 54 office
1644 2767 111 51 and
1799 2767 95 51 the
1936 2772 276 60 treasury,

227 2842 325 66 1763-1775]
652 2845 137 51 New
849 2845 223 64 Haven,
1134 2846 142 51 Yale
1335 2844 318 67 university
1711 2861 183 51 press;
1956 2844 257 66 London,

224 2922 76 51 H.
331 2921 264 67 Milford,
626 2921 229 54 Oxford
883 2923 315 67 university
1227 2941 172 48 press,
1430 2926 149 49 1933.

294 2997 46 39 vi
380 3008 55 35 p.,
478 2997 22 36 1
578 3026 6 14 l.,
626 2996 84 38 735
751 3006 40 36 p.
862 2996 53 38 25½
949 2998 43 20 cm
998 3029 7 7 .
1086 2996 296 48 (Half-title:
1422 2997 118 37 Yale
1582 2996 253 39 historical
1877 2993 336 49 publications.

221 3053 328 47 Manuscripts
579 3054 93 38 and
702 3054 160 38 edited
892 3055 143 37 texts,
1093 3053 97 47 xii)

299 3111 289 38 “Published
613 3112 154 37 under
792 3111 80 37 the
899 3110 235 39 direction
1161 3111 49 39 of
1236 3112 84 38 the
1344 3111 321 47 Department
1690 3111 52 39 of
1766 3110 189 46 history
1980 3110 126 39 from
2134 3110 81 39 the

224 3169 184 39 income
436 3168 50 38 of
513 3169 80 37 the
623 3167 259 39 Frederick
911 3167 127 39 John
1067 3167 279 48 Kingsbury
1376 3168 249 39 memorial
1654 3167 165 39 fund.”

229 3233 50 51 ©
306 3239 109 37 Dec.
442 3237 68 40 29.
537 3236 111 39 1933
669 3248 6 28 ;
704 3237 66 39 2c.
799 3237 107 39 Jan.
935 3238 36 39 8.
1001 3237 138 42 1934;
1170 3237 79 39 aff.
1278 3239 109 38 Jan.
1415 3238 51 41 6;
1496 3238 42 38 A
1563 3237 140 40 68783
1724 3249 7 35 ;
1762 3238 119 38 Yale
1908 3237 129 40 univ.
2065 3245 147 38 press.

228 3341 281 77 Gladwin,
538 3356 136 52 Mrs.
703 3353 290 54 Winifred
1026 3354 240 66 (Jonas)
1304 3360 169 49 1889-

301 3433 164 54 Some
505 3432 408 52 southwestern
954 3438 226 62 pottery
1219 3440 177 61 types.
1475 3436 118 54 Ser.
1633 3453 85 32 iii.
1794 3437 88 64 By
1920 3434 293 54 Winifred

231 3512 111 51 and
383 3511 224 52 Harold
654 3511 54 54 S.
753 3510 283 53 Gladwin.
1116 3511 195 57 Globe,
1351 3513 175 56 Ariz.,
1569 3513 156 52 Priv.
1766 3512 173 68 print,
1984 3512 94 52 for
2119 3513 94 51 the

226 3589 332 65 Medallion,
588 3588 129 54 Gila
750 3589 221 65 pueblo,
1003 3592 149 49 1933.

294 3662 280 40 cover-title.
605 3661 53 39 31
690 3672 41 36 p.
791 3661 141 47 illus.,
965 3663 157 45 plates
1151 3661 133 48 (part
1315 3663 110 46 col.)
1493 3664 56 39 25½
1582 3665 44 22 cm
1629 3694 8 8 .
1710 3662 287 49 (Medallion
2027 3672 188 39 papers,

223 3731 72 29 no.
434 3719 12 46 XIII)

296 3774 373 48 Bibliography:
701 3784 89 29 ser.
882 3804 8 15 III,
920 3785 40 36 p.
990 3774 113 40 30-3l.

230 3843 50 51 ©
310 3848 109 38 Dec.
449 3846 68 39 29.
547 3846 139 40 1933;
717 3846 64 38 2c.
813 3845 93 39 and
937 3845 79 39 aff.
1049 3847 107 38 Jan.
1187 3847 38 39 2.
1255 3847 139 47 1934;
1428 3849 38 38 A
1497 3848 168 47 68697;
1700 3848 107 40 Gila
1838 3849 184 47 pueblo.

305 3903 248 47 (34-1546)
