2350 4196
1105 4035 131 50 1495

167 369 214 66 Smith,
413 369 271 66 Melville,
720 372 171 49 1898-

233 448 449 53 Fundamentals
714 447 63 53 of
807 443 427 68 musicianship,
1266 444 72 66 by
1371 443 254 52 Melville
1660 443 189 54 Smith
1883 444 111 51 and
2026 442 139 52 Max

169 520 1974 151 T. Krone … bk. 1. New York, Witmark educational publications, Dept. of M. Witmark and sons [ c 1934]
239 679 81 39 xiv
346 690 56 36 p.,
429 680 24 36 1
501 708 21 10 l.,
551 677 84 41 197
661 689 40 36 p.
758 677 127 39 illus.
916 676 132 47 (incl.
1076 673 175 46 music)
1290 673 177 48 diagrs.
1522 673 55 39 27
1580 676 43 19 cm
1629 704 6 6 .

172 732 51 51 ©
252 736 101 40 Oct.
380 737 68 39 24.
477 735 112 39 1934;
645 736 65 37 2c.
740 736 93 37 and
861 733 79 40 aff.
971 732 101 40 Oct.
1098 731 54 39 20;
1210 732 39 37 A
1276 731 143 39 76765;
1476 731 59 38 M.
1566 731 242 39 Witmark
1833 732 36 38 &
1898 740 125 34 sons,
2054 729 116 39 New

240 794 140 39 York.
454 791 279 48 (34-37291)

170 896 404 63 Southworth,
603 897 137 50 Mrs.
773 893 293 54 Gertrude
1103 892 159 64 (Van
1291 892 207 62 Duyn)

242 966 1930 71 American history. Complete ed. … From the discovery of
174 1049 261 52 America
478 1055 56 45 to
574 1049 94 52 the
709 1053 225 63 present
975 1046 128 67 day,
1143 1046 72 66 by
1257 1044 282 53 Gertrude
1582 1044 130 52 Van
1752 1044 171 67 Duyn

169 1043 2003 148 Southworth … and John Van Duyn Southworth … Syracuse, N. Y.,
172 1203 134 52 New
335 1204 160 51 York
526 1209 137 62 [etc.]
695 1202 258 66 Iroquois
975 1201 333 68 publishing
1331 1218 295 51 company,
1650 1200 107 53 inc.
1791 1234 12 34 [
1808 1207 17 21 c
1832 1202 134 49 1934
1971 1233 12 35 ]

241 1276 86 38 viii
349 1286 29 36 p.,
433 1275 23 38 1
501 1307 22 10 l.,
548 1276 87 39 485
659 1287 41 35 p.
755 1276 84 39 col.
868 1275 161 41 front.,
1053 1275 127 38 illus.
1210 1273 186 47 (maps)
1431 1275 171 46 plates.
1656 1274 114 40 22cm.

176 1332 1997 52 © Oct. 19, 1934; 2c. Nov. 8; aff. Nov. 7; A 76974; Iroquois pub. co., inc.
246 1393 281 49 [Copyright
558 1393 40 38 is
629 1392 204 40 claimed
866 1403 59 28 on
956 1393 199 45 chapter
1186 1403 60 26 on
1278 1391 114 38 New
1425 1392 121 44 deal,
1579 1401 107 29 new
1719 1389 328 41 Illustrations
2080 1392 94 37 and

244 1451 224 47 revision]
542 1450 281 47 (34-37481)

172 1551 279 67 Spender,
487 1555 155 52 John
677 1552 230 64 Alfred,
946 1555 170 49 1862-

238 1632 56 52 A
323 1632 220 53 shorter
573 1631 221 67 history
829 1631 62 51 of
923 1649 101 35 our
1055 1630 179 67 times,
1267 1631 73 66 by
1372 1631 54 53 J.
1460 1631 69 52 A.
1567 1631 272 66 Spender.
1915 1632 258 52 London.

168 1711 251 52 Toronto
453 1715 137 61 [etc.]
626 1710 214 54 Cassell
870 1710 112 51 and
1009 1726 278 49 company
1316 1708 223 53 limited
1594 1713 151 62 [1934]

239 1782 101 47 viii,
372 1782 86 41 318
491 1794 41 36 p.
593 1782 128 40 illus.
751 1781 184 49 (maps)
1004 1781 116 40 22cm.

178 1837 1997 51 © 1c. Nov. 2, 1934; A ad int. 19529; pubd. Sept. 6; J. A. Spender,
246 1898 270 43 Chelsfield,
550 1898 142 39 Kent.
725 1897 233 43 England.
1032 1896 279 46 (34-38321)

175 2001 229 65 Strode,
434 2002 266 63 Hudson,
733 2006 171 50 1893-

306 2076 1870 69 … The pageant of Cuba. New York, H. Smith and R. Haas.
209 2158 116 49 1934.

246 2227 98 47 xxi,
370 2226 86 41 357
480 2238 56 36 p.,
563 2229 24 36 1
636 2259 6 7 l.
696 2227 163 45 front.,
886 2226 127 41 illus.
1044 2226 158 49 (map)
1228 2227 56 38 15
1312 2239 60 36 pl.
1428 2228 114 40 23cm.

245 2284 66 40 At
333 2284 124 40 head
485 2284 51 40 of
560 2284 136 40 title:
727 2285 72 46 By
827 2284 204 40 Hudson
1060 2283 185 42 Strode.

245 2340 288 40 Illustrated
560 2341 365 47 lining-papers.

245 2398 307 47 Descriptive
576 2397 286 47 letterpress
888 2407 59 29 on
978 2407 164 30 versos
1171 2398 167 47 facing
1364 2400 81 38 the
1474 2400 169 47 plates.

247 2454 246 41 “Selected
526 2452 394 50 bibliography”:
951 2465 42 37 p.
1025 2453 216 43 345-350.

181 2511 1998 53 © Oct. 29. 1934; 2c. and aff. Nov. 6; A 77106; H. Strode. University,
248 2573 104 38 Ala.
424 2570 280 48 (34-37482)

178 2674 284 63 Supreme
492 2681 161 48 court
681 2679 271 62 reporter,
1017 2692 48 33 v.
1097 2679 79 48 54.
1244 2675 168 53 Cases
1443 2676 213 66 argued
1687 2677 112 51 and
1829 2677 348 52 determined

251 2753 57 53 in
345 2752 95 53 the
481 2753 275 66 Supreme
797 2761 158 45 court
996 2753 62 52 of
1097 2754 93 50 the
1230 2753 216 54 United
1490 2755 205 56 States,
1736 2755 245 53 October
2018 2761 162 47 term,

251 2834 150 54 1933.
435 2831 139 52 with
607 2831 107 66 key
748 2832 235 51 number
1018 2831 378 53 annotations.
1468 2833 336 54 November,
1841 2835 340 51 1933-June.
252 2912 148 52 1934.
466 2908 80 54 St.
579 2911 162 57 Paul,
766 2910 159 53 West
952 2910 331 67 publishing
1313 2929 97 39 co.,
1444 2914 145 50 1934.

249 2983 121 39 xliii.
400 2983 88 40 983
512 2994 40 36 p.
610 2983 114 38 26cm.

183 3036 51 51 ©
264 3040 101 40 Oct.
394 3040 67 40 18.
491 3039 113 40 1934;
661 3039 64 39 2c.
756 3039 93 39 and
880 3050 79 28 aff.
990 3040 117 40 Nov.
1136 3039 52 39 22;
1248 3041 39 38 A
1317 3040 142 40 78253;
1517 3041 133 39 West
1681 3041 105 46 pub.
1818 3051 65 29 co.

180 3143 283 62 Svenson,
494 3142 211 53 Lillian
736 3143 310 55 Mathilda.

181 3219 1978 146 … Thoughtwaves, by Lillian Mathilda Svenson. Philadelphia, Dorrance & co., inc. [ c 1934]
250 3368 1757 51 3 p. l., 5-46 p. 19½cm. (Contemporary poets of Dorrance. 123)
186 3422 51 51 ©
263 3427 117 39 Nov.
409 3428 39 40 1,
475 3425 114 40 1934;
647 3425 65 42 2c·.
743 3426 117 39 Nov.
889 3428 24 37 1;
973 3426 81 41 aff.
1084 3428 115 39 Nov.
1230 3427 27 40 9;
1312 3429 41 38 A
1383 3428 142 40 76985;
1586 3429 248 38 Dorrance
1863 3428 34 38 &
1927 3438 52 29 co.,
2036 3429 89 38 inc.

264 3483 280 48 (34-37449)

183 3570 241 65 Varian,
454 3571 155 54 John
692 3612 13 12 O.

252 3648 315 68 Doorways
613 3649 223 53 inward
884 3650 113 52 and
1043 3651 160 52 other
1249 3669 211 51 poems,
1506 3652 75 65 by
1625 3650 159 55 John
1830 3649 69 55 O.
1944 3650 241 54 Varian.

184 3722 282 70 Halcyon,
500 3725 196 68 Calif.,
727 3727 120 52 The
883 3727 266 67 Halcyon
1179 3731 211 64 temple
1424 3747 173 49 press,
1631 3731 151 49 1934.

252 3798 27 40 5
303 3809 45 38 p.
376 3799 45 47 l.,
450 3798 56 40 76
531 3809 45 39 p.
636 3797 116 42 20cm.

256 3853 284 43 “Memorial
574 3855 229 41 edition.”

190 3906 53 52 ©
275 3910 101 42 Oct.
410 3910 69 45 22,
513 3911 117 41 1934;
691 3912 65 40 2c.
793 3910 99 43 Oct.
929 3913 46 39 31;
1049 3913 80 40 aff.
1167 3913 97 39 Oct.
1300 3913 55 40 30;
1422 3915 39 36 A
1497 3913 168 45 77033;
1702 3913 158 48 Agnes
1895 3915 55 38 D.
1986 3914 197 41 Varian.

340 3970 136 39 Halcyon,
521 3969 142 40 Calif.
737 3970 279 39 (34-37448)
