2350 4196
1204 4016 99 47 200

230 388 243 64 Kandel,
504 390 166 52 Isaac
696 389 176 62 Leon,
904 390 169 50 1881-

229 462 1963 149 … The dilemma of democracy, by Isaac L. Kandel … Cambridge, Harvard university press, 1934.
298 614 25 40 3
349 625 42 37 p.
453 646 7 15 l.,
487 615 55 39 79
569 623 43 38 p.
675 612 55 41 18
735 616 42 20 cm
783 645 7 7 .
862 613 122 47 (The
1013 612 151 48 Inglis
1188 613 195 46 lecture,
1411 611 137 48 1934)

233 669 1967 100 © Jan. 12. 1934; 2c. Jan. 25; aff. Feb. 7; A 69321; President and fellows
447 731 50 37 of
526 730 228 38 Harvard
785 728 189 47 college.
1009 728 295 47 Cambridge,
1339 730 143 37 Mass.
1555 727 250 49 (34-4537)

239 832 216 64 Leiser,
489 832 188 55 Clara.

303 909 146 53 Jean
475 910 66 51 de
568 908 212 52 Reszke
806 909 111 51 and
942 909 94 51 the
1060 915 159 60 great
1245 909 138 66 days
1408 907 63 53 of
1493 925 190 50 opera,
1706 908 73 66 by
1806 906 170 56 Clara
2001 907 190 53 Leiser
2209 926 11 47 ;

235 986 136 52 with
417 1005 31 33 a
493 985 282 53 foreword
819 986 75 66 by
937 985 267 53 Amherst
1246 984 256 54 Webber.
1578 985 137 52 New
1760 984 178 66 York,
1980 985 245 66 Minton,

236 1064 178 52 Balch
442 1066 45 49 &
516 1081 295 49 company,
843 1067 148 48 1934.

305 1137 95 47 xiv,
429 1137 86 40 337
542 1147 43 37 p.
645 1135 162 42 front.,
838 1136 126 40 illus.
993 1135 251 48 (facsims.,
1274 1136 176 47 music)
1487 1137 169 47 plates,
1686 1138 146 45 ports.
1893 1136 55 37 24
1951 1137 43 20 cm
2001 1166 7 8 .

306 1193 375 48 Bibliography:
713 1205 41 36 p.
783 1193 215 40 323-324.

239 1248 1904 51 © Feb. 23, 1934; 2c. and aff. Mar. 2; A 70434; C. Leiser. New York.
316 1308 248 47 (34-4696)

243 1413 179 63 Leng,
455 1411 243 54 Charles
728 1410 272 65 William,
1036 1415 168 48 1859-

316 1488 217 54 Second
574 1490 109 50 and
723 1489 157 51 third
919 1490 400 66 supplements,
1361 1492 131 49 1925
1531 1495 58 46 to
1629 1492 134 48 1932
1796 1490 326 66 (inclusive)
2171 1494 57 46 to

246 1565 311 69 Catalogue
591 1567 61 51 of
684 1568 94 50 the
865 1568 287 66 Coleoptera
1182 1568 61 53 of
1275 1567 282 66 America,
1589 1568 168 51 north
1792 1567 61 52 of
1885 1567 238 68 Mexico,
2156 1567 72 67 by

246 1644 1816 68 Charles W. Leng … and Andrew J. Mutchler … Mount
245 1646 1960 142 Vernon,
401 1725 69 51 N.
499 1725 89 64 Y.,
615 1724 155 53 John
797 1725 70 50 D.
898 1724 292 53 Sherman,
1218 1724 87 66 jr.,
1336 1726 147 51 1933.

315 1797 25 39 3
369 1808 42 36 p.
476 1828 7 10 l.,
514 1796 84 39 112
628 1808 41 36 p.
728 1797 55 39 27
786 1799 43 20 cm
836 1829 7 6 .

245 1850 1926 51 © Dec. 18, 1933; 2c. and aff. Dec. 20: A 67626: John D. Sherman, jr.
248 1971 228 64 Lufoitz,
508 1971 288 56 Beatrice.

317 2045 304 70 Strangers
658 2052 58 48 at
750 2047 95 53 the
883 2046 165 69 feast,
1084 2047 73 68 by
1195 2047 257 54 Beatrice
1489 2047 224 53 Lubitz.
1788 2048 138 52 New
1963 2048 179 67 York,
2179 2047 54 55 J.

246 2124 269 68 Messner,
546 2125 106 52 inc.
692 2158 13 33 [
710 2130 17 22 c
733 2128 135 49 1934
871 2157 13 35 ]

317 2197 25 40 3
372 2208 41 37 p.
477 2229 7 13 l.,
513 2197 85 41 335
625 2207 42 37 p.
729 2196 55 41 20½
817 2201 15 20 cm
866 2231 7 7 .

321 2252 129 41 Each
480 2256 109 44 part
614 2255 232 45 preceded
875 2254 60 46 by
963 2255 100 39 leaf
1090 2254 117 40 with
1235 2253 234 41 half-title
1496 2256 84 38 not
1608 2254 220 40 included
1860 2254 48 39 in
1935 2255 81 39 the
250 2253 1971 95 pagination
392 2309 48 47 (3
470 2311 184 47 leaves)

253 2364 1982 51 © Feb. 28. 1934; 2c. Mar. 7: aff. Mar. 6: A 69748; Julian Messner, inc.
328 2425 248 46 (34-4683)

258 2527 205 66 [Lunin,
491 2529 179 62 Hugh
698 2526 334 69 Kingsmill]
1067 2532 168 49 1889-

325 2604 1910 71 Samuel Johnson, by Hugh Kingsmill [pseud] … New
253 2682 177 67 York,
462 2684 119 51 The
614 2683 218 69 Viking
864 2703 172 48 press,
1070 2688 147 48 1934.

323 2754 1007 50 4 p. l.. 3-249 p. front. (port.) 24 cm .
257 2810 1984 102 © Feb. 19. 1934; 2c. Feb. 17: aff. Feb. 20: A 70296; Hugh Kingsmill-Lunn,
555 2865 1003 55 ℅ Gilbert Wright, London. (34-4227)
259 2971 437 68 McConaughy,
728 2976 173 63 John,
935 2979 320 49 1884-1933.

325 3050 146 52 Who
515 3052 145 52 rules
703 3052 298 52 America?
1080 3052 54 51 A
1175 3058 232 61 century
1451 3053 63 52 of
1556 3054 261 52 invisible
1860 3062 385 59 government,

254 3128 72 67 by
359 3128 151 52 John
546 3127 442 69 McConaughy;
1027 3130 135 50 with
1198 3148 70 33 an
1303 3131 288 66 appendix
1624 3132 73 65 by
1730 3131 239 53 Lincoln
2004 3132 235 54 Colcord

316 3206 1763 69 … New York, Toronto, Longmans, Green and co., 1934.
327 3281 28 37 4
383 3290 42 37 p.
492 3310 8 17 l.,
531 3278 86 41 338
646 3290 41 36 p.
748 3280 54 37 22½
836 3282 44 20 cm
885 3311 8 8 .

330 3336 161 40 “First
520 3335 226 40 edition.”

331 3393 153 39 “John
521 3392 355 46 McConaughy.
912 3393 58 46 by
1005 3392 194 40 Lincoln
1237 3393 228 40 Colcord”:
1531 3406 41 35 p.
1607 3395 215 40 317-325.

262 3446 1983 54 © Feb. 21, 1934; 2c. Feb. 27: aff. Feb. 24: A 70406; Longmans. Green &
328 3518 65 28 co.
466 3506 247 47 (34-4691)

266 3610 318 63 McElliott,
616 3610 209 54 Mabel.

333 3684 1916 72 Married flirts, by Mabel McElliott … New York, Grosset &
263 3761 495 68 Dunlap [ c 1934].
334 3835 24 37 2
387 3844 42 37 p.
493 3866 7 15 l.,
530 3834 84 40 251
643 3844 42 38 p.
745 3832 55 41 19½
833 3837 15 20 cm
882 3867 7 7 .

267 3888 1980 55 © Mar. 5. 1934; 2c. and aff. Mar. 7; A 70514; Grosset & Dunlap, inc.
346 3949 247 47 (34-4690)
