<alto xmlns="http://www.loc.gov/standards/alto/ns-v3#" xmlns:xlink="http://www.w3.org/1999/xlink" xmlns:xsi="http://www.w3.org/2001/XMLSchema-instance" xsi:schemaLocation="http://www.loc.gov/standards/alto/ns-v3# http://www.loc.gov/alto/v3/alto-3-0.xsd"><Description>
<MeasurementUnit>pixel</MeasurementUnit>
<sourceImageInformation>
<fileName>1934_v1_Part1.pdf</fileName>
</sourceImageInformation>
<OCRProcessing ID="IdOcr">
<ocrProcessingStep>
<processingDateTime>2019-01-10</processingDateTime>
<processingSoftware>
<softwareCreator>ABBYY</softwareCreator>
<softwareName>ABBYY Recognition Server</softwareName>
<softwareVersion>4.0</softwareVersion>
</processingSoftware>
</ocrProcessingStep>
</OCRProcessing>
</Description>
<Styles>
<ParagraphStyle ID="StyleId-FFFFFFFF-FFFF-FFFF-FFFF-FFFFFFFFFFFF-" ALIGN="Left" LEFT="0." RIGHT="0." FIRSTLINE="0."/>
<ParagraphStyle ID="StyleId-521E1FC6-FE7E-43A4-90E6-A9B61626A263-" ALIGN="Right" LEFT="0." RIGHT="0." FIRSTLINE="0." LINESPACE="13.30000019"/>
<ParagraphStyle ID="StyleId-639B624E-F6F5-47B6-BB1D-34E64B53022F-" ALIGN="Left" LEFT="0." RIGHT="0." FIRSTLINE="-27." LINESPACE="13.43999958"/>
<ParagraphStyle ID="StyleId-100905F9-D385-406B-A5BD-ED5B8FD85431-" ALIGN="Left" LEFT="0." RIGHT="0." FIRSTLINE="0."/>
<ParagraphStyle ID="StyleId-7C9F9BA2-EF3A-4B7F-8486-CCC7B7F49B39-" ALIGN="Left" LEFT="0." RIGHT="0." FIRSTLINE="-27." LINESPACE="18.71999931"/>
<ParagraphStyle ID="StyleId-350780E3-60F2-4605-88F5-BB54F9B87091-" ALIGN="Block" LEFT="0." RIGHT="0." FIRSTLINE="-27." LINESPACE="18.71999931"/>
<ParagraphStyle ID="StyleId-90B16C58-D795-4C77-9B89-30378C515D40-" ALIGN="Left" LEFT="0." RIGHT="0." FIRSTLINE="0." LINESPACE="14.39999962"/>
<ParagraphStyle ID="StyleId-17090E09-AFAF-4086-BD9B-4E99FAE6B057-" ALIGN="Right" LEFT="0." RIGHT="0." FIRSTLINE="-27." LINESPACE="14.39999962"/>
<ParagraphStyle ID="StyleId-8B87B633-89DB-4D72-B1FC-26E4ABD680BC-" ALIGN="Left" LEFT="0." RIGHT="0." FIRSTLINE="-27." LINESPACE="18.47999954"/>
<ParagraphStyle ID="StyleId-42DA7417-CA90-4D71-A57B-06556C38D752-" ALIGN="Left" LEFT="0." RIGHT="0." FIRSTLINE="0." LINESPACE="13.30000019"/>
<ParagraphStyle ID="StyleId-D8EE2A7E-42AE-4E35-98DB-F0F935637AA0-" ALIGN="Block" LEFT="0." RIGHT="0." FIRSTLINE="0." LINESPACE="6.599999905"/>
<ParagraphStyle ID="StyleId-33CD3121-D4F5-43B6-BA96-6382D166E6B8-" ALIGN="Left" LEFT="0." RIGHT="0." FIRSTLINE="0." LINESPACE="15.5"/>
<ParagraphStyle ID="StyleId-1CE52AFA-C319-4DD9-B4B1-F0EBFA2B3F0B-" ALIGN="Block" LEFT="0." RIGHT="0." FIRSTLINE="-21." LINESPACE="18.71999931"/>
<ParagraphStyle ID="StyleId-B74F1B65-92F1-49C5-A5FA-D20442F031F2-" ALIGN="Left" LEFT="0." RIGHT="0." FIRSTLINE="0." LINESPACE="17.70006076"/>
<ParagraphStyle ID="StyleId-79E2924A-215C-40B7-B577-7236BFBAA25E-" ALIGN="Center" LEFT="0." RIGHT="0." FIRSTLINE="0." LINESPACE="7.199999809"/>
</Styles>
<Layout>
<Page ID="Page1606" PHYSICAL_IMG_NR="1606" HEIGHT="4196" WIDTH="2350">
<TopMargin HEIGHT="376" WIDTH="2350" VPOS="0" HPOS="0">
</TopMargin>
<LeftMargin HEIGHT="3685" WIDTH="211" VPOS="376" HPOS="0">
</LeftMargin>
<RightMargin HEIGHT="3685" WIDTH="116" VPOS="376" HPOS="2234">
</RightMargin>
<BottomMargin HEIGHT="135" WIDTH="2350" VPOS="4061" HPOS="0">
</BottomMargin>
<PrintSpace HEIGHT="3685" WIDTH="2023" VPOS="376" HPOS="211">
<TextBlock ID="Page1606_Block1" HEIGHT="59" WIDTH="142" VPOS="4002" HPOS="1147" LANG="en-US" STYLEREFS="StyleId-F2168B27-21FF-404B-A37C-077A58367F23-">
<TextLine HEIGHT="47" WIDTH="130" VPOS="4008" HPOS="1153">
<String CONTENT="1606" HEIGHT="47" WIDTH="130" VPOS="4008" HPOS="1153"/>
</TextLine>
</TextBlock>
<TextBlock ID="Page1606_Block2" HEIGHT="3618" WIDTH="2023" VPOS="376" HPOS="211" LANG="en-US" CS="1" STYLEREFS="StyleId-14376C54-2894-4E42-9581-9B510AF0E764-">
<Shape>
<Polygon POINTS="211,376 2234,376 2234,3936 1039,3936 1039,3994 211,3994 211,376"/>
</Shape>
<TextLine HEIGHT="65" WIDTH="915" VPOS="382" HPOS="224" STYLEREFS="StyleId-F2022160-9B6F-4633-B821-3A895ED4DCCC-">
<String CONTENT="Gray," HEIGHT="63" WIDTH="177" VPOS="384" HPOS="224"/>
<SP HEIGHT="63" WIDTH="31" VPOS="384" HPOS="402"/>
<String CONTENT="Giles" HEIGHT="54" WIDTH="159" VPOS="383" HPOS="434"/>
<SP HEIGHT="52" WIDTH="26" VPOS="384" HPOS="594"/>
<String CONTENT="Wilkeson," HEIGHT="65" WIDTH="314" VPOS="382" HPOS="621"/>
<SP HEIGHT="58" WIDTH="32" VPOS="389" HPOS="936"/>
<String CONTENT="1889-" HEIGHT="50" WIDTH="170" VPOS="388" HPOS="969"/>
</TextLine>
<TextLine HEIGHT="69" WIDTH="1922" VPOS="458" HPOS="288" STYLEREFS="StyleId-D24CC8B0-EC7D-4198-A51B-5F898ED64931-" CS="1">
<String CONTENT="The" HEIGHT="51" WIDTH="120" VPOS="460" HPOS="288"/>
<SP HEIGHT="52" WIDTH="26" VPOS="459" HPOS="409"/>
<String CONTENT="bases" HEIGHT="53" WIDTH="155" VPOS="459" HPOS="436"/>
<SP HEIGHT="35" WIDTH="30" VPOS="477" HPOS="592"/>
<String CONTENT="of" HEIGHT="53" WIDTH="63" VPOS="458" HPOS="623"/>
<SP HEIGHT="55" WIDTH="25" VPOS="458" HPOS="687"/>
<String CONTENT="speech," HEIGHT="67" WIDTH="216" VPOS="460" HPOS="713"/>
<SP HEIGHT="53" WIDTH="26" VPOS="460" HPOS="930"/>
<String CONTENT="by" HEIGHT="67" WIDTH="76" VPOS="460" HPOS="957"/>
<SP HEIGHT="68" WIDTH="27" VPOS="459" HPOS="1034"/>
<String CONTENT="Giles" HEIGHT="55" WIDTH="155" VPOS="458" HPOS="1062"/>
<SP HEIGHT="52" WIDTH="25" VPOS="461" HPOS="1218"/>
<String CONTENT="Wilkeson" HEIGHT="54" WIDTH="294" VPOS="459" HPOS="1244"/>
<SP HEIGHT="54" WIDTH="28" VPOS="459" HPOS="1539"/>
<String CONTENT="Gray" HEIGHT="67" WIDTH="158" VPOS="459" HPOS="1568"/>
<SP HEIGHT="47" WIDTH="34" VPOS="479" HPOS="1727"/>
<String CS="1" CONTENT="&#8230;"/>
<SP HEIGHT="33" WIDTH="34" VPOS="479" HPOS="1817"/>
<String CONTENT="and" HEIGHT="51" WIDTH="110" VPOS="461" HPOS="1852"/>
<SP HEIGHT="54" WIDTH="32" VPOS="460" HPOS="1963"/>
<String CONTENT="Claude" HEIGHT="54" WIDTH="214" VPOS="460" HPOS="1996"/>
</TextLine>
<TextLine HEIGHT="67" WIDTH="1993" VPOS="537" HPOS="217" STYLEREFS="StyleId-D24CC8B0-EC7D-4198-A51B-5F898ED64931-" CS="1">
<String CONTENT="Merton" HEIGHT="52" WIDTH="226" VPOS="537" HPOS="217"/>
<SP HEIGHT="52" WIDTH="29" VPOS="537" HPOS="444"/>
<String CONTENT="Wise" HEIGHT="52" WIDTH="154" VPOS="537" HPOS="474"/>
<SP HEIGHT="34" WIDTH="36" VPOS="555" HPOS="629"/>
<String CS="1" CONTENT="&#8230;"/>
<SP HEIGHT="52" WIDTH="79" VPOS="537" HPOS="721"/>
<String CONTENT="New" HEIGHT="52" WIDTH="138" VPOS="537" HPOS="801"/>
<SP HEIGHT="51" WIDTH="31" VPOS="538" HPOS="940"/>
<String CONTENT="York" HEIGHT="51" WIDTH="162" VPOS="538" HPOS="972"/>
<SP HEIGHT="51" WIDTH="31" VPOS="538" HPOS="1135"/>
<String CONTENT="and" HEIGHT="52" WIDTH="106" VPOS="538" HPOS="1167"/>
<SP HEIGHT="52" WIDTH="33" VPOS="538" HPOS="1274"/>
<String CONTENT="London," HEIGHT="67" WIDTH="258" VPOS="537" HPOS="1308"/>
<SP HEIGHT="67" WIDTH="27" VPOS="537" HPOS="1567"/>
<String CONTENT="Harper" HEIGHT="67" WIDTH="232" VPOS="537" HPOS="1595"/>
<SP HEIGHT="50" WIDTH="32" VPOS="539" HPOS="1828"/>
<String CONTENT="&amp;" HEIGHT="49" WIDTH="44" VPOS="539" HPOS="1861"/>
<SP HEIGHT="52" WIDTH="27" VPOS="538" HPOS="1906"/>
<String CONTENT="brothers." HEIGHT="54" WIDTH="276" VPOS="537" HPOS="1934"/>
</TextLine>
<TextLine HEIGHT="49" WIDTH="147" VPOS="617" HPOS="219" STYLEREFS="StyleId-D24CC8B0-EC7D-4198-A51B-5F898ED64931-">
<String CONTENT="1934." HEIGHT="49" WIDTH="147" VPOS="617" HPOS="219"/>
</TextLine>
<TextLine HEIGHT="50" WIDTH="1087" VPOS="692" HPOS="293" CS="1">
<String CONTENT="xvii" HEIGHT="39" WIDTH="102" VPOS="694" HPOS="293"/>
<SP HEIGHT="47" WIDTH="24" VPOS="694" HPOS="396"/>
<String CONTENT="p.," HEIGHT="36" WIDTH="57" VPOS="705" HPOS="421"/>
<SP HEIGHT="43" WIDTH="24" VPOS="695" HPOS="479"/>
<String CONTENT="1" HEIGHT="37" WIDTH="25" VPOS="695" HPOS="504"/>
<SP/>
<String CS="1" CONTENT="l.," HEIGHT="15" WIDTH="8" VPOS="725" HPOS="591"/>
<SP HEIGHT="45" WIDTH="24" VPOS="695" HPOS="600"/>
<String CONTENT="439" HEIGHT="41" WIDTH="85" VPOS="693" HPOS="625"/>
<SP HEIGHT="49" WIDTH="24" VPOS="693" HPOS="711"/>
<String CONTENT="p." HEIGHT="37" WIDTH="42" VPOS="705" HPOS="736"/>
<SP HEIGHT="42" WIDTH="53" VPOS="694" HPOS="779"/>
<String CONTENT="illus.," HEIGHT="47" WIDTH="142" VPOS="694" HPOS="833"/>
<SP HEIGHT="46" WIDTH="26" VPOS="695" HPOS="976"/>
<String CONTENT="diagrs." HEIGHT="48" WIDTH="177" VPOS="693" HPOS="1003"/>
<SP HEIGHT="41" WIDTH="53" VPOS="692" HPOS="1181"/>
<String CS="1" CONTENT="20&#189;" HEIGHT="40" WIDTH="58" VPOS="692" HPOS="1235"/>
<String STYLE="superscript" CONTENT="cm" HEIGHT="22" WIDTH="44" VPOS="694" HPOS="1323"/>
<String CONTENT="." HEIGHT="8" WIDTH="8" VPOS="726" HPOS="1372"/>
</TextLine>
<TextLine HEIGHT="41" WIDTH="416" VPOS="763" HPOS="294">
<String CONTENT="&#8216;'First" HEIGHT="39" WIDTH="160" VPOS="764" HPOS="294"/>
<SP HEIGHT="36" WIDTH="28" VPOS="767" HPOS="455"/>
<String CONTENT="edition.&#8221;" HEIGHT="41" WIDTH="226" VPOS="763" HPOS="484"/>
</TextLine>
<TextLine HEIGHT="49" WIDTH="695" VPOS="819" HPOS="294">
<String CONTENT="Bibliography:" HEIGHT="48" WIDTH="375" VPOS="820" HPOS="294"/>
<SP HEIGHT="37" WIDTH="30" VPOS="831" HPOS="670"/>
<String CONTENT="p." HEIGHT="37" WIDTH="41" VPOS="831" HPOS="701"/>
<SP HEIGHT="38" WIDTH="28" VPOS="821" HPOS="743"/>
<String CONTENT="414-419." HEIGHT="41" WIDTH="217" VPOS="819" HPOS="772"/>
</TextLine>
<TextLine HEIGHT="52" WIDTH="1714" VPOS="887" HPOS="229" CS="1">
<String CONTENT="&#169;" HEIGHT="52" WIDTH="53" VPOS="887" HPOS="229"/>
<SP HEIGHT="52" WIDTH="23" VPOS="887" HPOS="283"/>
<String CONTENT="Nov." HEIGHT="39" WIDTH="117" VPOS="892" HPOS="307"/>
<SP HEIGHT="39" WIDTH="26" VPOS="892" HPOS="425"/>
<String CONTENT="26," HEIGHT="46" WIDTH="69" VPOS="891" HPOS="452"/>
<SP HEIGHT="44" WIDTH="26" VPOS="893" HPOS="522"/>
<String CS="1" CONTENT="1934;" HEIGHT="42" WIDTH="113" VPOS="890" HPOS="549"/>
<SP HEIGHT="43" WIDTH="28" VPOS="890" HPOS="689"/>
<String CONTENT="2c." HEIGHT="43" WIDTH="66" VPOS="890" HPOS="718"/>
<SP HEIGHT="31" WIDTH="25" VPOS="902" HPOS="785"/>
<String CONTENT="and" HEIGHT="39" WIDTH="94" VPOS="892" HPOS="811"/>
<SP HEIGHT="39" WIDTH="28" VPOS="892" HPOS="906"/>
<String CONTENT="aff." HEIGHT="40" WIDTH="80" VPOS="890" HPOS="935"/>
<SP HEIGHT="38" WIDTH="27" VPOS="892" HPOS="1016"/>
<String CS="1" CONTENT="Dec." HEIGHT="29" WIDTH="62" VPOS="901" HPOS="1092"/>
<SP HEIGHT="37" WIDTH="26" VPOS="892" HPOS="1155"/>
<String CONTENT="1;" HEIGHT="38" WIDTH="52" VPOS="892" HPOS="1182"/>
<SP HEIGHT="39" WIDTH="31" VPOS="891" HPOS="1235"/>
<!-- cceid C81942C3-6C64-1014-8713-889FF4349C01 --><String CONTENT="A" HEIGHT="37" WIDTH="41" VPOS="891" HPOS="1267"/>
<SP HEIGHT="38" WIDTH="25" VPOS="891" HPOS="1309"/>
<String CONTENT="78385;" HEIGHT="41" WIDTH="169" VPOS="890" HPOS="1335"/>
<SP HEIGHT="41" WIDTH="30" VPOS="890" HPOS="1505"/>
<String CONTENT="Harper" HEIGHT="48" WIDTH="195" VPOS="890" HPOS="1536"/>
<SP HEIGHT="39" WIDTH="26" VPOS="890" HPOS="1732"/>
<String CONTENT="&amp;" HEIGHT="39" WIDTH="35" VPOS="890" HPOS="1759"/>
<SP HEIGHT="40" WIDTH="25" VPOS="890" HPOS="1795"/>
<String CONTENT="bros." HEIGHT="40" WIDTH="122" VPOS="891" HPOS="1821"/>
</TextLine>
<TextLine HEIGHT="49" WIDTH="280" VPOS="948" HPOS="303">
<String CONTENT="(34-40111)" HEIGHT="49" WIDTH="280" VPOS="948" HPOS="303"/>
</TextLine>
<TextLine HEIGHT="65" WIDTH="384" VPOS="1052" HPOS="227" STYLEREFS="StyleId-F2022160-9B6F-4633-B821-3A895ED4DCCC-">
<String CONTENT="Gray," HEIGHT="65" WIDTH="177" VPOS="1052" HPOS="227"/>
<SP HEIGHT="65" WIDTH="32" VPOS="1052" HPOS="405"/>
<String CONTENT="John." HEIGHT="57" WIDTH="173" VPOS="1052" HPOS="438"/>
</TextLine>
<TextLine HEIGHT="132" WIDTH="1966" VPOS="1127" HPOS="223" STYLEREFS="StyleId-D24CC8B0-EC7D-4198-A51B-5F898ED64931-" CS="1">
<String CONTENT="Name" HEIGHT="52" WIDTH="177" VPOS="1128" HPOS="292"/>
<SP HEIGHT="50" WIDTH="35" VPOS="1129" HPOS="470"/>
<String CONTENT="it!" HEIGHT="51" WIDTH="74" VPOS="1129" HPOS="506"/>
<SP HEIGHT="51" WIDTH="78" VPOS="1129" HPOS="581"/>
<String CONTENT="By" HEIGHT="65" WIDTH="89" VPOS="1131" HPOS="660"/>
<SP HEIGHT="66" WIDTH="34" VPOS="1130" HPOS="750"/>
<String CONTENT="John" HEIGHT="53" WIDTH="154" VPOS="1130" HPOS="785"/>
<SP HEIGHT="53" WIDTH="34" VPOS="1130" HPOS="940"/>
<String CONTENT="Gray" HEIGHT="66" WIDTH="158" VPOS="1130" HPOS="975"/>
<SP HEIGHT="49" WIDTH="34" VPOS="1147" HPOS="1134"/>
<String CONTENT="and" HEIGHT="51" WIDTH="109" VPOS="1130" HPOS="1169"/>
<SP HEIGHT="52" WIDTH="35" VPOS="1129" HPOS="1279"/>
<String CONTENT="&#8220;Lloyd&#8221;" HEIGHT="66" WIDTH="253" VPOS="1129" HPOS="1315"/>
<SP HEIGHT="65" WIDTH="40" VPOS="1130" HPOS="1569"/>
<String CS="1" CONTENT="[pseud.]" HEIGHT="66" WIDTH="211" VPOS="1128" HPOS="1627"/>
<SP HEIGHT="46" WIDTH="40" VPOS="1148" HPOS="1839"/>
<String CONTENT="with" HEIGHT="53" WIDTH="139" VPOS="1127" HPOS="1880"/>
<SP HEIGHT="51" WIDTH="36" VPOS="1129" HPOS="2020"/>
<String CONTENT="decorations" HEIGHT="130" WIDTH="1966" VPOS="1129" HPOS="223"/>
</TextLine>
<TextLine HEIGHT="147" WIDTH="1966" VPOS="1205" HPOS="222" STYLEREFS="StyleId-D24CC8B0-EC7D-4198-A51B-5F898ED64931-" CS="1">
<String CONTENT="by" HEIGHT="66" WIDTH="74" VPOS="1208" HPOS="468"/>
<SP HEIGHT="66" WIDTH="33" VPOS="1208" HPOS="543"/>
<String CONTENT="&#8220;Lloyd&#8221;" HEIGHT="67" WIDTH="254" VPOS="1207" HPOS="577"/>
<SP HEIGHT="51" WIDTH="38" VPOS="1209" HPOS="832"/>
<String CS="1" CONTENT="&#8230;"/>
<SP HEIGHT="53" WIDTH="78" VPOS="1207" HPOS="926"/>
<String CONTENT="New" HEIGHT="52" WIDTH="137" VPOS="1207" HPOS="1005"/>
<SP HEIGHT="51" WIDTH="32" VPOS="1208" HPOS="1143"/>
<String CONTENT="York," HEIGHT="64" WIDTH="178" VPOS="1208" HPOS="1176"/>
<SP HEIGHT="64" WIDTH="32" VPOS="1208" HPOS="1355"/>
<String CONTENT="Frederick" HEIGHT="54" WIDTH="308" VPOS="1205" HPOS="1388"/>
<SP HEIGHT="52" WIDTH="30" VPOS="1206" HPOS="1697"/>
<String CONTENT="A." HEIGHT="52" WIDTH="67" VPOS="1207" HPOS="1728"/>
<SP HEIGHT="55" WIDTH="39" VPOS="1207" HPOS="1796"/>
<String CONTENT="Stokes" HEIGHT="55" WIDTH="199" VPOS="1207" HPOS="1836"/>
<SP HEIGHT="34" WIDTH="33" VPOS="1225" HPOS="2036"/>
<String CONTENT="company," HEIGHT="128" WIDTH="1966" VPOS="1224" HPOS="222"/>
<SP HEIGHT="49" WIDTH="30" VPOS="1292" HPOS="391"/>
<String CONTENT="1933." HEIGHT="48" WIDTH="148" VPOS="1290" HPOS="422"/>
</TextLine>
<TextLine HEIGHT="46" WIDTH="522" VPOS="1370" HPOS="292">
<String CONTENT="127" HEIGHT="40" WIDTH="84" VPOS="1370" HPOS="292"/>
<SP HEIGHT="44" WIDTH="31" VPOS="1372" HPOS="377"/>
<String CONTENT="p." HEIGHT="37" WIDTH="42" VPOS="1379" HPOS="409"/>
<SP HEIGHT="40" WIDTH="59" VPOS="1370" HPOS="452"/>
<String CONTENT="illus." HEIGHT="40" WIDTH="126" VPOS="1370" HPOS="512"/>
<SP HEIGHT="40" WIDTH="60" VPOS="1370" HPOS="639"/>
<String CONTENT="21" HEIGHT="38" WIDTH="53" VPOS="1370" HPOS="700"/>
<String STYLE="superscript" CONTENT="cm" HEIGHT="21" WIDTH="42" VPOS="1373" HPOS="758"/>
<String CONTENT="." HEIGHT="6" WIDTH="6" VPOS="1404" HPOS="808"/>
</TextLine>
<TextLine HEIGHT="51" WIDTH="1986" VPOS="1438" HPOS="231" CS="1">
<String CONTENT="&#169;" HEIGHT="51" WIDTH="50" VPOS="1438" HPOS="231"/>
<SP HEIGHT="51" WIDTH="28" VPOS="1438" HPOS="282"/>
<String CONTENT="Aug." HEIGHT="45" WIDTH="118" VPOS="1444" HPOS="311"/>
<SP HEIGHT="40" WIDTH="26" VPOS="1441" HPOS="430"/>
<String CONTENT="24." HEIGHT="40" WIDTH="68" VPOS="1441" HPOS="457"/>
<SP HEIGHT="38" WIDTH="29" VPOS="1443" HPOS="526"/>
<String CS="1" CONTENT="1933;" HEIGHT="40" WIDTH="113" VPOS="1441" HPOS="556"/>
<SP HEIGHT="46" WIDTH="28" VPOS="1442" HPOS="697"/>
<String CONTENT="2c." HEIGHT="39" WIDTH="66" VPOS="1442" HPOS="726"/>
<SP HEIGHT="28" WIDTH="30" VPOS="1453" HPOS="793"/>
<String CONTENT="and" HEIGHT="38" WIDTH="97" VPOS="1443" HPOS="824"/>
<SP HEIGHT="38" WIDTH="25" VPOS="1443" HPOS="922"/>
<String CONTENT="aff." HEIGHT="39" WIDTH="81" VPOS="1442" HPOS="948"/>
<SP HEIGHT="38" WIDTH="30" VPOS="1443" HPOS="1030"/>
<String CONTENT="Aug." HEIGHT="46" WIDTH="118" VPOS="1443" HPOS="1061"/>
<SP HEIGHT="40" WIDTH="27" VPOS="1443" HPOS="1180"/>
<String CONTENT="30;" HEIGHT="46" WIDTH="81" VPOS="1442" HPOS="1208"/>
<SP HEIGHT="45" WIDTH="30" VPOS="1443" HPOS="1290"/>
<!-- cceid C8196734-6C64-1014-8713-889FF4349C01 --><String CONTENT="A" HEIGHT="37" WIDTH="41" VPOS="1443" HPOS="1321"/>
<SP HEIGHT="39" WIDTH="28" VPOS="1441" HPOS="1363"/>
<String CONTENT="65087;" HEIGHT="40" WIDTH="169" VPOS="1441" HPOS="1392"/>
<SP HEIGHT="39" WIDTH="29" VPOS="1442" HPOS="1562"/>
<String CONTENT="John" HEIGHT="39" WIDTH="128" VPOS="1442" HPOS="1592"/>
<SP HEIGHT="40" WIDTH="28" VPOS="1441" HPOS="1721"/>
<String CONTENT="Colter" HEIGHT="40" WIDTH="165" VPOS="1441" HPOS="1750"/>
<SP HEIGHT="28" WIDTH="26" VPOS="1452" HPOS="1916"/>
<String CONTENT="and" HEIGHT="39" WIDTH="94" VPOS="1441" HPOS="1943"/>
<SP HEIGHT="38" WIDTH="27" VPOS="1441" HPOS="2038"/>
<String CONTENT="Lloyd" HEIGHT="46" WIDTH="151" VPOS="1441" HPOS="2066"/>
</TextLine>
<TextLine HEIGHT="48" WIDTH="769" VPOS="1499" HPOS="298">
<String CONTENT="Coe." HEIGHT="40" WIDTH="106" VPOS="1499" HPOS="298"/>
<SP HEIGHT="39" WIDTH="27" VPOS="1500" HPOS="405"/>
<String CONTENT="New" HEIGHT="38" WIDTH="114" VPOS="1500" HPOS="433"/>
<SP HEIGHT="38" WIDTH="24" VPOS="1499" HPOS="548"/>
<String CONTENT="York." HEIGHT="39" WIDTH="142" VPOS="1499" HPOS="573"/>
<SP HEIGHT="46" WIDTH="72" VPOS="1499" HPOS="716"/>
<String CONTENT="(34-40084)" HEIGHT="48" WIDTH="278" VPOS="1499" HPOS="789"/>
</TextLine>
<TextLine HEIGHT="65" WIDTH="979" VPOS="1601" HPOS="232" STYLEREFS="StyleId-D24CC8B0-EC7D-4198-A51B-5F898ED64931-">
<String CONTENT="Haase," HEIGHT="63" WIDTH="209" VPOS="1603" HPOS="232"/>
<SP HEIGHT="63" WIDTH="30" VPOS="1603" HPOS="442"/>
<String CONTENT="Albert" HEIGHT="54" WIDTH="209" VPOS="1601" HPOS="473"/>
<SP HEIGHT="51" WIDTH="30" VPOS="1604" HPOS="683"/>
<String CONTENT="Ericsson," HEIGHT="63" WIDTH="293" VPOS="1602" HPOS="714"/>
<SP HEIGHT="56" WIDTH="33" VPOS="1609" HPOS="1008"/>
<String CONTENT="1896-" HEIGHT="50" WIDTH="169" VPOS="1607" HPOS="1042"/>
</TextLine>
<TextLine HEIGHT="67" WIDTH="1916" VPOS="1678" HPOS="302" STYLEREFS="StyleId-D24CC8B0-EC7D-4198-A51B-5F898ED64931-">
<String CONTENT="Advertising" HEIGHT="67" WIDTH="373" VPOS="1678" HPOS="302"/>
<SP HEIGHT="47" WIDTH="33" VPOS="1698" HPOS="676"/>
<String CONTENT="agency" HEIGHT="47" WIDTH="211" VPOS="1697" HPOS="710"/>
<SP HEIGHT="46" WIDTH="32" VPOS="1697" HPOS="922"/>
<String CONTENT="compensation;" HEIGHT="66" WIDTH="449" VPOS="1679" HPOS="955"/>
<SP HEIGHT="58" WIDTH="34" VPOS="1686" HPOS="1405"/>
<String CONTENT="theory," HEIGHT="65" WIDTH="219" VPOS="1680" HPOS="1440"/>
<SP HEIGHT="64" WIDTH="29" VPOS="1681" HPOS="1660"/>
<String CONTENT="law," HEIGHT="63" WIDTH="128" VPOS="1681" HPOS="1690"/>
<SP HEIGHT="46" WIDTH="31" VPOS="1698" HPOS="1819"/>
<String CONTENT="practice," HEIGHT="65" WIDTH="263" VPOS="1679" HPOS="1851"/>
<SP HEIGHT="65" WIDTH="31" VPOS="1679" HPOS="2115"/>
<String CONTENT="by" HEIGHT="65" WIDTH="71" VPOS="1679" HPOS="2147"/>
</TextLine>
<TextLine HEIGHT="65" WIDTH="1983" VPOS="1756" HPOS="233" STYLEREFS="StyleId-D24CC8B0-EC7D-4198-A51B-5F898ED64931-">
<String CONTENT="Albert" HEIGHT="50" WIDTH="198" VPOS="1757" HPOS="233"/>
<SP HEIGHT="50" WIDTH="34" VPOS="1757" HPOS="432"/>
<String CONTENT="E." HEIGHT="50" WIDTH="67" VPOS="1757" HPOS="467"/>
<SP HEIGHT="51" WIDTH="33" VPOS="1756" HPOS="535"/>
<String CONTENT="Haase," HEIGHT="65" WIDTH="207" VPOS="1756" HPOS="569"/>
<SP HEIGHT="65" WIDTH="31" VPOS="1756" HPOS="777"/>
<String CONTENT="in" HEIGHT="52" WIDTH="59" VPOS="1756" HPOS="809"/>
<SP HEIGHT="34" WIDTH="31" VPOS="1774" HPOS="869"/>
<String CONTENT="collaboration" HEIGHT="52" WIDTH="408" VPOS="1756" HPOS="901"/>
<SP HEIGHT="32" WIDTH="29" VPOS="1775" HPOS="1310"/>
<String CONTENT="with" HEIGHT="52" WIDTH="139" VPOS="1756" HPOS="1340"/>
<SP HEIGHT="51" WIDTH="30" VPOS="1756" HPOS="1480"/>
<String CONTENT="Lawrence" HEIGHT="52" WIDTH="302" VPOS="1756" HPOS="1511"/>
<SP HEIGHT="55" WIDTH="31" VPOS="1756" HPOS="1814"/>
<String CONTENT="C." HEIGHT="55" WIDTH="63" VPOS="1756" HPOS="1846"/>
<SP HEIGHT="52" WIDTH="31" VPOS="1756" HPOS="1910"/>
<String CONTENT="Lockley;" HEIGHT="65" WIDTH="274" VPOS="1756" HPOS="1942"/>
</TextLine>
<TextLine HEIGHT="67" WIDTH="1983" VPOS="1832" HPOS="236" STYLEREFS="StyleId-D24CC8B0-EC7D-4198-A51B-5F898ED64931-" CS="1">
<String CONTENT="with" HEIGHT="50" WIDTH="133" VPOS="1834" HPOS="236"/>
<SP HEIGHT="50" WIDTH="31" VPOS="1834" HPOS="370"/>
<String CONTENT="legal" HEIGHT="64" WIDTH="146" VPOS="1835" HPOS="402"/>
<SP HEIGHT="50" WIDTH="33" VPOS="1835" HPOS="549"/>
<String CONTENT="opinion" HEIGHT="66" WIDTH="234" VPOS="1833" HPOS="583"/>
<SP HEIGHT="51" WIDTH="30" VPOS="1833" HPOS="818"/>
<String CONTENT="by" HEIGHT="65" WIDTH="73" VPOS="1833" HPOS="849"/>
<SP HEIGHT="65" WIDTH="30" VPOS="1833" HPOS="923"/>
<String CONTENT="Isaac" HEIGHT="51" WIDTH="163" VPOS="1833" HPOS="954"/>
<SP HEIGHT="53" WIDTH="26" VPOS="1833" HPOS="1118"/>
<String CONTENT="W." HEIGHT="53" WIDTH="88" VPOS="1833" HPOS="1145"/>
<SP HEIGHT="51" WIDTH="31" VPOS="1833" HPOS="1234"/>
<String CONTENT="Digges" HEIGHT="66" WIDTH="216" VPOS="1833" HPOS="1266"/>
<SP HEIGHT="34" WIDTH="35" VPOS="1851" HPOS="1483"/>
<String CS="1" CONTENT="&#8230;"/>
<SP HEIGHT="51" WIDTH="68" VPOS="1834" HPOS="1575"/>
<String CONTENT="A" HEIGHT="50" WIDTH="53" VPOS="1834" HPOS="1644"/>
<SP HEIGHT="51" WIDTH="30" VPOS="1834" HPOS="1698"/>
<String CONTENT="study" HEIGHT="65" WIDTH="172" VPOS="1833" HPOS="1729"/>
<SP HEIGHT="46" WIDTH="28" VPOS="1852" HPOS="1902"/>
<String CONTENT="made" HEIGHT="52" WIDTH="162" VPOS="1833" HPOS="1931"/>
<SP HEIGHT="52" WIDTH="32" VPOS="1832" HPOS="2094"/>
<String CONTENT="for" HEIGHT="53" WIDTH="92" VPOS="1832" HPOS="2127"/>
</TextLine>
<TextLine HEIGHT="67" WIDTH="1985" VPOS="1909" HPOS="234" STYLEREFS="StyleId-D24CC8B0-EC7D-4198-A51B-5F898ED64931-" CS="1">
<String CONTENT="Lee" HEIGHT="52" WIDTH="105" VPOS="1911" HPOS="234"/>
<SP HEIGHT="52" WIDTH="28" VPOS="1911" HPOS="340"/>
<String CONTENT="H." HEIGHT="51" WIDTH="75" VPOS="1911" HPOS="369"/>
<SP HEIGHT="50" WIDTH="30" VPOS="1912" HPOS="445"/>
<String CONTENT="Bristol" HEIGHT="53" WIDTH="216" VPOS="1910" HPOS="476"/>
<SP HEIGHT="50" WIDTH="35" VPOS="1912" HPOS="693"/>
<String CS="1" CONTENT="&#8230;"/>
<SP HEIGHT="52" WIDTH="35" VPOS="1910" HPOS="784"/>
<String CONTENT="Allyn" HEIGHT="65" WIDTH="179" VPOS="1910" HPOS="820"/>
<SP HEIGHT="50" WIDTH="27" VPOS="1911" HPOS="1000"/>
<String CONTENT="B." HEIGHT="51" WIDTH="68" VPOS="1911" HPOS="1028"/>
<SP HEIGHT="53" WIDTH="27" VPOS="1909" HPOS="1097"/>
<String CONTENT="Mclntire" HEIGHT="54" WIDTH="282" VPOS="1909" HPOS="1125"/>
<SP HEIGHT="34" WIDTH="34" VPOS="1929" HPOS="1408"/>
<String CS="1" CONTENT="&#8230;"/>
<SP HEIGHT="33" WIDTH="38" VPOS="1943" HPOS="1498"/>
<String CS="1" CONTENT="[and]" HEIGHT="65" WIDTH="130" VPOS="1910" HPOS="1556"/>
<SP HEIGHT="66" WIDTH="36" VPOS="1909" HPOS="1687"/>
<String CONTENT="Stuart" HEIGHT="55" WIDTH="200" VPOS="1909" HPOS="1724"/>
<SP HEIGHT="51" WIDTH="26" VPOS="1911" HPOS="1925"/>
<String CONTENT="Peabody" HEIGHT="65" WIDTH="267" VPOS="1910" HPOS="1952"/>
</TextLine>
<TextLine HEIGHT="64" WIDTH="1928" VPOS="1986" HPOS="292" STYLEREFS="StyleId-D24CC8B0-EC7D-4198-A51B-5F898ED64931-" CS="1">
<String CS="1" CONTENT="&#8230;"/>
<SP HEIGHT="32" WIDTH="57" VPOS="2008" HPOS="292"/>
<String CONTENT="as" HEIGHT="33" WIDTH="57" VPOS="2007" HPOS="350"/>
<SP HEIGHT="46" WIDTH="47" VPOS="1994" HPOS="408"/>
<String CONTENT="trustees" HEIGHT="48" WIDTH="237" VPOS="1992" HPOS="456"/>
<SP HEIGHT="53" WIDTH="52" VPOS="1986" HPOS="694"/>
<String CONTENT="for" HEIGHT="53" WIDTH="92" VPOS="1986" HPOS="747"/>
<SP HEIGHT="47" WIDTH="49" VPOS="1991" HPOS="840"/>
<String CONTENT="the" HEIGHT="52" WIDTH="92" VPOS="1987" HPOS="890"/>
<SP HEIGHT="53" WIDTH="52" VPOS="1986" HPOS="983"/>
<String CONTENT="Association" HEIGHT="53" WIDTH="358" VPOS="1986" HPOS="1036"/>
<SP HEIGHT="34" WIDTH="49" VPOS="2006" HPOS="1395"/>
<String CONTENT="of" HEIGHT="53" WIDTH="63" VPOS="1987" HPOS="1445"/>
<SP HEIGHT="52" WIDTH="46" VPOS="1987" HPOS="1509"/>
<String CONTENT="national" HEIGHT="51" WIDTH="256" VPOS="1988" HPOS="1556"/>
<SP HEIGHT="49" WIDTH="50" VPOS="1990" HPOS="1813"/>
<String CONTENT="advertisers," HEIGHT="63" WIDTH="356" VPOS="1987" HPOS="1864"/>
</TextLine>
<TextLine HEIGHT="67" WIDTH="1840" VPOS="2063" HPOS="237" STYLEREFS="StyleId-D24CC8B0-EC7D-4198-A51B-5F898ED64931-" CS="1">
<String CONTENT="inc." HEIGHT="50" WIDTH="101" VPOS="2066" HPOS="237"/>
<SP HEIGHT="32" WIDTH="80" VPOS="2098" HPOS="339"/>
<String CS="1" CONTENT="[New" HEIGHT="52" WIDTH="137" VPOS="2065" HPOS="437"/>
<SP HEIGHT="51" WIDTH="39" VPOS="2064" HPOS="575"/>
<String CONTENT="York," HEIGHT="66" WIDTH="178" VPOS="2063" HPOS="615"/>
<SP HEIGHT="66" WIDTH="36" VPOS="2063" HPOS="794"/>
<String CONTENT="National" HEIGHT="53" WIDTH="273" VPOS="2063" HPOS="831"/>
<SP HEIGHT="64" WIDTH="37" VPOS="2065" HPOS="1105"/>
<String CONTENT="process" HEIGHT="48" WIDTH="220" VPOS="2081" HPOS="1143"/>
<SP HEIGHT="35" WIDTH="39" VPOS="2082" HPOS="1364"/>
<String CONTENT="company," HEIGHT="48" WIDTH="296" VPOS="2082" HPOS="1404"/>
<SP HEIGHT="64" WIDTH="37" VPOS="2065" HPOS="1701"/>
<String CONTENT="inc.," HEIGHT="64" WIDTH="126" VPOS="2065" HPOS="1739"/>
<SP HEIGHT="59" WIDTH="37" VPOS="2070" HPOS="1866"/>
<String STYLE="superscript" CONTENT="c" HEIGHT="21" WIDTH="17" VPOS="2070" HPOS="1904"/>
<String CONTENT="1934]" HEIGHT="62" WIDTH="150" VPOS="2067" HPOS="1927"/>
</TextLine>
<TextLine HEIGHT="51" WIDTH="778" VPOS="2149" HPOS="302" CS="1">
<String CONTENT="2" HEIGHT="38" WIDTH="25" VPOS="2152" HPOS="302"/>
<SP HEIGHT="48" WIDTH="29" VPOS="2152" HPOS="328"/>
<String CONTENT="p." HEIGHT="36" WIDTH="41" VPOS="2164" HPOS="358"/>
<SP/>
<String CS="1" CONTENT="l.," HEIGHT="13" WIDTH="7" VPOS="2184" HPOS="466"/>
<SP HEIGHT="46" WIDTH="30" VPOS="2151" HPOS="474"/>
<String CONTENT="215" HEIGHT="40" WIDTH="85" VPOS="2151" HPOS="505"/>
<SP HEIGHT="48" WIDTH="27" VPOS="2152" HPOS="591"/>
<String CONTENT="p." HEIGHT="38" WIDTH="42" VPOS="2162" HPOS="619"/>
<SP HEIGHT="39" WIDTH="59" VPOS="2151" HPOS="662"/>
<String CONTENT="diagr." HEIGHT="48" WIDTH="153" VPOS="2151" HPOS="722"/>
<SP HEIGHT="41" WIDTH="58" VPOS="2149" HPOS="876"/>
<String CS="1" CONTENT="28&#189;" HEIGHT="41" WIDTH="56" VPOS="2149" HPOS="935"/>
<String STYLE="superscript" CONTENT="cm" HEIGHT="21" WIDTH="43" VPOS="2152" HPOS="1024"/>
<String CONTENT="." HEIGHT="8" WIDTH="8" VPOS="2182" HPOS="1072"/>
</TextLine>
<TextLine HEIGHT="51" WIDTH="1986" VPOS="2220" HPOS="235" CS="1">
<String CONTENT="&#169;" HEIGHT="51" WIDTH="51" VPOS="2220" HPOS="235"/>
<SP HEIGHT="51" WIDTH="37" VPOS="2220" HPOS="287"/>
<String CONTENT="Nov." HEIGHT="38" WIDTH="115" VPOS="2224" HPOS="325"/>
<SP HEIGHT="37" WIDTH="43" VPOS="2225" HPOS="441"/>
<String CONTENT="7." HEIGHT="37" WIDTH="36" VPOS="2225" HPOS="485"/>
<SP HEIGHT="39" WIDTH="38" VPOS="2223" HPOS="522"/>
<String CS="1" CONTENT="1934:" HEIGHT="40" WIDTH="114" VPOS="2221" HPOS="561"/>
<SP HEIGHT="42" WIDTH="40" VPOS="2221" HPOS="702"/>
<String CONTENT="2c." HEIGHT="41" WIDTH="66" VPOS="2221" HPOS="743"/>
<SP HEIGHT="30" WIDTH="39" VPOS="2232" HPOS="810"/>
<String CONTENT="and" HEIGHT="37" WIDTH="94" VPOS="2223" HPOS="850"/>
<SP HEIGHT="37" WIDTH="37" VPOS="2223" HPOS="945"/>
<String CS="1" CONTENT="aff." HEIGHT="41" WIDTH="81" VPOS="2220" HPOS="983"/>
<SP HEIGHT="40" WIDTH="38" VPOS="2221" HPOS="1065"/>
<String CONTENT="Nov." HEIGHT="39" WIDTH="114" VPOS="2221" HPOS="1104"/>
<SP HEIGHT="37" WIDTH="40" VPOS="2223" HPOS="1219"/>
<String CONTENT="15;" HEIGHT="41" WIDTH="82" VPOS="2222" HPOS="1260"/>
<SP HEIGHT="41" WIDTH="40" VPOS="2222" HPOS="1343"/>
<!-- cceid C819856F-6C64-1014-8713-889FF4349C01 --><String CONTENT="A" HEIGHT="37" WIDTH="40" VPOS="2222" HPOS="1384"/>
<SP HEIGHT="38" WIDTH="42" VPOS="2222" HPOS="1425"/>
<String CS="1" CONTENT="77248:" HEIGHT="41" WIDTH="167" VPOS="2220" HPOS="1468"/>
<SP HEIGHT="40" WIDTH="41" VPOS="2221" HPOS="1636"/>
<String CONTENT="Albert" HEIGHT="40" WIDTH="169" VPOS="2221" HPOS="1678"/>
<SP HEIGHT="39" WIDTH="38" VPOS="2222" HPOS="1848"/>
<String CONTENT="Haase." HEIGHT="40" WIDTH="178" VPOS="2222" HPOS="1887"/>
<SP HEIGHT="40" WIDTH="38" VPOS="2222" HPOS="2066"/>
<String CONTENT="New" HEIGHT="38" WIDTH="116" VPOS="2222" HPOS="2105"/>
</TextLine>
<TextLine HEIGHT="48" WIDTH="493" VPOS="2278" HPOS="302">
<String CONTENT="York." HEIGHT="37" WIDTH="142" VPOS="2281" HPOS="302"/>
<SP HEIGHT="46" WIDTH="71" VPOS="2280" HPOS="445"/>
<String CONTENT="(34-39874)" HEIGHT="48" WIDTH="278" VPOS="2278" HPOS="517"/>
</TextLine>
<TextLine HEIGHT="65" WIDTH="1177" VPOS="2380" HPOS="237" STYLEREFS="StyleId-D24CC8B0-EC7D-4198-A51B-5F898ED64931-">
<String LANG="de" CONTENT="Hakenbeck," HEIGHT="64" WIDTH="371" VPOS="2381" HPOS="237"/>
<SP HEIGHT="63" WIDTH="26" VPOS="2382" HPOS="609"/>
<String LANG="en-US" CONTENT="Wilbur" HEIGHT="53" WIDTH="226" VPOS="2381" HPOS="636"/>
<SP HEIGHT="52" WIDTH="28" VPOS="2383" HPOS="863"/>
<String LANG="en-US" CONTENT="Chapman," HEIGHT="65" WIDTH="320" VPOS="2380" HPOS="892"/>
<SP HEIGHT="58" WIDTH="30" VPOS="2387" HPOS="1213"/>
<String LANG="en-US" CONTENT="1892-" HEIGHT="49" WIDTH="170" VPOS="2386" HPOS="1244"/>
</TextLine>
<TextLine HEIGHT="132" WIDTH="1968" VPOS="2455" HPOS="231" STYLEREFS="StyleId-D24CC8B0-EC7D-4198-A51B-5F898ED64931-" CS="1">
<String CONTENT="Urban" HEIGHT="53" WIDTH="204" VPOS="2457" HPOS="298"/>
<SP HEIGHT="34" WIDTH="27" VPOS="2475" HPOS="503"/>
<String CONTENT="organization" HEIGHT="68" WIDTH="395" VPOS="2456" HPOS="531"/>
<SP HEIGHT="34" WIDTH="25" VPOS="2474" HPOS="927"/>
<String CONTENT="of" HEIGHT="53" WIDTH="63" VPOS="2455" HPOS="953"/>
<SP HEIGHT="53" WIDTH="25" VPOS="2455" HPOS="1017"/>
<String CONTENT="Protestantism," HEIGHT="67" WIDTH="456" VPOS="2457" HPOS="1043"/>
<SP HEIGHT="67" WIDTH="26" VPOS="2457" HPOS="1500"/>
<String CONTENT="by" HEIGHT="68" WIDTH="76" VPOS="2457" HPOS="1527"/>
<SP HEIGHT="67" WIDTH="26" VPOS="2458" HPOS="1604"/>
<String CS="1" CONTENT="Wilbur" HEIGHT="52" WIDTH="151" VPOS="2457" HPOS="1709"/>
<SP HEIGHT="55" WIDTH="31" VPOS="2456" HPOS="1861"/>
<String CONTENT="G." HEIGHT="55" WIDTH="61" VPOS="2456" HPOS="1893"/>
<SP HEIGHT="53" WIDTH="29" VPOS="2457" HPOS="1955"/>
<String CONTENT="Hallenbeck." HEIGHT="131" WIDTH="1968" VPOS="2456" HPOS="231"/>
</TextLine>
<TextLine HEIGHT="147" WIDTH="1991" VPOS="2532" HPOS="232" STYLEREFS="StyleId-D24CC8B0-EC7D-4198-A51B-5F898ED64931-" CS="1">
<String CONTENT="New" HEIGHT="52" WIDTH="139" VPOS="2535" HPOS="451"/>
<SP HEIGHT="52" WIDTH="28" VPOS="2534" HPOS="591"/>
<String CONTENT="York" HEIGHT="53" WIDTH="164" VPOS="2533" HPOS="620"/>
<SP HEIGHT="52" WIDTH="27" VPOS="2533" HPOS="785"/>
<String CONTENT="and" HEIGHT="52" WIDTH="112" VPOS="2534" HPOS="813"/>
<SP HEIGHT="53" WIDTH="29" VPOS="2533" HPOS="926"/>
<String CONTENT="London," HEIGHT="67" WIDTH="257" VPOS="2533" HPOS="956"/>
<SP HEIGHT="66" WIDTH="31" VPOS="2534" HPOS="1214"/>
<String CS="1" CONTENT="Pub." HEIGHT="52" WIDTH="126" VPOS="2534" HPOS="1246"/>
<SP/>
<String CONTENT="for" HEIGHT="53" WIDTH="93" VPOS="2533" HPOS="1396"/>
<SP HEIGHT="47" WIDTH="29" VPOS="2540" HPOS="1490"/>
<String CONTENT="the" HEIGHT="52" WIDTH="96" VPOS="2535" HPOS="1520"/>
<SP HEIGHT="53" WIDTH="30" VPOS="2534" HPOS="1617"/>
<String CONTENT="Institute" HEIGHT="53" WIDTH="274" VPOS="2534" HPOS="1648"/>
<SP HEIGHT="34" WIDTH="33" VPOS="2553" HPOS="1923"/>
<String CONTENT="of" HEIGHT="53" WIDTH="64" VPOS="2534" HPOS="1957"/>
<SP HEIGHT="53" WIDTH="27" VPOS="2534" HPOS="2022"/>
<String CONTENT="social" HEIGHT="54" WIDTH="173" VPOS="2532" HPOS="2050"/>
<SP/>
<String CONTENT="and" HEIGHT="51" WIDTH="111" VPOS="2613" HPOS="232"/>
<SP HEIGHT="51" WIDTH="28" VPOS="2613" HPOS="344"/>
<String CONTENT="religious" HEIGHT="67" WIDTH="269" VPOS="2612" HPOS="373"/>
<SP HEIGHT="34" WIDTH="28" VPOS="2630" HPOS="643"/>
<String CONTENT="research" HEIGHT="52" WIDTH="256" VPOS="2611" HPOS="672"/>
</TextLine>
<TextLine HEIGHT="69" WIDTH="899" VPOS="2611" HPOS="955" STYLEREFS="StyleId-D24CC8B0-EC7D-4198-A51B-5F898ED64931-">
<String CONTENT="by" HEIGHT="68" WIDTH="76" VPOS="2611" HPOS="955"/>
<SP HEIGHT="68" WIDTH="27" VPOS="2611" HPOS="1032"/>
<String CONTENT="Harper" HEIGHT="68" WIDTH="231" VPOS="2611" HPOS="1060"/>
<SP HEIGHT="52" WIDTH="27" VPOS="2612" HPOS="1292"/>
<String CONTENT="&amp;" HEIGHT="52" WIDTH="46" VPOS="2612" HPOS="1320"/>
<SP HEIGHT="53" WIDTH="27" VPOS="2611" HPOS="1367"/>
<String CONTENT="brothers," HEIGHT="69" WIDTH="277" VPOS="2611" HPOS="1395"/>
<SP HEIGHT="64" WIDTH="30" VPOS="2616" HPOS="1673"/>
<String CONTENT="1934." HEIGHT="51" WIDTH="150" VPOS="2615" HPOS="1704"/>
</TextLine>
<TextLine HEIGHT="49" WIDTH="1037" VPOS="2682" HPOS="302">
<String CONTENT="xii," HEIGHT="44" WIDTH="82" VPOS="2685" HPOS="302"/>
<SP HEIGHT="44" WIDTH="28" VPOS="2685" HPOS="385"/>
<String CONTENT="285" HEIGHT="40" WIDTH="85" VPOS="2685" HPOS="414"/>
<SP HEIGHT="46" WIDTH="26" VPOS="2685" HPOS="500"/>
<String CONTENT="p." HEIGHT="37" WIDTH="42" VPOS="2694" HPOS="527"/>
<SP HEIGHT="39" WIDTH="61" VPOS="2684" HPOS="570"/>
<String CONTENT="illus." HEIGHT="39" WIDTH="127" VPOS="2684" HPOS="632"/>
<SP HEIGHT="47" WIDTH="28" VPOS="2683" HPOS="760"/>
<String CONTENT="(map)" HEIGHT="48" WIDTH="157" VPOS="2683" HPOS="789"/>
<SP HEIGHT="47" WIDTH="39" VPOS="2684" HPOS="947"/>
<String CONTENT="diagrs." HEIGHT="46" WIDTH="176" VPOS="2684" HPOS="987"/>
<SP HEIGHT="39" WIDTH="57" VPOS="2683" HPOS="1164"/>
<String CONTENT="22" HEIGHT="40" WIDTH="55" VPOS="2682" HPOS="1222"/>
<String STYLE="superscript" CONTENT="cm" HEIGHT="21" WIDTH="44" VPOS="2685" HPOS="1282"/>
<String CONTENT="." HEIGHT="8" WIDTH="8" VPOS="2717" HPOS="1331"/>
</TextLine>
<TextLine HEIGHT="50" WIDTH="1745" VPOS="2753" HPOS="305" CS="1">
<String CONTENT="&#8220;Historical" HEIGHT="40" WIDTH="295" VPOS="2754" HPOS="305"/>
<SP HEIGHT="39" WIDTH="30" VPOS="2754" HPOS="601"/>
<String CS="1" CONTENT="bibliography&#8221;:" HEIGHT="47" WIDTH="362" VPOS="2754" HPOS="632"/>
<SP HEIGHT="38" WIDTH="32" VPOS="2763" HPOS="1024"/>
<String CONTENT="p." HEIGHT="38" WIDTH="42" VPOS="2763" HPOS="1057"/>
<SP HEIGHT="40" WIDTH="28" VPOS="2753" HPOS="1100"/>
<String CONTENT="25-30." HEIGHT="40" WIDTH="156" VPOS="2753" HPOS="1129"/>
<SP HEIGHT="39" WIDTH="63" VPOS="2754" HPOS="1286"/>
<String CONTENT="Bibliography:" HEIGHT="48" WIDTH="374" VPOS="2754" HPOS="1350"/>
<SP HEIGHT="37" WIDTH="32" VPOS="2766" HPOS="1725"/>
<String CONTENT="p." HEIGHT="37" WIDTH="44" VPOS="2766" HPOS="1758"/>
<SP HEIGHT="40" WIDTH="30" VPOS="2756" HPOS="1803"/>
<String CONTENT="276-277." HEIGHT="42" WIDTH="216" VPOS="2754" HPOS="1834"/>
</TextLine>
<TextLine HEIGHT="52" WIDTH="1848" VPOS="2824" HPOS="238" CS="1">
<String CONTENT="&#169;" HEIGHT="51" WIDTH="51" VPOS="2824" HPOS="238"/>
<SP HEIGHT="51" WIDTH="26" VPOS="2824" HPOS="290"/>
<String CONTENT="Nov." HEIGHT="38" WIDTH="117" VPOS="2829" HPOS="317"/>
<SP HEIGHT="39" WIDTH="25" VPOS="2828" HPOS="435"/>
<String CONTENT="S," HEIGHT="45" WIDTH="37" VPOS="2828" HPOS="461"/>
<SP HEIGHT="45" WIDTH="27" VPOS="2828" HPOS="499"/>
<String CONTENT="1934:" HEIGHT="39" WIDTH="138" VPOS="2827" HPOS="527"/>
<SP HEIGHT="40" WIDTH="28" VPOS="2826" HPOS="666"/>
<String CONTENT="2c." HEIGHT="42" WIDTH="65" VPOS="2826" HPOS="695"/>
<SP HEIGHT="41" WIDTH="27" VPOS="2827" HPOS="761"/>
<String CONTENT="Nov." HEIGHT="39" WIDTH="117" VPOS="2827" HPOS="789"/>
<SP HEIGHT="38" WIDTH="27" VPOS="2828" HPOS="907"/>
<String CONTENT="14:" HEIGHT="39" WIDTH="80" VPOS="2827" HPOS="935"/>
<SP HEIGHT="29" WIDTH="32" VPOS="2837" HPOS="1016"/>
<String CONTENT="aff." HEIGHT="41" WIDTH="80" VPOS="2826" HPOS="1049"/>
<SP HEIGHT="40" WIDTH="26" VPOS="2827" HPOS="1130"/>
<String CONTENT="Nov." HEIGHT="39" WIDTH="115" VPOS="2827" HPOS="1157"/>
<SP HEIGHT="37" WIDTH="27" VPOS="2829" HPOS="1273"/>
<String CONTENT="16;" HEIGHT="47" WIDTH="81" VPOS="2827" HPOS="1301"/>
<SP HEIGHT="45" WIDTH="30" VPOS="2829" HPOS="1383"/>
<!-- cceid C819AA22-6C64-1014-8713-889FF4349C01 --><String CONTENT="A" HEIGHT="37" WIDTH="41" VPOS="2829" HPOS="1414"/>
<SP HEIGHT="39" WIDTH="23" VPOS="2829" HPOS="1456"/>
<String CS="1" CONTENT="78142;" HEIGHT="41" WIDTH="141" VPOS="2827" HPOS="1480"/>
<SP HEIGHT="46" WIDTH="28" VPOS="2829" HPOS="1650"/>
<String CONTENT="Harper" HEIGHT="47" WIDTH="197" VPOS="2829" HPOS="1679"/>
<SP HEIGHT="40" WIDTH="23" VPOS="2829" HPOS="1877"/>
<String CONTENT="&amp;" HEIGHT="40" WIDTH="37" VPOS="2829" HPOS="1901"/>
<SP HEIGHT="40" WIDTH="23" VPOS="2829" HPOS="1939"/>
<String CONTENT="bros." HEIGHT="38" WIDTH="123" VPOS="2830" HPOS="1963"/>
</TextLine>
<TextLine HEIGHT="48" WIDTH="278" VPOS="2884" HPOS="316">
<String CONTENT="(34-40125)" HEIGHT="48" WIDTH="278" VPOS="2884" HPOS="316"/>
</TextLine>
<TextLine HEIGHT="65" WIDTH="1149" VPOS="2984" HPOS="235" STYLEREFS="StyleId-F2022160-9B6F-4633-B821-3A895ED4DCCC-">
<String CONTENT="Hanzsche," HEIGHT="63" WIDTH="327" VPOS="2986" HPOS="235"/>
<SP HEIGHT="61" WIDTH="24" VPOS="2988" HPOS="563"/>
<String CONTENT="William" HEIGHT="55" WIDTH="253" VPOS="2984" HPOS="588"/>
<SP HEIGHT="51" WIDTH="26" VPOS="2986" HPOS="842"/>
<String CONTENT="Thomson," HEIGHT="63" WIDTH="313" VPOS="2984" HPOS="869"/>
<SP HEIGHT="57" WIDTH="31" VPOS="2990" HPOS="1183"/>
<String CONTENT="1891-" HEIGHT="48" WIDTH="169" VPOS="2990" HPOS="1215"/>
</TextLine>
<TextLine HEIGHT="68" WIDTH="1922" VPOS="3063" HPOS="306" STYLEREFS="StyleId-D24CC8B0-EC7D-4198-A51B-5F898ED64931-">
<String CONTENT="The" HEIGHT="51" WIDTH="119" VPOS="3064" HPOS="306"/>
<SP HEIGHT="52" WIDTH="28" VPOS="3063" HPOS="426"/>
<String CONTENT="Presbyterians;" HEIGHT="66" WIDTH="458" VPOS="3063" HPOS="455"/>
<SP HEIGHT="60" WIDTH="32" VPOS="3068" HPOS="914"/>
<String CONTENT="the" HEIGHT="52" WIDTH="94" VPOS="3063" HPOS="947"/>
<SP HEIGHT="34" WIDTH="27" VPOS="3081" HPOS="1042"/>
<String CONTENT="story" HEIGHT="61" WIDTH="156" VPOS="3068" HPOS="1070"/>
<SP HEIGHT="47" WIDTH="27" VPOS="3082" HPOS="1227"/>
<String CONTENT="of" HEIGHT="53" WIDTH="63" VPOS="3063" HPOS="1255"/>
<SP HEIGHT="53" WIDTH="29" VPOS="3063" HPOS="1319"/>
<String CONTENT="a" HEIGHT="33" WIDTH="30" VPOS="3083" HPOS="1349"/>
<SP HEIGHT="34" WIDTH="28" VPOS="3083" HPOS="1380"/>
<String CONTENT="stanch" HEIGHT="52" WIDTH="199" VPOS="3065" HPOS="1409"/>
<SP HEIGHT="52" WIDTH="28" VPOS="3065" HPOS="1609"/>
<String CONTENT="and" HEIGHT="52" WIDTH="112" VPOS="3066" HPOS="1638"/>
<SP HEIGHT="52" WIDTH="26" VPOS="3066" HPOS="1751"/>
<String CONTENT="sturdy" HEIGHT="66" WIDTH="205" VPOS="3065" HPOS="1778"/>
<SP HEIGHT="47" WIDTH="27" VPOS="3084" HPOS="1984"/>
<String CONTENT="people," HEIGHT="65" WIDTH="216" VPOS="3066" HPOS="2012"/>
</TextLine>
<TextLine HEIGHT="144" WIDTH="1968" VPOS="3140" HPOS="236" STYLEREFS="StyleId-D24CC8B0-EC7D-4198-A51B-5F898ED64931-" CS="1">
<String CONTENT="by" HEIGHT="65" WIDTH="74" VPOS="3141" HPOS="236"/>
<SP HEIGHT="64" WIDTH="44" VPOS="3142" HPOS="311"/>
<String CS="1" CONTENT="Wm." HEIGHT="34" WIDTH="71" VPOS="3159" HPOS="432"/>
<SP HEIGHT="52" WIDTH="49" VPOS="3141" HPOS="504"/>
<String CONTENT="Thomson" HEIGHT="51" WIDTH="287" VPOS="3141" HPOS="554"/>
<SP HEIGHT="52" WIDTH="48" VPOS="3140" HPOS="842"/>
<String CONTENT="Hanzsche" HEIGHT="53" WIDTH="297" VPOS="3140" HPOS="891"/>
<SP HEIGHT="32" WIDTH="57" VPOS="3161" HPOS="1189"/>
<String CS="1" CONTENT="&#8230;"/>
<SP HEIGHT="51" WIDTH="96" VPOS="3143" HPOS="1302"/>
<String CONTENT="Philadelphia," HEIGHT="66" WIDTH="425" VPOS="3142" HPOS="1399"/>
<SP HEIGHT="65" WIDTH="50" VPOS="3143" HPOS="1825"/>
<String CONTENT="The" HEIGHT="52" WIDTH="120" VPOS="3143" HPOS="1876"/>
<SP HEIGHT="52" WIDTH="48" VPOS="3143" HPOS="1997"/>
<String CONTENT="Westminster" HEIGHT="127" WIDTH="1968" VPOS="3143" HPOS="236"/>
<SP HEIGHT="48" WIDTH="24" VPOS="3236" HPOS="470"/>
<String CONTENT="press," HEIGHT="48" WIDTH="174" VPOS="3236" HPOS="495"/>
<SP HEIGHT="63" WIDTH="28" VPOS="3221" HPOS="670"/>
<String CONTENT="1934." HEIGHT="51" WIDTH="149" VPOS="3219" HPOS="699"/>
</TextLine>
<TextLine HEIGHT="49" WIDTH="578" VPOS="3301" HPOS="305" CS="1">
<String CONTENT="194" HEIGHT="39" WIDTH="85" VPOS="3303" HPOS="305"/>
<SP HEIGHT="46" WIDTH="30" VPOS="3304" HPOS="391"/>
<String CONTENT="p." HEIGHT="37" WIDTH="42" VPOS="3313" HPOS="422"/>
<SP HEIGHT="41" WIDTH="60" VPOS="3302" HPOS="465"/>
<String CONTENT="front." HEIGHT="39" WIDTH="149" VPOS="3302" HPOS="526"/>
<SP HEIGHT="38" WIDTH="62" VPOS="3302" HPOS="676"/>
<String CS="1" CONTENT="19&#189;" HEIGHT="40" WIDTH="56" VPOS="3301" HPOS="739"/>
<String STYLE="superscript" CONTENT="cm" HEIGHT="21" WIDTH="44" VPOS="3304" HPOS="826"/>
<String CONTENT="." HEIGHT="9" WIDTH="7" VPOS="3332" HPOS="876"/>
</TextLine>
<TextLine HEIGHT="50" WIDTH="695" VPOS="3356" HPOS="305">
<String CONTENT="Bibliography:" HEIGHT="48" WIDTH="373" VPOS="3358" HPOS="305"/>
<SP HEIGHT="36" WIDTH="32" VPOS="3369" HPOS="679"/>
<String CONTENT="p." HEIGHT="36" WIDTH="41" VPOS="3369" HPOS="712"/>
<SP HEIGHT="40" WIDTH="30" VPOS="3358" HPOS="754"/>
<String CONTENT="192-194." HEIGHT="41" WIDTH="215" VPOS="3356" HPOS="785"/>
</TextLine>
<TextLine HEIGHT="51" WIDTH="1981" VPOS="3426" HPOS="242" CS="1">
<String CONTENT="&#169;" HEIGHT="51" WIDTH="51" VPOS="3426" HPOS="242"/>
<SP HEIGHT="51" WIDTH="32" VPOS="3426" HPOS="294"/>
<String CONTENT="Oct." HEIGHT="40" WIDTH="101" VPOS="3430" HPOS="327"/>
<SP HEIGHT="40" WIDTH="31" VPOS="3429" HPOS="429"/>
<String CONTENT="24." HEIGHT="39" WIDTH="68" VPOS="3429" HPOS="461"/>
<SP HEIGHT="38" WIDTH="31" VPOS="3430" HPOS="530"/>
<String CONTENT="1934:" HEIGHT="40" WIDTH="139" VPOS="3427" HPOS="562"/>
<SP HEIGHT="39" WIDTH="32" VPOS="3428" HPOS="702"/>
<String CONTENT="2c." HEIGHT="39" WIDTH="65" VPOS="3428" HPOS="735"/>
<SP HEIGHT="36" WIDTH="34" VPOS="3429" HPOS="801"/>
<String CONTENT="Nov." HEIGHT="38" WIDTH="114" VPOS="3429" HPOS="836"/>
<SP HEIGHT="36" WIDTH="34" VPOS="3429" HPOS="951"/>
<String CS="1" CONTENT="17:" HEIGHT="38" WIDTH="54" VPOS="3429" HPOS="986"/>
<SP HEIGHT="29" WIDTH="35" VPOS="3438" HPOS="1067"/>
<String CONTENT="aff." HEIGHT="41" WIDTH="80" VPOS="3427" HPOS="1103"/>
<SP HEIGHT="39" WIDTH="33" VPOS="3429" HPOS="1184"/>
<String CONTENT="Nov." HEIGHT="40" WIDTH="117" VPOS="3429" HPOS="1218"/>
<SP HEIGHT="39" WIDTH="32" VPOS="3430" HPOS="1336"/>
<String CS="1" CONTENT="16:" HEIGHT="39" WIDTH="55" VPOS="3429" HPOS="1369"/>
<SP HEIGHT="38" WIDTH="35" VPOS="3431" HPOS="1451"/>
<!-- cceid C819C8A7-6C64-1014-8713-889FF4349C01 --><String CONTENT="A" HEIGHT="37" WIDTH="41" VPOS="3431" HPOS="1487"/>
<SP HEIGHT="39" WIDTH="30" VPOS="3431" HPOS="1529"/>
<String CS="1" CONTENT="78165:" HEIGHT="39" WIDTH="142" VPOS="3431" HPOS="1560"/>
<SP HEIGHT="38" WIDTH="35" VPOS="3432" HPOS="1730"/>
<String CONTENT="W." HEIGHT="38" WIDTH="69" VPOS="3432" HPOS="1766"/>
<SP HEIGHT="37" WIDTH="33" VPOS="3432" HPOS="1836"/>
<String CONTENT="T." HEIGHT="37" WIDTH="50" VPOS="3432" HPOS="1870"/>
<SP HEIGHT="38" WIDTH="34" VPOS="3431" HPOS="1921"/>
<String CONTENT="Hanzsche." HEIGHT="41" WIDTH="267" VPOS="3430" HPOS="1956"/>
</TextLine>
<TextLine HEIGHT="49" WIDTH="701" VPOS="3484" HPOS="308">
<String CONTENT="Philadelphia." HEIGHT="48" WIDTH="350" VPOS="3485" HPOS="308"/>
<SP HEIGHT="47" WIDTH="72" VPOS="3485" HPOS="659"/>
<String CONTENT="(34-39734)" HEIGHT="48" WIDTH="277" VPOS="3484" HPOS="732"/>
</TextLine>
<TextLine HEIGHT="64" WIDTH="900" VPOS="3588" HPOS="243" STYLEREFS="StyleId-F2022160-9B6F-4633-B821-3A895ED4DCCC-">
<String CONTENT="Harris," HEIGHT="64" WIDTH="225" VPOS="3588" HPOS="243"/>
<SP HEIGHT="63" WIDTH="27" VPOS="3589" HPOS="469"/>
<String CONTENT="James" HEIGHT="53" WIDTH="201" VPOS="3589" HPOS="497"/>
<SP HEIGHT="53" WIDTH="28" VPOS="3589" HPOS="699"/>
<String CONTENT="Coffee," HEIGHT="64" WIDTH="213" VPOS="3588" HPOS="728"/>
<SP HEIGHT="58" WIDTH="31" VPOS="3594" HPOS="942"/>
<String CONTENT="1858-" HEIGHT="49" WIDTH="169" VPOS="3593" HPOS="974"/>
</TextLine>
<TextLine HEIGHT="130" WIDTH="1987" VPOS="3665" HPOS="237" STYLEREFS="StyleId-D24CC8B0-EC7D-4198-A51B-5F898ED64931-" CS="1">
<String CONTENT="Evolution" HEIGHT="52" WIDTH="309" VPOS="3665" HPOS="307"/>
<SP HEIGHT="33" WIDTH="42" VPOS="3684" HPOS="617"/>
<String CONTENT="of" HEIGHT="52" WIDTH="63" VPOS="3665" HPOS="660"/>
<SP HEIGHT="52" WIDTH="38" VPOS="3665" HPOS="724"/>
<String CONTENT="mammals," HEIGHT="64" WIDTH="311" VPOS="3667" HPOS="763"/>
<SP HEIGHT="64" WIDTH="41" VPOS="3667" HPOS="1075"/>
<String CONTENT="including" HEIGHT="68" WIDTH="295" VPOS="3666" HPOS="1117"/>
<SP HEIGHT="48" WIDTH="39" VPOS="3686" HPOS="1413"/>
<String CONTENT="modern" HEIGHT="51" WIDTH="234" VPOS="3669" HPOS="1453"/>
<SP HEIGHT="33" WIDTH="38" VPOS="3687" HPOS="1688"/>
<String CONTENT="man," HEIGHT="48" WIDTH="149" VPOS="3686" HPOS="1727"/>
<SP HEIGHT="66" WIDTH="38" VPOS="3668" HPOS="1877"/>
<String CONTENT="by" HEIGHT="66" WIDTH="75" VPOS="3668" HPOS="1916"/>
<SP HEIGHT="65" WIDTH="39" VPOS="3669" HPOS="1992"/>
<String CONTENT="James" HEIGHT="52" WIDTH="192" VPOS="3669" HPOS="2032"/>
<SP/>
<String CONTENT="Coffee" HEIGHT="54" WIDTH="187" VPOS="3740" HPOS="237"/>
<SP HEIGHT="50" WIDTH="25" VPOS="3744" HPOS="425"/>
<String CONTENT="Harris." HEIGHT="53" WIDTH="224" VPOS="3742" HPOS="451"/>
</TextLine>
<TextLine HEIGHT="68" WIDTH="762" VPOS="3742" HPOS="753" STYLEREFS="StyleId-D24CC8B0-EC7D-4198-A51B-5F898ED64931-">
<String CONTENT="Cave" HEIGHT="53" WIDTH="149" VPOS="3742" HPOS="753"/>
<SP HEIGHT="54" WIDTH="29" VPOS="3743" HPOS="903"/>
<String CONTENT="Spring," HEIGHT="66" WIDTH="231" VPOS="3742" HPOS="933"/>
<SP HEIGHT="54" WIDTH="27" VPOS="3744" HPOS="1165"/>
<String CONTENT="Ga.," HEIGHT="66" WIDTH="121" VPOS="3744" HPOS="1193"/>
<SP HEIGHT="59" WIDTH="29" VPOS="3751" HPOS="1315"/>
<String STYLE="superscript" CONTENT="c" HEIGHT="20" WIDTH="16" VPOS="3751" HPOS="1345"/>
<String CONTENT="1934." HEIGHT="48" WIDTH="147" VPOS="3749" HPOS="1368"/>
</TextLine>
<TextLine HEIGHT="46" WIDTH="1164" VPOS="3815" HPOS="309" CS="1">
<String CONTENT="cover-title," HEIGHT="46" WIDTH="280" VPOS="3815" HPOS="309"/>
<SP HEIGHT="44" WIDTH="27" VPOS="3817" HPOS="590"/>
<String CONTENT="3" HEIGHT="37" WIDTH="18" VPOS="3817" HPOS="618"/>
<SP/>
<String CS="1" CONTENT="l.," HEIGHT="15" WIDTH="7" VPOS="3846" HPOS="703"/>
<SP HEIGHT="44" WIDTH="25" VPOS="3817" HPOS="711"/>
<String CONTENT="43" HEIGHT="39" WIDTH="55" VPOS="3815" HPOS="737"/>
<SP HEIGHT="46" WIDTH="25" VPOS="3815" HPOS="793"/>
<String CONTENT="p." HEIGHT="36" WIDTH="42" VPOS="3825" HPOS="819"/>
<SP HEIGHT="39" WIDTH="59" VPOS="3815" HPOS="862"/>
<String CONTENT="illus.," HEIGHT="46" WIDTH="141" VPOS="3815" HPOS="922"/>
<SP HEIGHT="45" WIDTH="27" VPOS="3816" HPOS="1064"/>
<String CONTENT="diagrs." HEIGHT="46" WIDTH="176" VPOS="3815" HPOS="1092"/>
<SP HEIGHT="39" WIDTH="58" VPOS="3816" HPOS="1269"/>
<String CS="1" CONTENT="22&#189;" HEIGHT="39" WIDTH="55" VPOS="3815" HPOS="1328"/>
<String STYLE="superscript" CONTENT="cm" HEIGHT="21" WIDTH="44" VPOS="3818" HPOS="1416"/>
<String CONTENT="." HEIGHT="7" WIDTH="7" VPOS="3849" HPOS="1466"/>
</TextLine>
<TextLine HEIGHT="51" WIDTH="1981" VPOS="3881" HPOS="245" CS="1">
<String CONTENT="&#169;" HEIGHT="51" WIDTH="51" VPOS="3881" HPOS="245"/>
<SP HEIGHT="51" WIDTH="31" VPOS="3881" HPOS="297"/>
<String CONTENT="Oct." HEIGHT="39" WIDTH="101" VPOS="3886" HPOS="329"/>
<SP HEIGHT="37" WIDTH="29" VPOS="3887" HPOS="431"/>
<String CONTENT="10." HEIGHT="40" WIDTH="67" VPOS="3885" HPOS="461"/>
<SP HEIGHT="38" WIDTH="30" VPOS="3887" HPOS="529"/>
<String CS="1" CONTENT="1934:" HEIGHT="41" WIDTH="113" VPOS="3884" HPOS="560"/>
<SP HEIGHT="38" WIDTH="32" VPOS="3886" HPOS="700"/>
<String CONTENT="2c." HEIGHT="40" WIDTH="65" VPOS="3886" HPOS="733"/>
<SP HEIGHT="41" WIDTH="31" VPOS="3885" HPOS="799"/>
<String CONTENT="Oct." HEIGHT="40" WIDTH="99" VPOS="3885" HPOS="831"/>
<SP HEIGHT="35" WIDTH="31" VPOS="3888" HPOS="931"/>
<String CONTENT="18:" HEIGHT="39" WIDTH="80" VPOS="3885" HPOS="963"/>
<SP HEIGHT="29" WIDTH="35" VPOS="3895" HPOS="1044"/>
<String CONTENT="aff." HEIGHT="41" WIDTH="79" VPOS="3885" HPOS="1080"/>
<SP HEIGHT="40" WIDTH="31" VPOS="3886" HPOS="1160"/>
<String CONTENT="Oct." HEIGHT="40" WIDTH="101" VPOS="3886" HPOS="1192"/>
<SP HEIGHT="39" WIDTH="30" VPOS="3886" HPOS="1294"/>
<String CS="1" CONTENT="29:" HEIGHT="40" WIDTH="54" VPOS="3885" HPOS="1325"/>
<SP HEIGHT="37" WIDTH="37" VPOS="3889" HPOS="1407"/>
<!-- cceid C819E7E6-6C64-1014-8713-889FF4349C01 --><String CONTENT="A" HEIGHT="36" WIDTH="37" VPOS="3889" HPOS="1445"/>
<SP HEIGHT="38" WIDTH="30" VPOS="3889" HPOS="1483"/>
<String CONTENT="77031:" HEIGHT="40" WIDTH="168" VPOS="3887" HPOS="1514"/>
<SP HEIGHT="39" WIDTH="35" VPOS="3888" HPOS="1683"/>
<String CONTENT="J." HEIGHT="39" WIDTH="40" VPOS="3888" HPOS="1719"/>
<SP HEIGHT="39" WIDTH="34" VPOS="3888" HPOS="1760"/>
<String CONTENT="C." HEIGHT="39" WIDTH="47" VPOS="3888" HPOS="1795"/>
<SP HEIGHT="37" WIDTH="31" VPOS="3888" HPOS="1843"/>
<String CONTENT="Harris." HEIGHT="40" WIDTH="189" VPOS="3885" HPOS="1875"/>
<SP HEIGHT="40" WIDTH="32" VPOS="3886" HPOS="2065"/>
<String CONTENT="Cave" HEIGHT="40" WIDTH="128" VPOS="3886" HPOS="2098"/>
</TextLine>
<TextLine HEIGHT="47" WIDTH="649" VPOS="3941" HPOS="314">
<String CONTENT="Spring," HEIGHT="46" WIDTH="185" VPOS="3942" HPOS="314"/>
<SP HEIGHT="45" WIDTH="30" VPOS="3942" HPOS="500"/>
<String CONTENT="Ga." HEIGHT="39" WIDTH="83" VPOS="3942" HPOS="531"/>
<SP HEIGHT="46" WIDTH="70" VPOS="3942" HPOS="615"/>
<String CONTENT="(34-39900)" HEIGHT="47" WIDTH="277" VPOS="3941" HPOS="686"/>
</TextLine>
</TextBlock>
</PrintSpace>
</Page>
</Layout>
</alto>