2350 4196
1068 4052 131 49 1069

156 403 539 67 Manners-Sutton,
730 407 191 63 Doris,
957 408 169 51 1908-

227 496 180 51 Black
451 497 140 66 god;
637 515 31 33 a
706 503 156 60 story
905 497 61 52 of
1009 497 93 52 the
1145 495 215 68 Congo,
1403 495 72 66 by
1515 495 70 50 D.
1625 493 527 54 Manners-Sutton.

156 574 256 66 London,
444 574 137 52 New
619 573 161 53 York
837 580 118 60 [etc.]
993 574 343 67 Longmans,
1371 573 185 54 Green
1592 572 112 52 and
1738 590 97 48 co.,
1869 575 150 48 1934.

223 647 27 37 4
278 658 41 37 p.
385 677 7 16 l.,
422 645 145 41 3-299
596 658 41 37 p.
698 647 26 38 20
758 650 43 20 cm
806 680 8 8 .

227 703 285 41 Illustrated
559 705 360 49 lining-papers.

228 761 228 40 “Printed
486 763 48 37 in
564 763 81 39 the
675 762 177 40 United
887 762 160 39 States
1076 761 50 40 of
1153 759 265 42 America."

227 818 160 40 “First
418 819 227 40 edition.”

160 873 51 50 ©
247 879 116 44 Aug.
399 876 67 42 20.
505 875 138 43 1934;
681 879 66 37 2c.
783 877 117 44 Aug.
936 877 80 44 21;
1056 876 79 37 aff.
1172 876 116 44 Aug.
1325 875 82 41 22;
1446 876 41 38 A
1520 874 170 48 73971;
1730 876 144 38 Doris
229 877 1928 96 Mamiers-Sutton

442 933 221 40 Dinham.
700 934 222 46 Bengasi,
960 931 279 48 Cyrenaica,
1278 932 166 46 Libya.
1516 930 280 49 (34-24487)

152 1025 222 60 Means,
404 1026 136 50 Mrs.
573 1024 277 52 Florence
878 1023 292 54 Crannell.

225 1101 44 51 A
299 1099 241 53 bowlful
564 1100 64 53 of
652 1106 173 60 stars;
854 1119 31 33 a
910 1106 156 61 story
1092 1098 64 54 of
1177 1100 96 51 the
1299 1100 231 67 pioneer
1553 1100 163 52 West
1763 1099 90 67 [by]
1883 1100 271 53 Florence

156 1178 268 54 Crannell
470 1178 225 60 Means;
745 1179 138 51 with
930 1179 376 51 illustrations
1350 1177 75 67 by
1469 1177 203 67 Henry
1718 1176 146 53 Pitz.
1942 1178 213 50 Boston

153 1257 108 51 and
294 1257 138 51 New
465 1256 177 67 York,
672 1257 318 67 Houghton
1018 1255 201 53 Mifflin
1251 1274 297 49 company,
1580 1258 149 50 1934.

223 1331 50 38 vi
299 1341 56 37 p.,
384 1331 24 38 1
472 1362 8 10 l.,
509 1330 85 40 247
623 1342 41 36 p.
694 1331 108 39 incl.
831 1331 162 42 front.,
1023 1330 125 39 illus.
1209 1329 47 38 21
1268 1332 15 20 cm
1317 1362 7 6 .

224 1388 288 39 Illustrated
547 1387 362 48 lining-papers.

159 1441 55 52 ©
239 1446 118 45 Aug.
387 1446 67 41 14,
485 1445 139 43 1934;
656 1448 66 37 2c.
752 1446 106 43 Aug.
899 1446 80 39 24;
1013 1445 78 38 aff.
1123 1444 117 46 Aug.
1269 1444 81 41 22;
1385 1445 40 37 A
1455 1443 169 42 75029;
1658 1444 51 39 F.
1741 1444 46 40 C.
1821 1445 182 47 Means,
230 1445 1909 97 Denver.
397 1506 13 44 (3
449 1502 202 40 4-24628
664 1503 11 46 )

173 1592 230 64 [Michie,
433 1593 257 53 Thomas
719 1594 264 51 Johnson
1033 1594 67 51 ed.

220 1670 417 68 Encyclopedic
688 1671 182 68 digest
921 1672 61 49 of
1032 1671 143 51 North
1267 1670 273 54 Carolina
1586 1673 238 64 reports.
150 1669 1980 133 Supplement;

368 1749 171 66 being
576 1770 26 32 a
641 1750 274 65 complete
951 1749 396 67 encyclopedia
1387 1749 112 51 and
1536 1749 186 66 digest
1757 1748 63 51 of
1856 1749 77 51 all
1968 1749 188 51 North

151 1825 269 54 Carolina
453 1845 121 33 case
607 1828 108 51 law
745 1827 152 51 from
930 1828 106 50 vol.
1071 1831 114 54 199,
1217 1846 52 48 p.
1302 1832 118 53 259,
1450 1833 59 47 to
1542 1828 106 51 vol.
1682 1830 119 56 206,
1832 1846 53 49 p.
1919 1832 118 62 412,

149 1828 1979 136 inclusive,
408 1906 61 51 of
500 1907 92 52 the
624 1907 187 51 North
844 1906 269 54 Carolina
1143 1910 248 63 reports;
1425 1907 109 51 vol.
1569 1909 100 48 154
1693 1911 58 48 to
1781 1908 109 53 vol.
1924 1906 116 67 173,

150 1907 1981 138 inclusive,
410 1985 63 50 of
507 1985 93 51 the
637 1983 181 54 South
853 1990 220 47 eastern
1106 1990 282 54 reporter;
1425 1985 181 51 under
1638 1985 94 51 the
1766 1984 266 52 editorial

149 2004 1982 126 supervision
474 2062 63 52 of
574 2062 68 51 A.
685 2064 241 50 Hewson
969 2063 208 52 Michie
1217 2064 111 50 and
1369 2064 166 53 Chas.
1576 2066 85 52 W.
1704 2064 240 54 Sublett.
147 2064 1983 129 Volume

147 2141 1982 134 XVII [Abatement and revival-Witnesses] Charlottesville,
329 2220 123 57 Va.,
482 2220 119 51 The
631 2220 211 52 Michie
872 2237 296 49 company,
1199 2223 148 49 1934.

222 2293 79 48 vii,
332 2293 85 40 400
447 2305 42 36 p.
553 2294 54 38 26
612 2296 43 19 cm
661 2325 5 6 .

157 2346 52 51 ©
245 2352 124 46 Sept.
403 2351 37 39 5,
474 2349 113 39 1934
607 2361 7 28 :
649 2355 64 34 2c.
748 2352 95 37 and
876 2350 80 39 aff.
993 2350 124 47 Sept.
1153 2352 49 44 7;
1239 2351 39 37 A
1311 2351 142 40 74813
1473 2362 7 35 ;
1519 2350 176 40 Michie
1730 2361 67 29 co.

149 2440 2004 68 Ohio jurisprudence … a complete statement of the law and
217 2518 248 66 practice
500 2518 62 51 of
585 2519 104 51 the
722 2522 143 48 state
900 2519 62 51 of
997 2519 167 63 Ohio,
1197 2519 139 52 with
1370 2519 198 53 forms.
1646 2520 209 52 Editor
1888 2520 59 51 in
1981 2519 172 57 chief,

215 2597 193 54 Willis
451 2598 70 50 A.
567 2597 259 58 Estrich;
874 2597 321 68 consulting
1238 2598 201 66 editor,
1481 2598 262 53 William
1785 2598 78 51 M.
216 2599 1912 143 McKinney;

395 2675 313 68 managing
749 2675 201 57 editor,
990 2675 219 68 George
1253 2676 54 52 S.
1351 2676 224 54 Gulick.
1652 2696 50 31 v.
1745 2680 81 48 35.
1903 2677 248 51 Records

216 2758 58 48 to
326 2752 257 68 Salvage.
662 2753 323 55 Rochester,
1033 2755 68 51 N.
1154 2755 84 53 Y..
1288 2756 119 51 The
1454 2756 268 66 Lawyers
1770 2755 383 67 co-operative

216 2830 335 69 publishing
579 2849 296 50 company,
908 2835 147 49 1934.

220 2907 61 45 ix,
320 2904 112 40 1162
467 2916 41 36 p.
574 2905 148 39 front,
753 2905 170 47 (port.)
996 2905 55 38 24½
1083 2908 43 20 cm
1133 2936 7 7 .

156 2958 50 51 ©
238 2963 119 45 Aug.
388 2960 68 49 29,
490 2960 112 40 1934
622 2973 6 28 :
664 2962 65 38 2c.
765 2962 127 47 Sept.
926 2963 24 37 5
969 2972 7 28 :
1012 2962 80 40 aff.
1128 2963 210 46 Sept.8;
1374 2964 40 37 A
1446 2963 169 46 74863;
1653 2964 227 45 Lawyers
226 2972 1908 86 co-operative
353 3020 107 46 pub.
492 3030 66 28 co.

148 3109 284 54 Orthovis
462 3125 306 48 company,
802 3110 267 66 Chicago.

218 3187 119 53 The
387 3186 130 52 bird
567 3185 303 69 kingdom;
923 3206 30 33 a
1002 3185 254 54 truthful
1305 3187 387 68 presentation
1742 3187 63 52 of
1851 3185 130 55 bird
2029 3187 121 53 life.

148 3264 268 69 Chicago,
446 3264 112 66 Ill.,
589 3265 119 51 The
739 3263 274 54 Orthovis
1044 3284 278 50 company
1359 3302 11 32 [
1376 3273 16 20 c
1399 3269 135 49 1934
1538 3300 12 33 ]

222 3340 82 47 [44]
340 3350 41 36 p.
442 3338 127 39 illus.
601 3337 135 48 (part
768 3336 112 46 col.)
948 3339 56 38 27½
1037 3341 42 20 cin
1086 3372 7 6 .

220 3396 100 40 One
348 3396 303 47 ortho-scope
679 3396 50 37 in
757 3396 172 46 pocket
957 3398 226 38 mounted
1214 3408 58 29 on
1302 3396 338 49 lining-paper.

220 3453 128 39 “The
387 3452 214 48 pictures
640 3462 84 30 are
763 3452 367 48 reproductions
1167 3454 50 39 of
1255 3463 191 38 groups,
1484 3454 195 38 famous
1716 3453 79 39 for
1832 3453 128 39 their
147 3452 1984 98 vividness
290 3511 95 39 and
419 3509 234 41 scientific
687 3519 249 37 accuracy,
970 3509 157 40 which
1163 3521 81 29 are
1278 3522 58 29 on
1370 3511 268 39 exhibition
1673 3513 53 37 at
1760 3509 136 40 Field
1930 3520 217 29 museum

146 3567 52 39 of
226 3568 197 39 natural
454 3566 190 48 history
673 3566 50 39 in
754 3565 588 47 Chicago.”—Foreword.

153 3621 50 50 ©
232 3626 114 38 May
373 3624 68 47 11,
471 3623 139 47 1934;
643 3624 63 37 1c.
739 3624 126 38 .June
893 3623 80 46 21;
1005 3625 65 38 1c.
1101 3624 116 47 Aug.
1247 3624 55 39 10
1320 3636 8 29 ;
1362 3625 80 39 aff.
1474 3625 117 47 Aug.
1623 3625 25 39 8
1666 3636 8 29 ;
1707 3626 40 38 A
1776 3623 169 48 73912;
221 3624 1909 97 Orthovis

328 3692 65 29 co.
469 3680 279 48 (34-24494)

143 3771 210 54 Pacific
382 3773 213 62 digest.

213 3847 361 54 Cumulative
607 3848 544 67 Descriptive-word
1185 3851 171 51 index
1389 3851 94 51 for
1514 3869 95 34 use
1643 3850 140 51 with
1816 3847 211 56 Pacific

141 3849 1976 143 digest
309 3926 268 65 covering
624 3927 249 53 volumes
993 3930 65 48 4-30
1112 3927 202 53 Pacific
1365 3933 274 62 reporter,
1690 3928 219 53 Second
1958 3929 183 51 series.
