2350 4196
1146 3998 129 50 1622

215 449 213 52 human
464 449 371 52 radio-active
873 451 109 50 and
1021 449 505 53 radio-emanative
1564 449 363 67 equilibrium
219 451 1966 128 (normalation
439 526 63 52 of
539 527 342 66 imbalance)
930 528 73 66 by
1046 528 233 51 attuned
1317 527 153 51 color
1507 544 211 48 waves;
1760 528 94 52 the
1894 529 212 50 science
2145 526 63 53 of

221 603 308 53 automatic
579 604 278 67 precision
910 606 74 66 by
1033 604 74 52 its
1159 604 332 67 originator.
1546 606 231 53 Colonel
1828 605 263 52 Dinshah
2142 608 65 50 P.

221 680 1987 71 Ghadiali … v. 2, 3. Malaga. N. J., Spectro-chrome institute,
221 762 137 51 1934.

289 836 25 35 2
343 845 41 29 v.
440 834 126 38 illus.
597 832 131 48 (incl.
759 835 173 46 ports.)
972 833 177 47 diagrs.
1206 832 54 39 21
1265 835 44 20 cm
1315 867 6 6 .

224 902 39 27 v.
304 889 40 41 2.
387 885 50 51 ©
480 890 119 38 Mar.
641 891 39 37 3.
719 888 140 42 1934;
900 901 41 27 v.
982 892 39 43 3,
1065 885 50 51 ©
1159 889 99 40 Oct.
1299 891 82 39 24;
1423 888 66 41 2c.
1531 891 117 38 each
1689 890 95 39 and
1824 888 106 40 affs.
1972 891 112 41 Dec.
2125 890 82 46 28;

292 947 39 37 A
361 946 156 40 78741.
548 944 145 41 78742;
752 946 56 39 D.
841 946 50 41 P.
924 945 241 40 Ghadiali.
1199 947 208 44 Malaga.
1441 946 55 39 N.
1562 978 7 6 J.

222 1046 198 66 Gibbs,
452 1049 96 54 Sir
574 1047 193 64 Philip
797 1047 320 65 Hamilton,
1152 1051 167 52 1877-

293 1126 306 66 European
632 1124 257 69 journey,
920 1125 74 68 by
1027 1123 198 69 Philip
1260 1124 206 67 Gibbs;
1500 1126 170 67 being
1700 1125 95 52 the
1828 1123 289 55 narrative
2149 1124 65 53 of

223 1222 30 33 a
296 1203 240 67 journey
577 1204 61 51 in
681 1203 235 67 France,
960 1202 395 68 Switzerland,
1396 1203 174 68 Italy,
1612 1203 255 67 Austria,
1909 1203 304 67 Hungary,

223 1281 307 67 Germany,
570 1281 111 52 and
720 1281 94 52 the
856 1280 161 67 Saar,
1055 1282 59 52 in
1152 1281 92 52 the
1283 1280 202 68 spring
1522 1282 111 51 and
1674 1298 245 36 summer
1958 1281 62 51 of
2062 1284 149 49 1934.

224 1360 160 52 With
411 1378 69 33 an
508 1358 288 55 authentic
823 1360 195 52 record
1044 1358 64 53 of
1132 1360 93 51 the
1251 1360 170 65 ideas,
1447 1359 192 67 hopes,
1665 1360 111 51 and
1804 1358 151 54 fears
1981 1358 233 69 moving

227 1439 53 50 in
318 1438 94 51 the
447 1436 187 52 minds
671 1436 63 52 of
770 1455 254 34 common
1063 1436 124 52 folk
1223 1438 112 51 and
1373 1437 297 67 expressed
1709 1436 57 52 in
1804 1436 247 68 wayside
225 1456 1965 111 conversations.
627 1513 390 54 Illustrations
1049 1515 74 67 by
1156 1515 65 53 E.
1254 1515 242 51 Lander.
1573 1514 230 52 Garden
1839 1513 150 69 City,
2081 1557 9 8 N.
2125 1513 88 67 Y.,

222 1592 354 68 Doubleday,
605 1592 195 51 Doran
829 1594 45 50 &
900 1610 294 50 company,
1222 1592 125 65 inc.,
1378 1596 147 48 1934.

296 1666 85 40 viii
409 1677 56 38 p.,
494 1667 26 39 1
568 1698 22 16 l.,
618 1666 87 40 342
732 1677 41 37 p.
833 1666 163 48 front.,
1026 1667 168 47 plates.
1255 1666 144 41 23½cm.

299 1723 161 39 “First
489 1722 225 41 edition.”

228 1775 1985 53 © Nov. 21, 1934; 2c. and aff. Dec. 10; A 77575; Philip Gibbs, Ewhurst,
297 1837 191 45 Surrey.
520 1837 234 46 England.
827 1835 278 49 (34-28473)

228 1938 250 53 Gracián
510 1956 38 46 y
579 1939 270 64 Morales,
881 1940 294 63 Baltasar,
1208 1945 323 49 1601-1658.

290 2017 54 50 A
373 2015 367 67 truthtelling
766 2019 229 49 manual
1026 2017 110 51 and
1165 2016 94 51 the
1288 2023 90 45 art
1405 2016 63 52 of
1497 2017 241 66 worldly
1767 2016 253 67 wisdom,
2047 2017 168 67 being

221 2113 27 33 a
292 2094 291 52 collection
626 2093 62 51 of
726 2094 95 52 the
862 2093 317 67 aphorisms
1218 2092 184 54 which
1445 2112 213 49 appear
1697 2097 58 50 in
1796 2096 95 51 the
1931 2095 183 53 works
2152 2095 63 52 of

222 2170 1970 147 Baltasar Gracian … immediately translated for the understanding from a 1653 Spanish text, by Martin Fischer …
224 2326 369 68 Springfield,
629 2327 76 50 Ill.,
781 2325 331 57 Baltimore,
1150 2327 138 67 Md.,
1324 2325 62 55 C.
1426 2325 61 54 C.
1526 2327 245 52 Thomas
1815 2360 11 33 [
1832 2333 16 20 c
1857 2329 132 49 1934
1994 2361 11 32 ]

297 2400 1757 49 5 p. l., 3-305 p., 1 l. incl. 2 mounted facsim. (incl. front.) 14½cm.
302 2458 134 40 With
481 2456 338 48 reproduction
864 2457 49 39 of
958 2459 97 44 t.-p.
1100 2457 50 39 of
1193 2457 80 39 the
1319 2458 205 45 Madrid,
1570 2457 126 43 1653,
1743 2457 207 39 edition:
1999 2457 216 41 Oracvlo,

229 2516 206 44 manval,
469 2526 29 36 y
530 2517 105 37 arte
666 2515 57 39 de
755 2513 274 48 prvdencia,
1064 2512 175 41 sacada
1272 2515 57 39 de
1362 2515 72 39 los
1467 2513 260 41 aforismos
1760 2525 90 37 que
1884 2525 49 29 se
1966 2513 248 41 discurren

227 2582 56 29 en
311 2574 73 37 las
409 2572 142 39 obras
581 2572 56 39 de
664 2571 212 39 Lorenço
905 2569 223 41 Gracîan.

299 2629 66 38 “A
394 2627 349 48 bibliographic
773 2625 269 49 appendix”:
1103 2637 40 36 p.
1180 2625 246 51 [269]-287.

232 2681 50 51 ©
360 2696 68 28 Nov.
460 2686 38 40 3,
529 2684 114 39 1934;
701 2684 65 39 2c.
797 2685 116 38 Nov.
947 2683 54 38 12;
1061 2683 79 39 aff.
1172 2684 116 40 Nov.
1320 2684 25 40 8;
1406 2685 37 37 A
1476 2683 169 48 77204;
1681 2684 200 40 Charles
1914 2685 48 41 G.
1994 2685 223 38 Thomas.

309 2741 277 41 (34-40114)

229 2830 277 64 Graham,
537 2831 154 52 John
722 2829 294 56 Lancelot.

298 2905 163 54 Good
489 2906 295 51 merchant
832 2905 91 67 [by]
957 2906 153 51 John
1140 2908 60 49 L.
1232 2907 270 52 Graham.
1566 2908 257 51 London.
1851 2910 62 49 L.
1947 2908 110 50 and
227 2908 1966 143 Virginia
410 2984 216 58 Woolf,
658 2987 146 52 1934.

298 3058 83 38 288
411 3069 42 35 p.
511 3057 114 38 19cm.

234 3110 50 51 ©
350 3126 36 29 1c.
422 3115 115 39 Nov.
572 3114 67 40 22,
677 3114 112 37 1934;
855 3114 40 37 A
930 3114 59 37 ad
1025 3112 85 39 int.
1148 3111 139 40 19629;
1354 3114 141 46 pubd.
1536 3115 127 46 Sept.
1700 3113 81 47 24;
1857 3147 6 7 J.
1900 3113 48 39 L.
1990 3113 225 48 Graham,

301 3171 216 45 Woking.
548 3170 192 45 Surrey.
769 3169 232 44 England.
1074 3168 276 48 (34-39943)

232 3260 205 63 Grant,
470 3260 253 55 Vernon.

303 3334 106 50 Mr.
462 3334 177 52 Mixie
689 3333 223 67 Dough,
961 3339 154 61 story
1165 3334 105 51 and
1324 3336 245 65 pictures
1616 3335 73 66 by
1737 3334 228 51 Vernon
2016 3332 200 54 Grant.

239 3411 245 67 [Racine,
521 3409 120 55 Wis.,
715 3411 292 51 Whitman
1047 3410 331 69 publishing
1416 3429 293 52 company,
1747 3419 16 20 c
1769 3414 150 64 1934]

306 3481 83 48 [40]
423 3492 43 36 p.
527 3482 84 39 col.
646 3482 125 40 illus.
833 3482 114 39 32cm.

304 3538 281 40 Illustrated
619 3542 95 44 t.-p.
747 3539 92 38 and
871 3539 344 46 lining-papers
1246 3540 45 39 in
1323 3542 167 38 colors.

236 3594 50 51 ©
316 3600 98 38 Oct.
443 3599 67 39 25,
539 3597 113 39 1934;
708 3598 63 38 2c.
804 3599 108 37 Dec.
942 3599 23 37 7;
1023 3597 81 39 aff.
1133 3598 113 38 Nov.
1277 3598 55 39 30;
1390 3601 40 37 A
1459 3599 141 40 77524;
1657 3600 250 39 Whitman
1934 3599 108 47 pub.
2071 3608 67 32 co.

313 3654 277 41 (34-40514)

306 3741 212 53 Tinker
540 3741 147 68 Tim,
710 3742 93 52 the
826 3749 94 59 toy
943 3741 208 68 maker,
1176 3741 69 68 by
1272 3742 227 53 Vernon
1527 3742 197 54 Grant.
1792 3743 246 67 [Racine,
2063 3740 156 67 Wis.,

240 3817 288 53 Whitman
559 3818 329 66 publishing
917 3834 293 51 company,
1239 3826 16 20 c
1261 3822 150 65 1934]

304 3887 924 49 1 p. l., [5]-29 p. col. illus. 30½cm.
