2350 4196
1133 4000 98 51 684

172 384 425 54 International
631 385 492 63 correspondence
1154 382 244 63 schools,
1430 383 298 52 Scranton.

243 460 434 70 Machine-shop
716 461 332 66 handbook;
1093 481 31 32 a
1162 460 301 52 handbook
1504 458 62 52 of
1605 455 284 55 reference
1933 474 71 34 on
175 475 1959 133 machine-shop

545 538 265 69 practice,
852 539 93 52 for
985 540 157 50 those
1181 537 306 52 interested
1526 536 60 51 in
1628 536 94 50 the
1762 535 158 52 work
1959 534 63 53 of
2062 535 95 51 the

174 618 257 52 machine
464 621 280 63 operator,
777 616 320 67 machinist,
1129 615 354 66 tool-maker,
1517 613 112 52 and
1662 613 94 52 the
1787 615 227 66 general
178 632 1957 130 mechanic,

419 696 74 66 by
520 694 418 54 International
968 694 469 67 correspondence
1468 692 234 67 schools,
1735 691 296 65 Scranton,
2060 693 100 50 Pa.

175 772 111 51 2nd
325 772 102 67 ed.,
466 774 96 50 8th
599 772 302 68 thousand,
940 776 83 49 1st
1058 771 351 68 impression.
1484 768 298 70 Scranton,
1819 771 120 65 Pa.,
174 770 1962 133 International
459 850 269 52 textbook
757 868 278 49 company
1069 883 11 33 [
1086 857 17 20 c
1108 852 134 50 1934
1246 882 12 33 ]

352 953 8 16 xxv,
390 921 85 41 354
504 934 42 37 p.
606 921 141 49 illus.,
777 923 179 48 diagrs.
1017 924 53 37 14
1076 925 41 20 cm
1124 955 7 7 .
1207 921 36 41 [I.
1277 920 47 41 C.
1357 922 42 39 S.
1434 921 126 40 little
1592 921 135 49 giant
1757 922 280 40 handbooks]

182 990 51 51 ©
262 995 113 47 Apr.
404 995 41 45 3,
475 995 140 46 1934;
646 996 68 39 2c.
743 995 111 46 Apr.
886 995 80 40 12;
1074 1027 6 7 aff.
1165 1004 60 37 May
1255 994 81 45 25;
1370 994 41 37 A
1442 991 169 48 71468;
1646 994 224 38 Internatl.
1935 993 229 40 textbook

248 1062 64 30 co.
385 1051 278 49 (34-15098)

174 1156 164 64 Jacy,
369 1156 278 63 Stephen.

248 1227 1915 76 Gold … prospecting (quartz and placer) by Stephen Jacy
240 1306 1923 75 … a practical field book for beginners as well as the more
181 1388 367 67 experienced
604 1389 139 51 class
801 1388 61 53 of
918 1392 372 63 prospectors.
1386 1388 316 68 [Portland,
1761 1387 116 67 Or.,
1932 1387 229 54 Hansen

180 1464 261 71 printing
469 1483 294 51 company,
794 1473 17 21 c
817 1470 150 63 1934]

253 1541 26 37 4
304 1550 42 36 p.
410 1571 7 8 l..
444 1539 156 44 5-145,
633 1540 53 48 [1]
715 1549 42 38 p.
818 1539 140 43 illus.,
987 1539 177 48 diagrs.
1226 1541 53 37 15
1283 1541 14 21 cm
1332 1571 7 7 .

186 1593 50 51 ©
267 1597 114 47 May
407 1597 68 46 28,
504 1596 140 45 1934;
675 1596 65 41 2c.
772 1598 93 38 and
895 1596 81 41 aff.
1007 1597 124 39 June
1160 1597 50 43 1;
1243 1597 40 38 A
1313 1596 167 46 72558;
1516 1598 42 39 S.
1591 1596 133 49 Jacy,
1754 1597 247 43 Portland.
2035 1599 76 41 Or.

264 1652 276 48 (34-15097)

179 1757 236 64 Jaques,
446 1757 194 55 Louis.

250 1833 256 68 Ajiplied
547 1831 328 71 refraction,
918 1834 137 50 with
1097 1834 208 66 special
1348 1832 286 54 reference
1676 1840 57 45 to
1776 1834 95 51 the
1914 1832 253 53 blur-out

184 1908 160 69 point
372 1911 312 66 technique,
713 1910 32 52 by
813 1911 173 52 Louis
1013 1910 225 68 Jaques,
1267 1928 46 35 o.
1342 1930 47 33 d.
1420 1911 112 53 and
1564 1910 221 70 George
1816 1910 181 68 Crow,
2027 1928 45 35 o.
2103 1929 67 49 d.,

184 1986 187 55 edited
400 1988 73 68 by
500 1988 199 51 Lionel
727 1987 165 53 Irvin
920 1989 197 66 Lewis,
1147 2005 46 36 o.
1223 2007 46 33 d.
1335 1989 111 51 Los
1476 1987 263 70 Angeles,
1771 1987 193 69 Calif.,
1994 1989 76 52 H.
2102 1989 68 51 R.

183 2064 146 69 Day,
361 2069 148 49 1934.

257 2147 60 29 XV
341 2149 57 36 p.,
426 2141 21 36 1
512 2169 6 8 l..
547 2137 83 40 123
658 2149 42 36 p.
762 2139 174 46 diagrs.
999 2137 53 39 22½
1088 2141 41 20 cm
1136 2171 6 7 .

190 2192 50 51 ©
271 2197 112 47 May
410 2197 67 42 14,
505 2196 138 41 1934;
675 2195 65 40 2c.
769 2198 94 37 and
893 2196 79 41 aff.
1003 2197 112 47 May
1144 2196 78 42 18;
1254 2198 39 37 A
1324 2197 166 39 71677:
1523 2197 165 40 Harry
1716 2198 54 38 R.
1800 2198 123 46 Day.

267 2252 277 50 (34-15239)

184 2355 164 65 Jean,
381 2357 196 51 Frank
609 2357 231 62 Covert,
876 2359 167 49 1880-

253 2433 97 53 An
393 2432 394 69 introductory
833 2451 190 34 course
1066 2434 59 52 in
1168 2434 208 54 science
1421 2434 94 52 for
1559 2437 252 65 colleges,
1946 2476 8 9 II.
2035 2434 137 52 Man

188 2513 111 50 and
328 2514 96 50 the
450 2518 202 45 nature
680 2511 62 52 of
770 2510 88 53 his
887 2509 300 70 biological
1218 2513 195 66 world,
1442 2513 74 66 by
1545 2512 197 54 Frank
1774 2514 207 54 Covert
2010 2513 162 57 Jean,

186 2588 148 54 Ezra
376 2589 268 55 Clarence
680 2589 233 52 Harrah
954 2589 110 51 and
1102 2589 150 53 Fred
1289 2591 172 52 Louis
1500 2592 256 51 Herman
1803 2634 7 7 .…
1901 2591 138 50 with
2079 2591 94 51 the

187 2661 1985 78 editorial collaboration of Samuel Ralph Powers … Boston,
242 2743 1308 72 New York [etc.] Ginn and company [ c 1934]
263 2829 43 36 x,
336 2818 83 40 589
449 2829 39 36 p.
547 2819 141 45 illus.,
719 2817 177 48 diagrs.
953 2817 54 38 21½
1041 2819 44 20 cm
1089 2849 7 7 .

195 2872 50 51 ©
277 2876 113 47 May
418 2874 68 47 24,
517 2874 112 40 1934
647 2885 8 31 ;
687 2875 66 39 2c.
783 2875 94 37 and
908 2873 80 39 aff.
1017 2874 125 38 .June
1171 2874 79 47 18;
1284 2875 40 38 A
1354 2874 168 47 72844;
1557 2876 50 38 P.
1640 2874 48 41 C.
1722 2876 134 45 Jean,
1890 2876 121 37 Ezra
261 2874 1897 98 Clarence

406 2931 211 41 Harrah,
654 2930 123 40 Fred
813 2929 146 40 Louis
993 2929 226 48 Herman,
1257 2930 212 49 Greeley,
1508 2930 111 49 Col.,
1644 2933 107 40 and
1790 2932 191 37 Samuel
2018 2930 158 47 Ralph

262 2988 205 44 Powers,
496 2988 117 39 New
640 2986 142 41 York.

188 3091 280 65 Johnson,
499 3091 212 52 Harris
742 3091 64 53 B.

264 3162 1909 76 Stamps for profit and pleasure … by Harris B. Johnson.
193 3245 337 57 Richmond,
566 3246 124 66 Va.,
727 3245 120 52 The
883 3244 220 67 Hilday
1141 3262 292 52 company,
1472 3248 150 50 1934.

263 3318 55 39 79
350 3329 42 37 p.
455 3317 53 39 18
512 3320 42 20 cm
560 3349 7 7 .

198 3371 50 51 ©
276 3375 124 40 June
424 3377 38 43 1,
489 3374 112 40 1934
620 3385 7 30 ;
655 3375 64 38 2c.
748 3375 93 37 and
868 3373 80 41 aff.
976 3374 124 38 June
1124 3374 25 38 2
1168 3386 7 27 :
1204 3375 39 37 A
1270 3375 141 40 71928
1431 3387 7 29 :
1468 3377 59 39 H.
1555 3377 54 39 B.
1637 3377 229 46 Johnson,
1895 3374 281 43 Richmond.

277 3431 276 49 (34-15109)

191 3530 601 67 Korrosionstagung.
866 3534 90 52 3d.
988 3534 214 66 Berlin,
1238 3538 146 49 1933.

261 3611 237 53 Bericht
532 3612 140 52 fiber
712 3611 90 52 die
841 3611 567 69 Korrosionstagung
1450 3616 131 48 1933
1625 3632 90 32 am
1756 3617 78 47 14.
1878 3612 299 52 november

197 3690 129 49 1933
381 3689 60 51 in
495 3689 196 52 Berlin
745 3688 367 53 veranstaltet
1166 3706 111 45 von,
1328 3691 281 51 Deutsche
1662 3691 269 65 gesellschaff
2079 3688 98 52 ffir

191 3765 403 57 metallkunde,
642 3764 207 55 Verein
898 3764 292 53 deutscher
1236 3766 343 68 ingenieure,
1626 3768 210 53 Verein
1884 3767 293 53 deutscher

193 3843 519 61 eisenhüttenleute,
762 3843 203 52 Verein
1020 3842 291 54 deutscher
1361 3844 297 54 ehemiker.
1746 3845 214 55 Berlin,
2063 3845 113 51 VDI-

194 3921 195 67 verlag
416 3921 209 67 gmbh.,
656 3923 146 49 1934.
