2350 4196
1099 4000 131 48 1149

173 350 279 65 Delaney,
481 351 250 65 Rosella,
761 352 180 53 sister.

254 471 54 9 ...
344 428 54 51 A
431 429 171 67 study
632 429 62 52 of
723 430 95 52 the
849 429 283 52 clausulae
1162 428 59 51 in
1250 429 95 52 the
1377 428 184 53 works
1591 428 62 52 of
1686 427 84 55 St.
1803 427 275 53 Ambrose
2115 469 56 10 ...

178 505 73 68 by
297 505 180 54 Sister
523 506 80 52 M.
648 507 230 52 Rosella
919 507 256 67 Delaney
1225 549 55 9 ...
1364 506 402 68 Washington,
1810 506 72 51 D.
1928 505 81 68 C.,
2054 507 120 51 The

178 582 262 55 Catholic
472 584 318 69 university
820 585 63 53 of
914 584 282 66 America,
1231 587 150 49 1934.

250 667 45 36 x,
342 656 54 39 148
466 667 43 37 p.
569 656 56 39 23½
659 659 43 21 cm
707 689 8 8 .
800 659 122 46 (The
965 656 220 41 Catholic
1227 658 273 47 university
1544 658 50 39 of
1636 657 235 40 America.
1944 658 233 41 Patristic

177 714 199 40 studies,
436 715 90 38 vol.
629 716 12 46 XL)

250 771 170 39 Thesis
464 771 106 46 (PH.
636 770 327 47 D.)—Catholic
993 771 271 48 university
1297 772 50 39 of
1381 772 235 47 America,
1651 771 127 41 1934.

249 827 185 41 “Select
464 828 365 48 bibliography”;
891 840 42 37 p.
966 830 126 38 ix-x.

181 883 50 51 ©
264 887 111 46 July
400 886 69 47 21,
496 885 140 42 1934;
668 885 64 40 2c.
762 888 94 37 and
886 885 81 42 aff.
995 886 119 47 Aug.
1141 884 81 48 24;
1255 886 39 38 A
1323 886 143 40 75033;
1525 886 223 41 Catholic
1776 887 129 42 univ.
1934 889 52 39 of
247 890 1911 93 America.
407 942 279 49 (34-30234)

174 1047 183 65 Eddy,
385 1048 139 53 Mrs.
556 1049 173 61 Mary
760 1047 253 64 (Baker)
1055 1049 324 51 1821-1910.

245 1123 319 53 Rückblick
589 1124 117 52 und
734 1123 262 68 einblick,
1022 1140 111 35 von
1158 1123 172 69 Mary
1355 1123 191 52 Baker
1574 1123 172 70 Eddy
1780 1167 57 10 ...
1905 1125 269 69 English-

174 1199 251 55 German
468 1202 83 52 ed.
631 1201 479 69 Herausgegeben
1153 1219 110 34 von
1309 1201 108 53 den
1462 1201 341 53 Verwaltern
1849 1220 111 35 von
2005 1203 170 70 Mary

175 1278 189 54 Baker
396 1280 200 68 Eddys
629 1279 399 53 Vermächtnis.
1097 1279 217 53 Boston
1392 1281 151 65 [c1934]

247 1352 82 48 xii,
365 1354 70 49 [1],
465 1352 69 48 95,
566 1351 69 49 95,
714 1373 10 29 [1]
755 1362 44 38 p.
864 1352 54 40 19½
952 1354 42 22 cm
999 1385 8 8 .

248 1408 160 48 Paged
438 1410 50 39 in
516 1410 259 46 duplicate.

246 1467 166 40 Added
444 1468 97 45 t.-p.;
604 1466 366 48 Retrospection
1004 1468 93 38 and
1132 1466 362 47 introspection.

248 1521 71 41 On
351 1534 138 29 verso
523 1524 51 38 of
604 1526 96 45 t.-p.;
765 1524 103 39 Von
904 1525 83 38 der
1020 1523 176 40 Ersten
1227 1521 166 42 kirche
1429 1522 199 50 Christi,
1665 1524 426 49 Wissenschafter,
2127 1525 50 41 in

176 1579 194 49 Boston,
406 1581 401 45 Massachusetts,
842 1581 301 47 genehmigte
1178 1580 243 40 literatur.

179 1635 50 51 ©
260 1640 81 38 July
402 1639 68 39 30.
501 1638 112 41 1934;
673 1639 65 40 2c.
769 1640 116 47 Aug.
917 1640 81 45 15;
1032 1638 81 42 aff.
1143 1639 116 46 Aug.
1292 1642 19 35 1;
1377 1640 41 37 A
1448 1640 168 43 74556;
1650 1641 231 40 Trustees
1912 1644 152 37 under
2094 1645 81 39 the

245 1697 99 38 will
374 1697 51 39 of
456 1697 139 46 Mary
627 1697 162 38 Baker
818 1697 151 46 Eddy.
1044 1695 278 49 (34-30002)

172 1799 359 65 Egermeier,
568 1799 158 53 Elsie
764 1797 227 66 Emilie,
1028 1801 171 50 1890-

239 1876 170 53 Bible
438 1882 157 61 story
630 1877 162 66 book,
827 1878 74 66 by
937 1877 155 53 Elsie
1128 1879 65 51 E.
1229 1879 330 66 Egermeier
1598 1922 54 8 ...
169 1880 1981 144 (self-pronouncing)

379 1955 321 68 Anderson,
729 1955 148 68 Ind.,
907 1957 120 51 The
1053 1958 243 53 Warner
1325 1974 156 49 press
1558 1961 151 63 [c1934]

245 2031 96 46 608,
377 2030 54 40 63
466 2041 42 36 p.
571 2032 84 37 col.
690 2030 163 46 front.,
889 2030 142 45 illus.,
1067 2031 156 46 plates
1252 2029 134 48 (part
1422 2032 112 47 col.)
1577 2040 152 38 maps.
1795 2031 53 40 23
1852 2032 43 21 cm
1903 2064 8 7 .

247 2089 141 46 Maps
413 2097 60 29 on
500 2086 364 48 lining-papers.

246 2145 330 39 “Fourteenth
603 2143 260 48 printing.”

247 2200 287 48 “Questions
562 2211 60 29 on
650 2202 81 37 the
759 2199 203 40 stories”;
1022 2199 53 40 63
1105 2210 41 37 p.
1176 2202 51 37 at
1255 2200 104 39 end.

177 2254 50 51 ©
255 2259 118 46 Aug.
400 2257 68 47 23,
495 2256 140 47 1934;
664 2257 64 39 2c.
758 2256 95 39 and
880 2256 80 38 aff.
989 2256 119 47 Aug.
1135 2255 80 47 27;
1244 2257 43 37 A
1312 2255 170 47 75075;
1514 2257 52 39 E.
1595 2257 52 40 E.
1676 2256 290 49 Egermeier,
246 2258 1910 103 Anderson,
378 2316 102 38 Ind.

549 2314 281 49 [Copyright
860 2313 41 39 is
933 2313 205 39 claimed
1170 2324 58 28 on
1260 2312 247 40 additions
1540 2314 95 38 and
1668 2313 253 49 revisions]

258 2370 277 50 (34-30239)

170 2460 223 65 Ewing,
427 2462 301 62 Hampton
762 2461 286 62 Denman,
1083 2462 170 51 1866-

243 2538 120 53 The
396 2537 224 69 ground
657 2537 121 52 rule
811 2534 64 54 of
908 2539 144 49 torts
1087 2535 76 69 by
1197 2534 261 69 aircraft,
1494 2542 61 46 at
1587 2536 97 52 the
1720 2536 308 52 American
2064 2536 111 52 law

173 2615 276 68 institute,
481 2615 76 68 by
587 2613 301 68 Hampton
919 2614 73 52 D.
1028 2613 207 69 Ewing
1275 2656 55 10 ...
1411 2613 355 69 [Worcester,
1800 2614 190 67 Mass.,
174 2613 1976 133 Heffernan
406 2712 175 50 press]
617 2698 17 22 c
641 2694 150 51 1934.

243 2767 281 47 cover-title,
558 2765 55 40 10
643 2775 43 38 p.
747 2763 56 41 25½
837 2766 43 21 cm
885 2797 8 8 .

244 2823 229 41 Author’s
504 2821 273 48 autograph
807 2832 58 29 on
896 2831 153 30 cover.

248 2879 252 41 “Advance
529 2879 185 48 reprint
741 2878 126 40 from
894 2878 87 38 Air
1007 2878 94 39 law
1130 2878 173 40 review
1334 2909 45 8 ...
1440 2880 90 38 vol.
1558 2889 42 36 v,
1626 2890 75 30 no.
1727 2877 72 42 4.”

177 2936 50 46 ©
258 2940 128 47 Sept.
415 2940 38 41 1,
482 2939 140 40 1934;
654 2938 63 38 2c.
748 2938 96 38 and
873 2936 79 40 aff.
985 2937 127 46 Sept.
1140 2937 25 39 6;
1222 2937 42 38 A
1289 2936 171 48 75170;
1491 2938 61 39 H.
1582 2938 55 39 D.
1669 2938 183 47 Ewing,
1882 2939 116 38 New
2026 2938 145 41 York.

255 2995 277 49 (34-29862)

172 3087 269 63 Farjeon,
480 3087 268 52 Eleanor.

246 3165 120 51 The
393 3165 94 51 old
520 3161 217 57 sailor’s
766 3180 143 48 yarn
937 3161 128 65 box,
1095 3161 74 67 by
1197 3162 249 53 Eleanor
1476 3161 277 68 Farjeon;
1787 3162 140 53 with
1957 3167 216 63 twenty

178 3241 427 68 reproductions
644 3241 151 51 from
833 3240 113 52 line
982 3239 304 68 drawings.
1361 3240 139 52 New
1538 3240 179 66 York,
1753 3239 310 53 Frederick
2100 3241 67 52 A.

179 3318 198 55 Stokes
409 3337 296 49 company,
740 3322 147 50 1934.

249 3388 951 53 6 p. l., 143 p incl. illus., plates. 21½cm.
181 3447 49 51 ©
260 3452 124 47 Sept.
412 3451 68 43 13,
507 3449 139 42 1934;
676 3448 67 41 2c.
770 3450 94 37 and
892 3447 81 40 aff.
1005 3447 127 47 Sept.
1159 3447 80 42 18;
1268 3448 39 37 A
1333 3447 170 42 75351;
1535 3447 262 40 Frederick
1823 3448 52 38 A.
1907 3447 170 41 Stokes
2104 3459 68 30 co.

256 3506 278 48 (34-30047)

171 3596 160 64 Fast,
361 3596 255 53 Howard
647 3592 237 57 Melvin.

249 3673 244 68 Strange
536 3673 317 67 yesterday,
896 3671 76 67 by
1015 3672 256 51 Howard
1314 3670 219 53 Melvin
1578 3671 155 52 Fast.
1810 3672 138 51 New
1992 3673 181 66 York,

180 3750 185 63 Dodd,
394 3753 167 51 Mead
594 3754 45 50 &
669 3768 296 48 company,
997 3752 149 50 1934.

251 3820 1041 52 5 p. l., 3-273 p. incl. geneal. tab. 19 cm .
183 3877 48 51 ©
268 3883 126 47 Sept.
426 3883 68 46 13,
528 3881 139 46 1934;
703 3880 65 40 2c.
804 3881 95 39 and
932 3878 81 40 aff.
1051 3879 125 47 Sept.
1212 3879 82 46 18;
1331 3877 80 42 aff.
1450 3878 126 48 Sept.
1613 3878 81 46 15;
1732 3879 40 37 A
1805 3878 170 47 75361;
2013 3880 58 39 H.
2109 3882 62 39 M.

251 3939 129 43 Fast,
409 3940 115 38 New
551 3938 145 39 York.
767 3934 278 49 (34-30039)
