2350 4196
220 377 173 64 Cobb,
426 378 185 62 Berry
641 378 66 55 B.

287 456 52 50 A
386 454 220 66 history
654 454 62 52 of
762 455 199 53 Dallas
1007 456 255 65 lawyers,
1309 457 134 50 1840
1488 460 57 47 to
1593 457 151 63 1890,
1789 455 72 66 by
1905 458 182 62 Berry
2135 456 66 51 B.

218 530 173 55 Cobb.
470 532 310 66 Approved
827 532 110 52 and
980 532 330 52 authorized
1353 532 73 64 by
1466 532 96 51 the
1603 533 119 50 Bar
1764 532 333 52 association
2141 532 62 52 of

217 608 216 53 Dallas.
513 609 235 65 [Dallas]
795 612 149 49 1934.

285 680 283 47 cover-title,
596 680 27 39 2
652 692 43 37 p.
758 712 9 16 l.,
796 681 55 40 84
881 693 40 36 p.
983 681 53 38 23
1042 684 13 20 cm
1091 713 5 7 .

289 735 411 49 Bibliographical
728 736 260 41 foot-notes
1018 740 50 36 at
1098 738 89 39 end
1217 737 50 40 of
1296 738 115 38 each
1441 737 213 47 chapter.

222 790 56 51 ©
312 796 112 45 Apr.
460 793 68 41 20,
564 792 140 41 1934:
741 793 67 40 2c.
846 795 95 38 and
981 793 80 41 aff.
1102 795 110 44 May
1250 794 50 38 5:
1341 794 40 37 A
1420 793 167 39 71511:
1628 795 98 37 Bar
1767 804 124 29 assn.
1931 795 51 38 of
2021 795 183 39 Dallas.

288 852 184 45 Dallas,
500 852 111 37 Tex.
684 850 277 47 (34-40460)

220 940 308 66 Copeland,
566 941 245 54 Charles
845 942 342 60 Townsend,
1225 944 170 50 1860-
1539 941 80 51 ed.

285 1018 120 52 The
447 1017 294 68 Copeland
780 1017 396 66 translations;
1219 1015 216 69 mainly
1474 1018 61 51 in
1575 1034 162 50 prose
1778 1016 152 53 from
1969 1018 240 64 French,

214 1096 266 67 German,
521 1096 215 51 Italian
775 1096 111 51 and
926 1093 260 68 Russian,
1227 1094 200 53 chosen
1467 1096 112 51 and
1620 1095 298 67 arranged,
1959 1094 137 53 with
2137 1114 69 34 an

215 1171 1992 71 introduction, by Charles Townsend Copeland … New York,
215 1252 254 66 London,
505 1251 60 54 C.
600 1250 311 55 Scribner’s
943 1270 143 46 sons,
1121 1253 147 50 1934.

287 1324 136 43 xxiii,
454 1324 114 41 1080
599 1335 41 37 p.
702 1325 55 38 24
760 1327 44 21 cm
809 1357 7 8 .

225 1378 1983 51 © Nov. 2. 1934: 2c. Nov. 9: aff. Nov. 24: A 77351: C. T. Copeland.
291 1440 298 47 Cambridge,
621 1440 145 39 Mass.
838 1439 277 49 (34-28453)

221 1530 194 63 Craig,
444 1530 239 54 Robert.

290 1605 276 54 Traitor’s
599 1606 138 68 gait,
771 1607 73 66 by
878 1606 210 51 Robert
1126 1605 187 68 Craig.
1387 1605 361 68 Edinburgh,
1783 1606 119 52 The
1935 1607 274 66 Porpoise
218 1703 157 48 press
407 1687 171 64 [1934]

290 1769 41 35 v,
359 1757 97 43 296,
489 1759 54 47 [1]
572 1768 44 37 p.
672 1757 54 39 19
728 1760 45 20 cm
779 1789 6 6 .

225 1810 49 51 ©
307 1816 64 37 1c.
446 1825 69 29 Nov.
546 1815 68 39 30.
647 1814 138 39 1934:
818 1815 43 37 A
889 1815 60 38 ad
980 1815 83 38 int.
1098 1815 168 37 19655:
1299 1815 140 45 pubd.
1474 1813 101 40 Oct.
1607 1815 52 38 4:
1695 1814 54 37 11.
1781 1812 157 48 Craig.
1974 1814 235 47 Glasgow.

300 1871 277 49 (34-10290)

222 1960 194 65 Craik,
449 1963 137 52 Mrs.
621 1960 194 54 Dinah
846 1961 190 53 Maria
1077 1960 290 65 (Mulock)
1411 1965 322 50 1826-1887.

293 2038 119 51 The
434 2037 147 53 little
606 2038 145 50 lame
773 2038 211 68 prince,
1009 2036 179 52 retold
1216 2036 144 52 from
1387 2038 94 52 the
1507 2044 155 60 story
1688 2036 71 68 by
1784 2035 143 53 Miss
1950 2034 257 66 Mulock;

228 2115 319 54 illustrated
572 2115 73 68 by
677 2115 61 54 C.
769 2115 45 52 I.
845 2114 205 53 Dutch.
1117 2114 226 67 Racine,
1372 2114 158 67 Wis.,
1557 2113 294 53 Whitman
1884 2113 329 67 publishing

224 2210 275 51 company
540 2227 12 33 [
557 2200 18 20 c
581 2195 150 64 1934]

293 2263 919 49 2 p. l., 9-116 p. illus. 134 × 19 cm .
226 2320 1985 52 © Sept. 15. 1934: 2c. Dec. 7: aff. Nov. 28: A 77493: Whitman pub. co.
302 2381 278 47 (34-40508)

223 2470 367 66 Culbertson,
620 2472 127 64 Ely,
779 2476 170 50 1891-

223 2548 1924 132 Contract bridge red book on play, by Ely Culbertson … introduction
225 2627 1984 145 by Albert Morehead … Philadelphia, Chicago, The John C. Winston company [ c 1934]
293 2777 926 47 xxii, 616 p. front. (port.) 16½ cm .
225 2829 50 51 ©
308 2834 100 40 Oct.
434 2834 67 41 20,
529 2834 141 39 1934:
700 2833 64 41 2c.
796 2835 93 38 and
918 2834 79 39 aff.
1028 2835 109 39 Dec.
1170 2835 78 38 17:
1281 2836 38 37 A
1348 2834 141 41 78597:
1549 2836 127 39 John
1706 2836 46 39 C.
1782 2835 223 39 Winston
2036 2845 65 30 co.

303 2890 277 47 (34-28469)

221 2978 247 66 Dudley,
497 2980 275 66 Maywill,
802 2983 83 52 ed.
916 2983 112 52 and
1055 2983 147 53 illus.

296 3056 54 50 A
381 3057 220 65 picture
633 3063 155 60 story
822 3057 144 53 book
998 3057 92 51 for
1123 3059 272 57 children,
1428 3060 331 66 containing
1791 3059 92 52 the
1916 3058 199 54 stories
2148 3057 62 52 of

236 3131 157 53 Peter
433 3132 228 69 Rabbit,
701 3133 122 54 Red
864 3133 219 69 Riding
1120 3135 187 69 Hood,
1346 3136 121 53 The
1506 3136 159 54 three
1702 3135 150 55 little
1892 3133 146 70 pigs,

226 3132 1961 130 Cinderella.
496 3212 111 51 and
646 3212 180 51 Three
867 3212 172 51 bears.
1117 3213 146 51 Told
1304 3214 91 50 for
1434 3232 133 34 very
1610 3231 191 42 young
1842 3212 250 53 children

223 3284 1986 74 by Maywill Dudlev. Racine. Wis., Whitman publishing company.
224 3368 16 20 c
247 3364 146 49 1934.

308 3432 132 48 [3]-30
468 3445 41 37 p.
569 3436 127 40 illus.
727 3437 134 47 (part
891 3439 109 46 col.)
1067 3438 58 41 30½
1156 3442 42 21 cm
1204 3473 8 7 .

293 3489 285 42 Illustrated
611 3493 346 47 lining-papers
992 3496 48 37 in
1073 3496 166 39 colors.

224 3543 1985 60 © Nov. 12. 1934: 2c. Dec. 7: aff. Nov. 28: A 77508: Whitman pub. co.
300 3606 277 41 (34-40517)

218 3691 294 68 Dunham,
545 3697 151 53 Fred
728 3697 320 64 Sylvester.

349 3769 1799 75 … Second year Latin. Rev. eel. By Fred S. Dunham …
218 3843 422 73 Philadelphia,
682 3849 252 69 Chicago
1000 3859 99 46 [etc.]
1164 3856 123 52 The
1325 3856 156 53 John
1522 3857 62 53 C.
1624 3856 267 52 Winston
1932 3872 276 48 company

238 3924 174 68 [ c 1934]
