2350 4196
1103 4111 96 48 191

156 473 229 63 Taylor,
417 472 179 53 Jacob
629 471 286 64 Bacchus,
951 473 171 49 1898-

159 545 1967 135 Intermediate accounting. Volume II. By Jacob B. Taylor … and
156 624 1993 148 Hermann C. Miller … 1st ed. New York and London, McGraw-Hill book company, inc., 1934.
223 792 44 34 x,
299 780 86 40 476
415 789 41 37 p.
517 779 53 39 23½
605 781 43 20 cm
654 809 6 7 .
734 778 298 48 (Half-title:
1064 776 351 41 McGraw-Hill
1448 774 290 49 accounting
1771 775 174 47 series)

159 833 52 51 ©
240 837 111 40 Feb.
380 837 68 46 15,
479 835 113 40 1934;
651 836 65 39 2c.
749 836 109 38 Feb.
890 836 54 38 14;
1005 834 80 40 aff.
1119 834 108 39 Feb.
1259 835 82 45 17;
1374 834 42 40 A
1445 833 143 40 69475;
1650 832 350 41 McGraw-Hill
2031 834 123 39 book

225 904 80 37 co.,
336 894 90 39 inc.

156 994 258 67 Thieme,
446 995 301 54 Theodore
780 997 82 64 F.,
897 996 171 52 1857-

223 1073 55 52 A
317 1072 252 54 business
609 1079 208 61 system
859 1073 64 52 of
962 1074 116 66 city
1119 1079 371 62 government
1527 1073 75 67 by
1644 1070 379 69 professional
154 1090 1977 128 experts
348 1169 60 34 as

447 1152 135 51 used
622 1151 353 68 throughout
1013 1152 96 51 the
1150 1152 178 51 world
1370 1169 192 35 versus
1601 1150 309 52 American
1947 1156 210 62 system

154 1229 64 52 of
258 1229 193 67 spoils,
493 1229 327 67 politicians
863 1230 111 51 and
1017 1234 309 61 amateurs;
1373 1248 31 33 a
1445 1229 232 54 treatise
1718 1229 138 52 with
1899 1235 256 60 excerpts

155 1307 64 52 of
266 1309 193 51 letters
511 1307 150 52 from
710 1326 226 48 mayors
985 1307 65 52 of
1096 1307 230 68 leading
1375 1307 158 53 cities
1581 1306 64 52 of
1691 1306 96 54 the
1835 1308 199 67 world,
2079 1308 35 53 b
2116 1366 10 9 #
2117 1326 35 49 y

155 1385 2004 69 Theodore F. Thieme … [Fort Wayne, Fort Wayne printing
153 1481 297 50 company,
489 1470 16 20 c
511 1466 151 64 1934]

224 1537 58 40 90
309 1548 43 38 p.
413 1536 58 41 19½
500 1539 45 21 cm
550 1569 8 9 .

228 1594 293 40 “Reference
549 1593 228 40 material
805 1604 60 29 on
893 1594 98 47 city
1019 1593 340 49 government”:
1419 1605 41 37 p.
1491 1593 157 41 89-90.

159 1648 50 51 ©
249 1653 109 39 Feb.
396 1653 67 45 15,
503 1652 139 41 1934;
682 1652 66 39 2c.
788 1653 95 38 and
921 1652 80 39 aff.
1042 1652 109 40 Feb.
1191 1650 80 48 19;
1313 1652 40 38 A
1390 1651 170 46 69517;
1602 1652 52 39 T.
1695 1652 50 40 F.
1784 1652 211 47 Thieme,
2036 1651 117 41 Fort

221 1710 197 46 Wayne,
454 1710 103 38 Ind.
629 1709 249 47 (34-4073)

158 1812 276 65 Toksvig,
464 1813 196 64 Signe.

227 1888 1869 72 The life of Hans Christian Andersen, by Signe Toksvig …
156 1965 136 52 New
324 1965 179 68 York,
533 1965 309 69 Harcourt,
873 1968 179 52 Brace
1083 1968 112 52 and
1226 1985 280 52 company
1544 2001 13 34 [
1562 1974 18 21 c
1585 1970 136 50 1934
1724 2001 12 34 ]

226 2039 82 45 xii,
337 2039 85 40 289
449 2049 43 37 p.
522 2039 107 40 inch
657 2040 162 48 front.,
851 2041 125 39 illus.
1041 2039 54 39 22½
1129 2042 44 22 cm
1177 2074 8 7 .

229 2093 286 43 Illustrated
545 2096 361 48 lining-papers.

230 2150 161 42 “First
420 2152 228 40 edition.”

160 2206 50 52 ©
244 2211 111 40 Feb.
387 2211 67 42 15,
488 2211 139 39 1934;
663 2212 64 39 2c.
763 2213 95 38 and
892 2212 81 40 aff.
1008 2213 108 39 Feb.
1152 2212 45 39 21:
1269 2213 39 38 A
1341 2212 170 47 69557;
1552 2214 42 40 S.
1630 2214 223 47 Toksvig,
225 2215 1915 100 Nowtownmountkennedy,

660 2268 189 48 County
879 2268 247 42 Wicklow,
1158 2270 207 39 Ireland.
1439 2272 250 46 (34-3953)

158 2369 258 65 Vachell,
446 2372 229 53 Horace
712 2371 313 66 Annesley,
1060 2376 171 49 1861-

228 2447 119 52 The
388 2448 444 68 disappearance
872 2450 64 52 of
973 2452 231 51 Martha
1245 2454 228 65 Penny;
1517 2471 30 33 a
1588 2454 170 66 study
1803 2454 51 51 in
155 2456 1968 136 revaluations,
384 2527 75 67 by
521 2529 223 51 Horace
809 2529 287 67 Annesley
1159 2531 252 53 Vachell.
1488 2533 257 63 London,
1811 2533 237 51 Hodder
2111 2538 41 47 A

156 2601 342 70 Stoughton,
529 2605 239 66 limited,
803 2611 147 50 1934.

230 2674 86 41 352
347 2686 43 37 p.
450 2677 56 40 19
509 2680 14 20 cm
557 2710 9 8 .

160 2728 1994 59 © 1c. Feb. 16, 1934; A ad int. 18667; pubd. Jan. 25; H. A. Vachell, Bath,
225 2791 235 43 England.
532 2793 250 48 (34-5172)

163 2892 259 66 Watson,
452 2893 259 56 Thomas
739 2897 173 64 John,
945 2897 171 54 1874-

226 2966 758 77 Men—minutes—money;
1023 2993 31 34 a
1091 2975 295 53 collection
1421 2976 65 53 of
1521 2982 260 64 excerpts
1819 2976 153 54 from
2008 2976 152 54 talks

157 3046 112 52 and
298 3065 278 52 messages
606 3050 286 54 delivered
922 3053 113 52 and
1066 3053 229 53 written
1325 3059 58 48 at
1412 3055 231 53 various
1669 3056 184 67 times,
1881 3056 75 69 by
1988 3055 169 53 Thos.

158 3121 2001 76 J. Watson … [New York, International business machines
157 3204 381 68 corporation,
572 3211 17 21 c
595 3208 150 65 1934]

227 3273 1623 57 895 p. inch front. (port.) illus., diagrs. 2 pl. on 1 l. 22 cm .
161 3329 52 50 ©
247 3334 109 40 Feb.
392 3336 37 39 7,
465 3336 139 42 1934;
642 3337 65 40 2c.
744 3340 94 38 and
873 3339 79 38 aff.
990 3340 111 40 Feb.
1137 3341 79 44 17;
1255 3342 41 38 A
1328 3341 170 47 70277;
1539 3342 358 41 International
1935 3342 220 40 business

226 3391 244 40 machines
498 3395 321 45 corporation.
892 3397 249 47 (34-3889)

160 3478 193 66 Wells,
385 3483 133 53 Carl
547 3484 278 64 Douglas.

290 3558 1869 78 … The changing city church, by Carl Douglas Wells … Los
160 3633 263 70 Angeles,
455 3637 336 71 University
825 3642 62 52 of
920 3642 286 54 Southern
1241 3645 327 54 California
1600 3664 174 49 press,
1808 3648 149 49 1934.

228 3707 26 38 4
280 3718 43 37 p.
386 3740 7 15 l.,
419 3709 59 40 39
501 3721 42 37 p.
599 3710 53 40 23
658 3714 43 20 cm
706 3745 8 7 .
781 3714 306 50 (University
1115 3718 51 39 of
1194 3717 240 42 Southern
1464 3718 286 40 California.
1810 3718 170 40 School
2010 3720 51 39 of
157 3731 1982 74 research
348 3768 199 40 studies,
608 3780 74 30 no.
703 3769 50 49 2)

229 3822 159 42 Social
415 3825 185 42 science
628 3828 164 48 series,
820 3841 72 30 no.
921 3832 40 39 5.

230 3880 226 42 Portions
479 3883 51 40 of
554 3885 154 40 thesis
737 3885 106 46 (PH.
903 3888 389 50 D.)—University
1318 3891 52 40 of
1397 3891 241 41 Southern
1664 3890 287 48 California,
1981 3892 126 40 1931.

232 3938 1875 59 “Originally published as articles in ‘Sociology and social research’ …
160 3995 236 42 herewith
426 4000 260 47 reprinted,
718 4001 199 49 slightly
947 4004 426 42 revised.”—Pref.
