2350 4196
1167 3990 96 50 632

297 443 1141 56 vi p., 3 l., 3-279. [1] p., 1 l. plates. 23½cm.
298 505 235 41 “Limited
570 508 46 36 to
652 504 92 40 five
780 504 219 39 hundred
1036 501 155 47 copies
1228 500 192 48 printed
1459 509 59 28 on
1554 496 379 41 machine-made
1971 507 146 40 paper
2156 503 46 33 at

227 564 79 38 the
335 564 331 45 Merrymount
693 570 147 38 press,
871 557 224 42 Boston,”

299 608 1888 59 “[The bibliographical list (p. [59]—[268])] … contains the titles of all
228 674 146 40 books
401 674 192 46 printed
624 676 51 36 at
702 674 82 37 the
811 681 136 39 press
977 681 50 29 so
1055 670 80 38 far
1165 680 51 28 as
1246 669 41 40 is
1314 668 189 47 known,
1535 668 237 46 arranged
1803 667 404 48 chronologically

228 728 151 41 under
405 740 141 37 years
573 730 94 38 and
693 727 259 41 numbered
981 723 502 49 consecutively.”—p.
1513 723 83 49 [60]

299 785 218 40 “Annual
542 786 263 46 keepsakes
831 784 192 47 printed
1051 783 76 38 for
1154 780 80 42 the
1258 781 187 39 friends
1471 780 51 40 of
1548 781 81 38 the
1656 780 333 46 Merrymount
2014 780 163 47 press”:

228 850 41 36 p.
296 841 214 42 271-272.

230 891 1977 56 © May 15, 1934; 2c. and aff. May 21: A 71707; President and fellows
296 956 50 38 of
375 956 228 38 Harvard
633 956 191 45 college.
856 950 297 50 Cambridge,
1185 952 144 38 Mass.
1405 949 278 48 (34-13460)

220 1055 213 54 Verein
500 1056 313 53 deutscher
880 1054 355 65 Ingenieure,
1303 1051 212 54 Berlin.
1590 1052 454 53 Fachausschuss
2111 1053 99 64 für

291 1133 449 55 lärmminderun
744 1153 51 47 g.

292 1212 118 55 Das
433 1212 292 54 lärmfreie
747 1211 337 67 wohnhaus;
1111 1210 150 66 lirsg.
1286 1227 127 34 vom
1439 1208 453 53 Fachausschuss
1916 1207 97 53 für
222 1209 1960 149 lärmminderung

593 1290 147 52 beim
773 1289 209 52 Verein
1013 1288 292 54 deutscher
1336 1284 342 70 Ingenieure,
1711 1286 212 52 Berlin.
1999 1286 113 52 Mit
2144 1291 61 48 87

227 1367 382 69 abbildungen
653 1368 115 52 und
815 1371 29 48 6
889 1365 258 54 tabeilen,
1224 1363 213 66 Berlin,
1484 1363 371 67 VDI-verlag
1898 1382 35 49 g
1977 1383 54 34 m
2074 1363 34 53 b
2153 1365 55 64 h,

229 1449 146 50 1934.

297 1525 41 39 v,
374 1518 68 49 [1],
475 1517 54 40 90
556 1528 41 37 p.
658 1516 140 47 illus.,
830 1516 177 48 diagrs.
1068 1514 111 39 21cm.

229 1567 1979 55 © Dec. 31. 1933; 1c. Mar. 30. 1934; A -Foreign 24319; V. D. I. verlag,
299 1642 41 37 g.
368 1643 58 27 m.
456 1632 41 39 b.
526 1632 43 37 h.
644 1628 277 49 (34-14350)

221 1731 253 66 Walker,
504 1732 281 64 Norman,
818 1734 168 50 1897-

293 1805 1918 72 The travelling companion, by Norman Walker … London,
223 1887 139 52 New
396 1887 162 52 York
596 1891 135 61 [etc.]
770 1885 340 67 Longmans.
1144 1884 182 54 Green
1359 1886 110 52 and
1503 1903 96 38 co.,
1636 1887 148 49 1934.

294 1957 664 52 2 p. l., 287, [1] p. 19 ½ cm.
232 2010 1981 55 © 1c. May 5. 1934; A ad int, 18929: pubd. Mar. 8; N. Walker, Boreham
296 2075 160 44 house,
490 2075 239 38 Boreham
761 2076 71 42 st.,
869 2072 190 41 Susses.
1095 2073 230 46 England.
1401 2072 278 49 (34-13428)

228 2177 192 64 Wells,
453 2177 182 52 Amos
661 2177 229 63 Russel,
923 2178 320 50 1862-1933.

296 2254 118 52 The
439 2253 183 67 living
647 2253 180 53 Bible,
856 2252 231 68 chapter
1111 2253 74 67 by
1211 2252 249 68 chapter,
1486 2272 70 32 an
1584 2253 93 52 aid
1701 2257 56 48 to
1785 2250 164 55 Bible
1976 2253 236 69 reading

230 2333 309 68 consisting
571 2331 62 53 of
664 2330 323 53 devotional
1020 2337 302 46 comments
1355 2350 72 34 on
1458 2330 75 53 all
1566 2332 96 51 the
1694 2330 132 52 1179
1860 2331 260 68 chapters
2155 2330 61 53 of

226 2405 1962 149 the Bible, by Amos R. Wells … Boston. W. A. Wilde company [c1933]
296 2558 85 41 343
412 2570 41 36 p.
516 2559 142 40 15½cm.

230 2608 1981 56 © Sept. 5, 1933; 2c, Jan. 23, 1934; aff. Feb. 9; A 70199: Estate of Amos
299 2672 53 41 R.
391 2674 147 38 Wells
587 2673 160 46 (Anna
787 2673 62 39 M.
887 2673 161 45 Wells,
1088 2673 272 46 executrix)
1409 2674 325 41 Auburndale.
1776 2676 144 37 Mass.
1986 2669 68 54 [©
299 2674 1895 94 revision
432 2730 94 38 and
556 2728 258 49 additions]
890 2728 247 47 (34-2627)

356 2813 1855 65 … Select notes on the International Sunday school lessons,
224 2888 1986 80 improved uniform series: course for 1934 … By Amos R.
223 2967 1988 67 Wells … 60th annual volume. Boston, Mass., W. A. Wilde
226 3065 276 51 company
541 3052 189 63 [c1933]

300 3120 1247 53 371 p. fronts., illus., col. plates. maps. 22½cm.
232 3170 1980 60 © Aug. 25. 1933; 2c. Jan. 23. 1934; aff. May 14: A 70207: Estate of
301 3234 143 41 Amos
480 3235 51 37 R.
567 3235 146 38 Wells
759 3234 159 40 (Anna
954 3236 59 36 M.
1051 3236 157 38 Wells,
1244 3237 274 48 executrix)
1560 3239 326 42 Auburndale,
1922 3240 145 40 Mass.

225 3320 324 66 Whitaker,
582 3322 230 53 Arthur
844 3322 266 64 Preston,
1147 3326 168 49 1895-

366 3394 1846 73 … The Mississippi question. 1795-1803; a study in trade,
236 3470 1974 73 politics, and diplomacy, by Arthur Preston Whitaker … New
239 3550 174 60 York,
457 3550 252 67 London,
754 3551 67 50 D.
871 3550 565 68 Appleton-Century
1482 3571 291 49 company,
1817 3551 389 68 incorporated

255 3629 175 64 [ c 1934]
302 3700 62 42 ix.
395 3702 85 40 342
507 3713 41 36 p.
608 3702 114 39 fold.
754 3712 121 38 map.
934 3703 114 39 23cm.

301 3759 61 38 At
388 3759 122 39 head
537 3758 51 40 of
613 3758 107 39 title:
776 3758 100 39 The
902 3758 255 40 American
1183 3758 252 41 historical
1463 3760 307 41 association.

301 3814 439 48 “Bibliographical
765 3813 138 41 note”:
962 3826 41 36 p.
1034 3815 210 40 269-270.

234 3863 1975 60 © May 16. 1934; 2c. and aff. May 18: A 71678: Amer. historical assn.,
304 3927 331 48 Washington.
707 3926 276 50 (34-13409)
