2350 4196
1139 4004 100 48 366

191 375 197 64 Small,
418 375 153 53 John
603 373 250 63 Kunkel,
888 374 170 50 1869-

259 449 238 53 Manual
529 449 62 52 of
624 449 97 52 the
751 449 389 52 southeastern
1173 448 166 65 flora;
1375 448 170 66 being
1579 447 373 66 descriptions
1988 446 62 53 of
2083 448 95 50 the

189 528 127 51 seed
358 528 190 66 plants
590 526 261 68 growing
891 526 292 67 naturally
1223 525 60 52 in
1324 525 255 68 Florida,
1622 524 299 67 Alabama,

190 524 1963 148 Mississippi,
409 609 218 47 eastern
674 603 326 66 Louisiana,
1049 603 324 67 Tennessee,
1422 603 187 52 North
1661 601 287 68 Carolina,
1997 600 182 55 South

192 678 1987 70 Carolina and Georgia … by John Kunkel Small. New York,
190 759 120 52 The
342 760 221 66 author,
595 761 149 49 1933.

259 832 118 40 xxii.
409 831 115 40 1554
552 841 42 37 p.
655 830 126 40 illus.
846 829 144 41 23½cm.

262 887 144 40 “This
432 887 196 39 manual
654 886 266 47 supplants,
948 887 50 39 in
1023 889 123 44 part,
1173 886 81 40 the
1279 885 145 40 Flora
1452 885 51 40 of
1527 885 81 41 the
1635 886 340 39 southeastern
2002 884 176 42 United

195 941 160 42 States
384 943 254 47 published
668 943 61 47 by
760 944 79 38 the
871 943 177 39 author
1080 943 49 38 in
1160 941 113 41 1903
1316 942 196 47 (second
1543 942 183 40 edition
1757 940 424 48 1918)”—Introd.

195 997 1982 51 © Nov. 23. 1933; 1c. Feb. 23, 1934; 1c. Mar. 29; aff. Feb. 24; A 70868;
262 1059 42 39 J.
336 1059 58 39 K.
429 1058 161 46 Small,
622 1058 115 39 New
769 1057 143 39 York.
984 1057 249 47 (34-7154)

192 1176 402 64 Southworth,
625 1178 136 52 Mrs.
794 1176 290 53 Gertrude
1117 1176 157 64 (Van
1305 1176 206 63 Duyn)

262 1253 124 52 The
412 1260 157 61 story
600 1253 64 53 of
692 1255 136 66 long
861 1271 134 50 ago;
1029 1253 97 54 the
1154 1254 190 67 myths
1376 1252 62 54 of
1467 1254 94 51 the
1593 1252 211 55 Greeks
1839 1252 111 52 and
189 1252 1971 145 Norsemen,

364 1331 93 52 the
488 1336 157 63 story
677 1331 62 52 of
772 1332 157 67 early
957 1349 150 48 man,
1140 1332 110 52 and
1280 1332 98 52 the
1405 1332 222 67 history
1659 1330 63 53 of
1752 1331 98 52 the
1878 1331 94 53 old
2002 1332 178 52 world

192 1408 153 52 from
369 1409 94 53 the
490 1409 166 52 dawn
685 1409 62 53 of
775 1409 349 53 civilization
1149 1414 58 48 to
1231 1410 95 52 the
1354 1409 108 53 fall
1490 1409 63 53 of
1578 1410 196 67 Rome,
1801 1410 75 68 by
1901 1410 283 54 Gertrude

192 1486 130 53 Van
371 1487 175 68 Duyn
601 1486 370 55 Southworth
1023 1488 112 52 and
1183 1488 156 54 John
1391 1489 131 52 Van
1571 1489 174 67 Duyn
1797 1489 387 54 Southworth.

195 1564 293 68 Syracuse,
530 1565 70 52 N.
647 1564 88 68 Y.,
778 1565 139 52 New
961 1565 162 53 York
1172 1571 136 62 [etc.]
1358 1567 262 67 Iroquois
1664 1567 334 70 publishing
188 1587 1974 123 company,
393 1643 108 52 inc.
542 1645 193 64 [c1934]

260 1713 101 48 viii,
395 1714 69 51 [2],
495 1715 88 40 269
608 1725 43 37 p.
712 1715 127 41 illus.
870 1716 101 47 (incl.
1032 1718 160 46 maps)
1263 1717 143 43 19½cm.

263 1773 125 41 Text
416 1784 60 29 on
505 1773 137 40 front
671 1773 335 49 lining-paper.

196 1828 1986 59 © Mar. 23. 1934; 2c. Mar. 29; aff. Mar. 28; A 71058; Iroquois pub. co.,
266 1888 88 40 inc.
429 1888 250 48 (34-6841)

193 1990 262 64 Strader,
485 1989 255 55 William
769 1989 230 56 Weller.

262 2067 178 53 Plane
467 2074 289 60 geometry;
815 2086 31 33 a
873 2069 233 51 modern
1134 2075 135 61 text,
1294 2070 75 66 by
1396 2071 259 54 William
1683 2073 89 53 W.
1804 2073 236 55 Strader
2068 2077 111 52 and

193 2145 1986 73 Lawrence D. Rhoads … Philadelphia, Chicago [etc.] The
193 2220 155 54 John
378 2223 61 54 C.
468 2222 266 54 Winston
764 2241 278 48 company
1095 2228 172 62 [c1934]

334 2325 8 16 xv,
373 2292 70 51 [1],
470 2293 98 47 399,
599 2295 55 48 [7]
685 2305 41 37 p.
789 2295 84 39 col.
899 2295 163 47 front.,
1091 2294 141 48 illus.,
1261 2294 177 50 diagrs.
1499 2298 116 41 19cm.

197 2347 1987 55 © Mar. 19, 1934; 2c. Mar. 27; aff. Mar. 28; A 70842; John C. Winston
267 2419 65 28 co.
398 2404 67 53 [©
495 2408 235 40 revisions
761 2409 93 39 and
884 2408 260 49 additions]
1216 2410 250 47 (34-6825)

188 2508 347 54 Tennessee.
611 2511 183 66 Laws,
824 2515 238 48 statutes
1097 2518 98 48 etc.

259 2585 332 54 Annotated
631 2588 133 51 code
804 2588 61 51 of
904 2590 325 65 Tennessee,
1271 2594 161 63 1934;
1476 2594 331 67 containing
1848 2596 76 52 all
1965 2601 114 48 acts
2121 2597 61 52 of

194 2682 27 33 a
257 2666 229 66 general
521 2666 110 51 and
665 2666 193 67 public
890 2671 200 48 nature
1123 2666 59 52 in
1214 2668 155 53 force
1404 2672 261 66 January
1699 2676 45 56 1,
1781 2676 150 64 1934,

190 2676 1967 134 including
329 2742 115 53 also
480 2744 94 51 the
611 2748 144 49 state
793 2744 110 52 and
941 2743 219 53 federal
1195 2748 397 54 constitutions
1631 2751 111 51 and
1780 2752 148 53 rules
1965 2753 61 51 of

189 2754 1968 198 Appellate courts, compiled and annotated by Samuel C. Williams … Volume II.
945 2899 415 69 Indianapolis,
1400 2904 119 53 The
1613 2907 386 54 Bobbs-Merrill
190 2929 1968 115 company
380 2979 190 63 [c1934]

298 3081 7 15 v,
336 3051 81 38 711
447 3060 41 37 p.
547 3050 115 39 26cm.

200 3102 1928 56 © Mar. 23, 1934; 2c. Mar. 27; aff. Apr. 6; A 71160; Bobbs-Merrill co.
191 3204 300 68 Tischner,
522 3207 216 53 Rudolf
768 3209 84 63 E.,
884 3206 169 54 1819-

262 3282 333 54 Geschichte
643 3285 98 52 der
787 3285 418 68 homöopathie,
1250 3303 111 34 von
1408 3287 220 52 Rudolf
1676 3289 289 52 Tischner.
2048 3293 46 48 2.
2143 3295 38 46 t.

191 3361 572 54 Hahnemann-leben
812 3364 117 51 und
979 3363 167 52 werk.
1231 3364 255 68 Leipzig,
1538 3366 214 66 Verlag
1801 3367 81 51 dr.
1916 3368 267 52 Willmar

195 3439 286 68 Schwabe,
511 3444 148 50 1934.

267 3514 82 41 xii,
378 3514 82 39 263
489 3524 40 36 p.
585 3514 162 46 front.,
776 3514 126 39 illus.
934 3514 14 47 (incl.
1093 3514 173 47 ports.)
1302 3515 170 46 plates.
1529 3515 145 41 25½cm.

272 3569 335 40 “Verzeichnis
638 3570 83 39 der
784 3570 463 47 veröffentlichungen
1278 3570 377 42 Hahnemanns”:
1714 3583 44 29 v.
1791 3573 38 39 2.
1862 3585 41 36 p.
1953 3571 231 49 [246]-263.

201 3623 1983 52 © Dec. 15, 1933; 1c. Mar. 30. 1934; A-Foreign 24237; Willmar Schwabe.
198 3727 206 65 Toller,
437 3729 202 63 Ernst,
674 3732 170 48 1893-

268 3804 31 51 I
331 3822 114 35 was
479 3823 29 33 a
544 3803 272 66 German;
852 3804 97 54 the
982 3802 452 68 autobiography
1467 3802 61 50 of
1560 3801 179 52 Ernst
1771 3801 204 51 Toller.
2047 3799 134 52 New

201 3880 175 68 York,
401 3881 88 54 W.
518 3881 248 54 Morrow
793 3880 111 52 and
933 3899 289 49 company,
1252 3882 149 54 1934.
