2350 4196
1062 4062 125 49 1587

209 493 59 47 vi,
297 493 84 40 194
409 503 41 37 p.
512 494 55 39 19½
599 497 44 20 cm
649 526 7 8 .
728 494 124 47 (The
881 494 215 46 pastoral
1124 492 162 47 series,
1313 501 169 30 course
1508 491 52 46 2)

209 548 347 50 Bibliography;
616 562 41 36 p.
703 551 54 40 [19]

141 604 51 51 ©
223 608 117 47 Aug.
374 607 68 41 20,
474 608 112 40 1934;
645 612 66 35 2c.
743 610 94 38 and
869 608 81 39 aff.
983 608 117 46 Aug.
1133 607 52 39 27;
1249 607 39 38 A
1319 605 170 47 75078;
1526 606 287 39 Morehouse
1845 605 107 47 pub.
1984 616 67 28 со.

221 664 13 42 (34
300 663 200 50 -39547)

140 764 309 63 Chandler,
483 766 210 55 Albert
727 768 275 63 Richard,
1039 770 167 49 1884-

213 886 54 8 ...
320 844 223 66 Beauty
592 845 111 52 and
751 845 213 53 human
1009 848 229 60 nature;
1289 844 268 51 elements
1602 841 64 53 of
1715 841 422 67 psychological

139 919 293 69 æsthetics,
479 921 75 67 by
602 922 204 53 Albert
853 923 68 52 R.
971 922 290 54 Chandler
1312 964 55 8 ...
1467 920 136 53 New
1655 919 179 65 York,
1883 920 258 64 London,

137 1000 69 50 D.
244 999 581 68 Appleton-Century
860 1017 297 50 company,
1193 998 398 66 incorporated
1634 1031 13 31 [
1653 1004 15 20 c
1677 1001 133 48 1934]

210 1072 86 39 viii
340 1083 55 37 p..
439 1073 25 38 2
528 1105 22 10 l.,
592 1073 142 40 3-381
780 1084 41 36 p.
884 1074 126 38 illus.
1042 1071 199 48 (music)
1295 1071 176 48 diagrs.
1535 1070 145 40 23½cm.
1754 1069 125 47 (The
1924 1069 214 48 Century

141 1129 290 47 psychology
457 1130 163 44 series,
649 1130 55 39 R.
733 1131 62 38 M.
825 1129 184 47 Elliott,
1038 1128 181 47 editor)

209 1186 346 39 “References'’
587 1190 50 36 at
667 1188 90 38 end
788 1186 50 40 of
867 1186 117 40 each
1013 1186 213 46 chapter.

141 1239 51 51 ©
269 1254 69 28 Nov.
372 1243 67 41 10.
472 1243 139 41 1934;
646 1242 64 40 2c.
745 1244 117 39 Nov.
896 1241 80 42 19;
1012 1241 80 41 aff.
1126 1241 118 43 Nov.
1276 1241 81 42 20;
1393 1241 40 38 A
1462 1239 170 42 77286;
1719 1274 6 6 D.
209 1239 1911 107 Appleton-Century
354 1311 81 29 со.,
472 1301 89 38 inc.
633 1299 279 48 (34-39731)

138 1400 234 67 Collins,
405 1402 315 54 Frederick
754 1402 206 65 Lewis,
994 1406 171 50 1882-

208 1478 408 55 Consolidated
658 1498 101 50 gas
803 1497 281 51 company
1125 1479 63 53 of
1231 1479 139 52 New
1415 1478 191 67 York;
1653 1497 31 33 a
1731 1478 221 68 history
136 1476 1979 134 published
345 1557 76 69 by
450 1558 96 51 the

574 1576 281 51 company
884 1558 60 52 in
974 1558 98 52 the
1098 1556 218 54 fiftieth
1344 1576 135 49 year
1509 1556 63 54 of
1602 1556 74 54 its
1707 1556 279 53 existence
2016 1574 59 35 as
2106 1574 32 35 a

136 1636 364 67 corporation
529 1636 113 52 and
669 1637 98 52 the
793 1654 102 35 one
922 1636 260 52 hundred
1213 1635 113 53 and
1351 1636 164 51 tenth
1543 1653 136 51 year
1709 1633 64 54 of
1802 1633 336 54 continuous

136 1713 211 53 service
370 1719 58 47 to
452 1714 95 52 the
574 1714 200 67 people
799 1713 64 53 of
885 1715 97 51 the
1006 1713 116 69 city
1145 1712 65 54 of
1236 1713 138 52 New
1400 1712 181 68 York,
1607 1712 230 52 written
1862 1712 75 69 by
137 1710 1977 133 Frederick
312 1791 64 53 L.
405 1789 236 55 Collins.
703 1791 140 53 New
870 1790 180 69 York,
1078 1793 150 51 1934.

210 1863 27 39 2
269 1874 43 37 p.
369 1895 21 15 l.,
423 1863 187 46 ix-xiii,
645 1863 98 48 383,
783 1863 84 51 [33]
901 1874 42 38 p.
1006 1864 165 47 front.,
1205 1862 128 41 illus.
1363 1863 132 48 (incl.
1532 1873 123 37 map,
1690 1862 241 48 facsims.)
1976 1865 163 44 ports.,

139 1920 178 47 diagrs.
376 1920 58 40 26
437 1923 43 20 cm
487 1953 8 8 .

212 1976 145 42 “New
395 1977 130 40 York
562 1978 49 38 in
650 1978 80 39 the
768 1978 136 47 early
944 1977 393 48 eighties—from
1378 1988 63 29 an
1481 1977 78 40 old
1597 1976 161 48 print”
1799 1977 50 39 in
1887 1977 154 39 colors
2081 1987 60 28 on

139 2032 359 49 lining-papers.

211 2090 99 41 The
343 2093 134 45 story
510 2092 51 38 of
592 2092 82 41 the
705 2090 107 41 first
844 2101 143 37 years
1016 2091 53 40 of
1100 2092 79 39 the
1213 2092 240 46 industry,
1487 2102 56 29 as
1576 2091 100 40 told
1711 2092 49 38 in
1795 2091 99 40 this
1926 2091 136 46 book,
2099 2090 42 41 is

141 2145 184 48 largely
365 2148 150 39 based
557 2159 59 28 on
659 2149 81 39 the
781 2148 302 47 manuscript
1125 2148 51 40 of
1216 2148 90 40 Mr.
1351 2148 128 40 John
1521 2147 59 40 H.
1624 2147 54 41 G.
1723 2148 214 42 Pierson,
1982 2149 159 39 which

142 2203 41 39 is
209 2214 111 29 now
350 2204 48 39 in
432 2205 81 39 the
545 2205 222 40 archives
800 2206 52 39 of
883 2207 80 38 the
997 2204 343 41 Consolidated
1374 2216 86 37 gas
1490 2215 246 37 company,
1828 2207 32 45 cf.
140 2205 1983 102 Acknowledgment.

143 2315 51 51 ©
222 2320 117 39 Nov.
368 2320 68 39 15.
465 2318 114 41 1934;
639 2320 64 40 2c.
734 2322 97 38 and
856 2321 82 39 aff.
967 2322 117 38 Nov.
1114 2321 55 39 16;
1227 2321 46 38 A
1299 2321 140 39 78130;
1501 2321 344 40 Consolidated
1876 2333 84 36 gas
1991 2332 66 29 со.
2088 2322 52 40 of

209 2377 116 38 New
352 2377 145 39 York.
569 2376 279 48 (34-39678)

139 2478 195 66 Craig,
369 2480 245 55 Charles
646 2480 302 66 Franklin,
984 2483 171 52 1872-

207 2555 322 55 Amebiasis
570 2558 112 52 and
725 2557 214 53 amebic
982 2558 322 69 dysentery,
1344 2560 76 68 by
1462 2558 236 54 Charles
1741 2560 65 51 F.
1855 2558 178 70 Craig
2080 2601 56 10 ...

140 2632 372 71 Springfield,
541 2634 114 68 Ill.,
685 2635 334 68 Baltimore,
1050 2636 139 67 Md.,
1221 2636 62 55 С.
1317 2636 62 55 C.
1411 2637 248 54 Thomas
1696 2670 14 34 [
1714 2642 18 22 c
1737 2639 152 65 1934]

212 2706 97 44 viii,
337 2707 85 40 315
450 2717 57 38 p.,
536 2709 25 37 1
612 2739 7 7 l.
681 2707 141 44 illus.,
852 2708 152 48 diagr.
1065 2707 55 41 25½
1154 2711 43 20 cm
1201 2742 7 7 .

213 2763 348 41 “References”
591 2767 52 37 at
670 2767 91 37 end
790 2765 52 39 of
868 2766 117 38 each
1014 2766 211 46 chapter.

144 2817 51 51 ©
228 2822 100 41 Oct.
357 2822 68 42 30,
455 2822 114 40 1934;
628 2824 64 38 2c.
724 2824 118 40 Nov.
874 2823 53 39 12;
987 2824 80 39 aff.
1099 2825 115 39 Nov.
1246 2825 25 39 8;
1330 2826 41 38 A
1397 2825 144 40 77206;
1601 2826 202 40 Charles
1836 2826 48 40 C.
1915 2827 225 41 Thomas.

222 2879 280 48 (34-39690)

143 2965 225 67 Dandy,
401 2967 225 56 Walter
659 2970 274 63 Edward,
968 2972 171 50 1886-

209 3043 245 69 Benign,
484 3045 402 66 encapsulated
918 3050 218 48 tumors
1165 3046 59 52 in
1256 3048 95 51 the
1382 3049 204 50 lateral
1618 3048 300 53 ventricles
1951 3047 63 53 of
2046 3048 95 52 the

139 3119 194 69 brain;
364 3121 292 69 diagnosis
687 3122 113 52 and
828 3127 324 64 treatment,
1180 3124 75 68 by
1280 3124 224 53 Walter
1533 3125 67 52 E.
1631 3125 213 69 Dandy
1879 3169 54 9 ...
139 3125 1977 141 Baltimore,

386 3199 120 52 The
533 3198 289 54 Williams
849 3202 46 49 &
920 3200 252 54 Wilkins
1200 3219 297 52 company,
1531 3205 150 50 1934.

212 3271 99 47 viii,
340 3271 85 41 189
450 3281 43 38 p.
560 3272 141 40 illus..
730 3272 117 40 fold,
878 3273 167 44 tables,
1077 3273 178 48 diagrs.
1315 3273 147 42 23½cm.

212 3327 348 48 Bibliography;
618 3338 41 38 p.
689 3328 216 41 187-189.

144 3382 51 51 ©
228 3386 100 41 Oct.
360 3387 68 41 31,
461 3387 139 40 1934;
635 3386 66 40 2c.
735 3388 94 38 and
861 3387 80 38 aff.
974 3388 114 39 Nov.
1122 3389 53 36 15;
1238 3390 39 38 A
1311 3389 168 47 77230;
1514 3391 216 39 William
1763 3392 35 39 &
1832 3392 209 40 Wilkins
2073 3405 68 28 со.

222 3443 280 49 (34-39691)

147 3533 272 66 Davison,
453 3535 197 53 Frank
680 3534 210 64 Dalby.

211 3612 121 52 Red
376 3610 203 67 heifer,
621 3634 29 33 a
695 3616 157 62 story
894 3611 63 53 of
999 3631 129 34 men
1171 3615 111 53 and
1327 3615 170 53 cattle
1548 3615 109 67 [by]
1708 3616 196 52 Frank
1949 3618 191 68 Dalby

146 3689 278 67 Davison;
475 3687 387 54 introduction
914 3689 75 67 by
1036 3690 228 54 Kermit
1315 3693 329 66 Roosevelt;
1697 3694 325 54 illustrated
2072 3696 74 66 by

144 3767 192 52 Frank
367 3768 269 52 Wallace.
713 3768 137 52 New
885 3768 181 63 York,
1102 3768 552 69 Coward-McCann,
1690 3774 150 51 1934.

206 3840 86 40 214
321 3852 43 37 p.
394 3840 110 41 incl.
533 3840 163 47 front.,
727 3839 172 49 plates.
960 3840 56 39 21
1020 3841 45 23 cm
1069 3871 10 9 .

146 3892 1994 53 © Nov. 15, 1934; 2c. and aff. Nov. 30; A 77364; Coward-McCann, inc.
215 3954 281 49 [Copyright
524 3954 40 39 is
595 3953 204 40 claimed
828 3964 59 29 on
917 3953 344 49 introduction]
1336 3955 279 48 (34-39746)
