2350 4196
1069 3996 102 54 407

156 361 304 65 Hubbard,
492 365 138 50 Mrs.
664 363 305 63 Margaret
1002 362 283 65 (Carson)

286 436 1692 71 … No one to blame.; an African adventure. New York,
155 438 1976 144 Minton,
296 516 181 51 Balch
504 515 44 49 &
576 533 278 51 company
888 549 11 33 [
905 521 18 22 c
929 518 135 50 1934
1067 548 12 34 ]

223 588 26 38 7
275 598 43 37 p.
384 621 7 15 l.,
419 587 146 41 3-276
591 598 43 37 p.
697 590 163 46 front.,
889 589 169 47 plates.
1119 587 55 40 22
1178 590 44 22 cm
1226 620 9 8 .

224 642 304 49 Descriptive
556 646 284 46 letterpress
869 656 58 28 on
957 655 166 30 versos
1152 645 166 47 facing
1344 646 81 40 the
1456 645 312 49 frontispiece
1800 647 94 40 and
1926 645 171 48 plates.

224 699 181 41 Music:
433 711 43 37 p.
504 700 69 41 45.

158 754 53 52 ©
258 760 119 39 Mar.
425 760 68 45 23,
543 758 139 49 1934;
732 760 64 40 2c.
846 762 93 37 and
989 759 80 41 aff.
1119 760 112 47 Apr.
1279 761 52 47 7;
1380 761 40 38 A
1468 761 171 47 71182;
1691 763 62 39 M.
1802 762 48 40 C.
1899 762 251 42 Hubbard,

224 816 296 47 Petersham,
552 818 144 38 Mass.
769 817 250 48 (34-7573)

153 906 286 65 Hurston,
468 908 148 52 Zora
647 907 200 56 Neale.

220 981 236 54 Jonah’s
485 984 184 67 gourd
696 984 128 51 vine
860 983 107 68 [by]
1003 983 143 51 Zora
1174 982 174 53 Neale
1377 983 291 68 Hurston;
1702 984 139 52 with
1872 1002 72 35 an
150 985 1976 127 introduction
405 1061 74 67 by

504 1061 205 68 Fanny
732 1061 201 53 Hurst.
996 1061 426 68 Philadelphia,
1447 1061 259 68 London,
1732 1063 54 53 J.
1816 1064 66 51 B.
149 1062 1977 129 Lippincott

295 1156 297 51 company,
626 1141 149 50 1934.

218 1211 26 40 8
270 1221 57 38 p.,
357 1213 24 38 1
445 1244 8 15 l.,
482 1211 144 41 9-316
655 1222 42 37 p.
758 1212 54 40 19
817 1215 42 20 cm
865 1245 7 7 .

153 1266 51 51 ©
236 1272 120 39 Mar.
385 1271 69 46 29,
484 1270 140 42 1934;
657 1272 65 38 2c.
754 1272 94 38 and
879 1270 81 41 aff.
990 1271 111 47 Apr.
1133 1270 50 41 6;
1217 1271 41 37 A
1286 1269 170 43 70925;
1491 1271 43 38 Z.
1568 1272 55 39 N.
1654 1272 235 47 Hurston,
1920 1273 225 45 Daytona

219 1328 174 47 Beach,
427 1328 101 39 Fla.
605 1327 250 48 (34-7611)

146 1406 347 50 Inter-state
526 1404 313 53 oratorical
871 1403 374 55 association.

211 1481 280 69 Winning
538 1482 252 52 orations
837 1482 62 52 of
945 1483 93 50 the
1085 1483 307 51 Interstate
1440 1482 306 53 oratorical
1791 1482 355 57 association,

145 1563 148 48 1934.
368 1559 319 69 [Compiled
718 1561 73 66 by
823 1562 310 50 Interstate
1166 1561 304 51 oratorical
1505 1560 356 67 association]
142 1562 2002 145 North-field,

328 1641 201 65 Minn.,
565 1641 310 50 Interstate
911 1638 304 53 oratorical
1254 1638 337 53 association
1635 1672 12 33 [
1652 1645 18 20 c
1675 1642 151 63 1934]

217 1715 54 38 54
299 1725 41 36 p.
399 1714 54 39 23½
488 1715 42 21 cm
537 1746 7 7 .

218 1771 231 38 Previous
477 1769 207 40 editions
712 1769 233 47 compiled
974 1770 95 38 and
1095 1768 161 40 edited
1283 1769 60 47 by
1372 1768 47 41 C.
1449 1770 50 37 E.
1530 1769 223 39 Prather.

149 1824 51 51 ©
237 1828 112 47 Apr.
386 1828 66 39 11.
490 1827 139 45 1934;
669 1827 65 39 2c.
771 1828 94 37 and
903 1826 80 40 aff.
1020 1826 113 47 Apr.
1170 1827 79 40 14;
1288 1826 42 38 A
1366 1825 169 41 71263;
1577 1826 268 39 Interstate
1881 1825 260 41 oratorical

219 1895 127 29 assn.
421 1883 250 48 (34-7432)

144 1959 196 63 Jacks,
370 1961 315 52 Lawrence
715 1958 280 61 Pearsall,
1028 1960 172 51 1860-

214 2036 321 52 Elemental
575 2035 271 68 religion;
888 2035 96 52 the
1022 2035 221 68 Lyman
1285 2035 248 52 Beecher
1574 2035 240 53 lectures
1856 2034 95 54 for
1992 2037 152 66 1933,

144 2113 1998 68 with three sermons on the main topic, by L. P. Jacks … New
144 2192 161 52 York
333 2194 110 51 and
473 2192 257 67 London,
757 2191 233 68 Harper
1017 2193 45 50 &
1087 2190 277 68 brothers,
1395 2193 149 52 1934.

211 2264 561 49 5 p. l., 143 p. 19½ cm .
213 2322 162 40 “First
403 2321 227 41 edition.”

145 2377 51 51 ©
227 2382 118 38 Mar.
376 2381 38 45 9,
444 2380 139 41 1934;
614 2380 66 39 2c.
710 2381 94 38 and
834 2379 79 40 aff.
945 2379 121 39 Mar.
1096 2379 79 40 12;
1208 2379 43 37 A
1276 2378 170 41 70619;
1479 2379 193 47 Harper
1702 2379 34 39 &
1766 2380 124 39 bros.

222 2438 250 48 (34-7583)

136 2513 197 65 Jacob,
364 2513 214 52 Naomi
611 2510 320 65 Ellington,
966 2514 170 51 1889-

212 2590 151 51 Four
396 2589 374 68 generations,
803 2588 72 67 by
908 2586 204 52 Naomi
1145 2586 192 54 Jacob.
1409 2586 257 68 London,
1699 2586 361 54 Hutchinson
2094 2589 45 51 &

141 2687 94 47 co.,
264 2668 102 54 ltd.
401 2669 173 67 [1934]

209 2737 620 50 3 p. l., 11-288 p. 19 cm .
144 2796 1648 52 © 1c. Apr. 4, 1934; A ad int. 18797; pubd. Feb. 16; Naomi
1823 2799 163 46 Jacob,
210 2799 1910 98 London.
391 2855 250 49 (34-8987)

140 2936 194 62 Jörns,
366 2932 173 56 Emil.

209 3006 579 71 Bassenhygienische
836 3005 146 67 fibel,
1029 3006 97 53 der
1175 3004 303 54 deutschen
1523 3004 215 69 jugend
1784 3005 214 54 zuliebe
137 3024 1975 130 geschrieben,
463 3104 109 34 von

139 3082 1973 151 Emil Jörns und dr. med. Julius Schwab … Berlin, A. Metzner, 1933.
207 3238 87 40 112
319 3249 43 37 p.
418 3237 142 46 illus.,
587 3245 123 38 map,
739 3234 179 48 diagrs.
972 3233 56 40 22
1031 3235 45 22 cm
1081 3267 7 7 .

140 3293 1993 54 © Oct. 13, 1933 : 1c. Dec. 14; A —-Foreign 22936; Alfred Metzner vertag.
220 3354 249 50 (34-7992)

137 3433 195 63 Jones,
364 3431 198 52 Rufus
593 3428 307 60 Matthew,
934 3429 170 50 1863-

205 3504 1861 68 The trail of life in the middle years, by Bufus M. Jones …
136 3587 137 52 New
300 3584 180 65 York,
506 3583 122 51 The
653 3581 333 52 Macmillan
1016 3598 296 50 company,
1343 3583 150 50 1934.

205 3653 536 53 3 p. l., 250 p. 20½c m.
205 3717 41 38 A
273 3712 335 43 continuation
638 3711 50 40 of
714 3712 81 38 the
825 3708 448 48 autobiographical
1303 3709 133 47 story
1467 3709 52 39 of
1546 3711 85 41 the
1655 3711 218 41 author’s
1904 3712 227 48 religious

136 3771 333 47 development
494 3769 156 46 begun
678 3768 49 38 in
755 3766 239 47 “Finding
1018 3766 80 40 the
1127 3765 116 40 trail
1269 3765 51 39 of
1348 3764 114 42 life”
1491 3767 96 39 and
1617 3768 189 40 carried
1835 3780 60 28 on
1924 3769 50 40 in
2003 3769 128 42 “The

136 3829 114 39 trail
284 3828 51 39 of
364 3826 86 40 life
483 3826 49 38 in
564 3823 218 47 college”.

139 3884 51 51 ©
220 3888 119 37 Mar.
368 3884 68 45 20,
465 3883 139 39 1934;
637 3882 63 38 2c.
732 3882 93 38 and
856 3879 80 41 aff.
967 3881 121 38 Mar.
1117 3879 81 47 21;
1230 3879 41 38 A
1298 3877 170 48 70746;
1502 3880 281 41 Macmillan
1812 3893 66 30 co.

216 3941 248 51 (34-7588).
