2350 4196
1116 4051 97 49 955

155 488 167 68 bany,
357 489 279 52 Matthew
673 489 224 53 Bender
933 493 45 49 &
1013 505 296 49 company,
1342 485 431 68 incorporated;
1813 486 340 67 Northport,

155 566 70 54 N.
257 568 89 59 Y.,
376 567 254 51 Edward
660 567 330 60 Thompson
1020 583 306 44 company;
1360 566 137 53 New
1530 564 179 63 York,
1737 564 206 63 Baker,
155 566 1974 134 Voorhis
271 650 45 49 &
344 664 96 47 co.,
469 648 150 50 1934.

230 721 56 39 17
346 751 7 8 v.
408 719 145 38 24½cm.

229 777 66 39 At
319 777 124 38 head
470 776 55 39 of
552 776 108 40 title
679 786 7 28 :
716 775 129 40 1934.

229 834 157 38 These
413 832 273 48 pamphlets
718 842 83 29 are
832 834 48 37 to
912 832 55 39 be
997 830 139 40 fitted
1168 831 100 38 into
1300 831 81 38 the
1413 829 197 48 pockets
1643 830 54 38 at
1727 830 81 39 the
1841 829 121 40 back
1991 830 55 40 of
2076 831 84 39 the

159 891 215 38 volumes
401 890 53 39 of
478 890 82 39 the
585 892 73 37 set
684 892 48 37 to
759 888 158 40 which
944 889 115 46 they
1084 888 182 46 belong.

163 943 50 51 ©
253 947 118 47 July
405 946 68 47 27,
513 945 140 47 1934;
693 946 66 39 2c.
800 947 116 39 each
954 945 117 47 July
1105 944 81 47 30;
1227 943 83 41 aff.
1348 944 120 47 Aug.
1507 945 81 46 11;
1630 944 41 38 A
1708 943 171 48 73892;
1920 945 238 38 Matthew

234 1004 189 39 Bender
452 1003 37 40 &
514 1014 81 36 co.,
625 1004 105 46 inc.,
759 1004 95 38 and
881 1003 176 47 Baker,
1085 1000 205 41 Voorhis
1320 1001 38 40 &
1384 1012 81 37 co.,
1494 1001 91 40 inc.

159 1109 279 62 Norman,
474 1107 222 56 Victor.

229 1180 1931 72 Prize baby, by Victor Norman … Boston, The Christopher
159 1261 335 68 publishing
522 1261 171 53 house
746 1264 174 64 [c1934]

231 1332 85 41 301
344 1343 43 38 p.
448 1335 144 38 19½cm.

165 1388 1994 52 © July 6, 1934; 2c. and aff. July 26; A 74319; Christopher pub. house.
242 1449 278 48 (34-21302)

160 1554 194 63 Owen,
387 1553 220 52 Edmée
638 1554 256 63 (Nodot)
932 1554 150 65 lady.

232 1629 272 69 Flaming
537 1647 123 49 sex;
699 1647 31 34 a
767 1629 145 52 book
946 1629 141 52 with
1121 1648 31 33 a
1186 1629 211 67 moral;
1437 1629 101 52 her
1571 1647 127 35 own
1734 1628 105 53 life
1875 1635 176 63 story,
2086 1630 73 68 by

163 1705 163 70 Lady
363 1707 212 52 Edmée
613 1706 192 55 Owen.
881 1708 257 66 London,
1174 1707 56 54 J.
1267 1707 183 68 Long,
1484 1706 243 69 limited,
1767 1710 149 50 1934.

234 1779 1346 48 2 p. l ., vii-xvi. 17-285 p. front., pl., ports. 23½cm.
168 1833 1910 53 © 1c. July 9, 1934; A ad int. 19140; pubd. May 11; E. Owen, London.
245 1895 278 47 (34-21633)

164 1984 276 66 Paludan,
476 1986 198 65 Jacob,
711 1989 171 50 1896-

170 2060 1933 147 … Under regnbuen; Jørgen Stein og hans kreds, II. [København]
480 2139 55 55 S.
567 2141 390 68 Hasselbalch,
988 2143 148 49 1933.

239 2211 87 41 398
349 2222 58 38 p.,
436 2212 25 39 1
512 2244 8 8 l.
581 2213 115 39 22cm.

240 2269 140 41 “6.-7.
413 2269 236 41 tusinde.”

244 2326 171 48 Sequel
445 2329 50 38 to
525 2328 191 39 Torden
745 2326 16 40 i
791 2328 102 46 syd.

169 2383 1978 109 © Sept. 6, 1933; 1c. June 25, 1984; A-Foreign 25015; J. Paludan, Birkerod,
366 2445 260 39 Denmark.
698 2444 279 48 (34-21871)

164 2535 182 65 Palyi,
379 2536 300 65 Melchior,
717 2538 171 50 1892-

237 2614 304 68 Monetary
564 2614 168 52 chaos
756 2614 114 52 and
891 2614 138 67 gold;
1084 2632 72 34 an
1178 2614 233 53 address
1433 2633 73 35 on
1528 2615 95 53 the
1647 2616 310 67 European
167 2634 1975 126 monetary
330 2692 257 68 problem
620 2690 196 54 before
851 2691 93 53 the
981 2691 253 70 Chicago
1269 2693 221 53 council
1524 2712 72 35 on
1632 2693 229 70 foreign
1894 2695 273 53 relations

165 2769 1975 148 [by] Melchior Palyi … Chicago, Ill., The University of Chicago press [1934]
243 2922 67 48 iii,
351 2921 57 40 26
444 2932 43 37 p.
548 2920 145 41 19½cm.
764 2920 191 49 (Public
994 2921 157 48 policy
1189 2923 263 48 pamphlet,
1488 2934 78 30 no.
1605 2924 69 48 11,
1715 2924 61 42 H.
1814 2926 58 40 D.
1913 2925 252 51 Gideonse,

172 2978 182 48 editor)

174 3032 1977 109 © May 15, 1934; 2c. July 16; aff. July 13; A 73455; University of Chicago, Chicago. (34-21669)
166 3184 202 64 Perry,
399 3184 308 63 Raymond
739 3184 240 55 Carver.

242 3261 52 52 A
338 3279 185 51 group
568 3260 189 53 factor
799 3261 250 68 analysis
1092 3262 64 52 of
1198 3263 94 52 the
1337 3263 352 69 adjustment
1731 3267 439 68 questionnaire,

174 3337 1994 79 by Raymond Carver Perry … Los Angeles, Calif., University
170 3418 63 51 of
264 3417 286 55 Southern
579 3416 326 55 California
933 3435 157 50 press
1140 3421 174 65 [c1934]

173 3490 1896 105 xi, 93 p. 23½cm. (Southern California education monographs … 1933-34 ser., no. 5)
248 3604 145 41 “This
428 3604 297 48 monograph
762 3603 42 40 is
840 3613 62 30 an
939 3603 331 49 abridgement
1307 3605 52 41 of
1394 3617 29 29 a
1460 3608 146 48 study
1643 3609 61 48 by
1743 3609 80 42 the
1861 3620 132 34 same
2031 3623 141 32 name

174 3661 262 41 submitted
482 3664 48 37 to
575 3661 81 39 the
704 3660 171 41 School
919 3661 51 40 of
1014 3661 271 49 education,
1332 3663 286 49 University
1661 3666 52 40 of
1760 3666 243 43 Southern
175 3670 1978 95 California,
390 3719 140 47 June,
571 3717 127 47 1933,
738 3717 50 39 in
825 3717 182 48 partial
1045 3717 281 42 fulfillment
1367 3719 51 41 of
1460 3721 83 41 the
1579 3721 353 49 requirements
1970 3725 81 41 for
2090 3728 83 39 the

175 3777 169 46 degree
373 3775 55 45 of.
449 3776 166 39 doctor
644 3774 51 40 of
723 3772 493 43 education.”—Pref.

244 3832 348 48 Bibliography
610 3841 9 29 :
650 3841 42 37 p.
725 3830 188 49 [83]-88.

178 3885 1995 54 © June 16, 1934; 2c. and aff. July 5; A 74092; University of Southern
246 3945 285 47 California,
557 3945 92 39 Los
673 3944 219 47 Angeles.
967 3943 278 51 (34-21473)
