2350 4196
1161 4005 100 48 914

321 436 157 39 “Four
503 437 222 41 hundred
751 440 94 37 and
871 438 221 48 fifty-one
1119 439 157 46 copies
1304 439 49 39 of
1380 440 99 38 this
1504 440 123 38 book
1653 441 122 38 have
1801 442 118 38 been
1946 441 191 48 printed
2166 443 60 47 by

249 493 213 47 Burnley
501 493 206 41 Weaver
747 498 51 36 at
838 495 81 39 the
961 494 213 41 Gollifox
1214 504 135 38 press
1391 497 49 36 in
1479 495 248 49 Biltmore,
1767 498 85 40 No.
1895 498 239 48 Carolina,
2176 501 48 38 of

248 549 157 41 which
430 550 113 40 four
568 551 220 40 hundred
817 562 81 28 are
924 552 76 39 for
1028 551 142 40 sale.”
1226 551 115 40 This
1368 563 116 36 copy
1512 555 80 37 not
1620 552 272 42 numbered.

319 608 157 40 Poem.

249 677 50 53 ©
323 684 112 37 May
458 682 38 47 6,
520 682 139 47 1934;
685 683 66 39 2c.
776 684 94 38 and
894 682 79 40 aff.
1000 684 115 46 July
1139 683 77 40 18;
1245 682 41 38 A
1309 681 167 42 73514:
1506 682 171 40 Edwin
1702 682 280 47 Bjorkman.
319 681 1892 109 Weaverville,

473 740 54 39 N.
557 739 48 40 C.
679 739 277 47 (34-20548)

243 841 188 64 Brett,
462 841 258 55 Maurice
751 844 200 61 Vyner
980 840 200 66 Balioi,
1213 861 82 33 ed.

313 919 175 52 From
517 920 95 52 the
646 920 180 52 Esher
858 937 233 51 papers;
1130 939 28 32 a
1192 919 166 52 series
1393 919 61 54 of
1490 920 220 53 articles
1744 921 170 52 based
1946 940 154 50 upon
2132 924 97 52 the

242 995 125 54 first
405 999 219 50 volume
667 999 62 51 of
767 997 154 54 Lord
964 996 223 55 Esher's
1227 1000 192 50 letters
1462 998 110 52 and
1613 998 272 67 journals,
1926 1000 186 54 edited
2153 1002 74 66 by

243 1075 93 55 the
368 1078 149 50 Hon.
547 1075 256 56 Maurice
834 1077 70 51 V.
939 1079 178 50 Brett.
1196 1079 112 48 1-8.

325 1150 85 47 (In
433 1145 201 43 London
660 1145 178 50 Times,
866 1145 127 43 June
1020 1146 163 48 25-29,
1211 1144 116 51 July
1356 1144 102 51 2-4,
1487 1145 144 49 1934)

248 1213 1979 60 © 1c. each Aug. 21. 1934; A ad int. 19294; pubd. June 25, 26, 27, 28, 29,
432 1271 1686 54 July 2. 3. 4; M. V. B. Brett. Chilston, Winkfield, Berks, England.
242 1378 295 63 Brooklyn
579 1378 277 53 institute
896 1379 62 52 of
998 1382 128 49 arts
1167 1379 111 51 and
1320 1377 276 53 sciences.
1670 1379 261 51 Museum.

313 1457 293 66 Brooklyn
637 1474 252 35 museum
923 1456 187 53 school
1142 1454 224 54 service.
1434 1456 247 51 Herbert
1716 1456 53 54 J.
1808 1455 272 67 Spinden,

241 1449 1960 142 editor
368 1535 111 51 and
515 1534 340 68 supervisor.
926 1534 202 53 Visual
1162 1532 343 54 instruction
1538 1533 60 50 in
1632 1534 212 51 human
1880 1534 345 67 geography.

239 1614 56 52 A
320 1612 220 67 project
566 1611 311 68 supported
904 1612 71 65 by
1005 1631 28 32 a
1063 1616 170 62 grant
1258 1610 152 52 from
1436 1611 95 52 the
1560 1610 277 69 Carnegie
1866 1612 361 67 corporation

241 1685 1959 155 of New York … [New York city, N. Y., Printed by The National process co., c 1934]
312 1838 1013 51 4 v. 111 mounted plates. 56 × 35½ cm .
314 1899 398 46 CONTENTS.—[V.
742 1896 40 49 1]
811 1898 214 39 Amazon
1052 1896 242 48 unit.—[V.
1324 1894 42 51 2]
1397 1896 162 40 Arctic
1590 1896 244 49 unit.—[V.
1866 1895 41 50 3]
1938 1895 289 50 Polynesian

243 1955 244 48 unit.—[V.
516 1952 40 50 4]
588 1951 401 43 Roman-Britain
1018 1953 119 40 unit.

246 2007 50 53 ©
328 2013 114 46 July
471 2012 37 45 6,
540 2011 113 40 1934
671 2022 8 35 ;
712 2012 64 38 2c.
808 2012 117 38 each
956 2010 92 40 and
1080 2010 105 39 affs.
1216 2010 114 47 July
1362 2010 80 45 12;
1477 2011 38 37 A
1547 2009 343 48 75009-75012;
1926 2011 219 40 Museum
2175 2012 52 38 of

317 2070 80 39 the
422 2067 246 48 Brooklyn
694 2068 224 39 institute
945 2066 50 41 of
1021 2070 102 36 arts
1152 2066 93 40 and
1271 2067 222 46 sciences,
1524 2067 257 48 Brooklyn.

239 2168 231 66 Center,
503 2169 182 55 Stella
715 2171 272 61 Stewart,
1021 2169 169 51 1878-

309 2248 289 52 Elements
635 2247 61 53 of
736 2247 246 67 English
1019 2246 389 68 composition.
1483 2248 70 50 2d
1592 2264 150 49 year.
1817 2249 90 65 By
1948 2248 176 56 Stella
2167 2250 56 53 S.

241 2321 1976 72 Center … and Ethel E. Holmes … Boston, New York [etc.]
240 2403 177 67 Allyn
446 2403 111 51 and
587 2406 189 51 Bacon
812 2436 11 32 [
829 2408 17 20 c
852 2405 149 62 1934]

311 2477 63 48 ix,
402 2477 96 45 283,
527 2476 66 45 89,
622 2475 25 40 6
673 2487 40 36 p.
772 2475 85 41 col.
883 2475 162 46 front.,
1073 2475 125 39 illus.
1257 2475 53 39 19
1312 2478 45 21 cm

245 2528 1897 59 © July 28, 1934; 2c. Aug. 18; aff. Aug. 16; A 74585; Allyn & Bacon.
236 2633 345 66 Chiboucas,
613 2633 365 56 Emmanuel.

377 2700 1785 80 … From the womb of night, by Emmanuel Chiboucas …
243 2785 419 71 Philadelphia,
694 2788 284 52 Dorrance
1013 2789 45 49 &
1089 2805 95 48 co.,
1216 2786 105 51 inc.
1361 2822 12 31 [
1380 2794 16 20 c
1402 2789 149 63 1934]

311 2860 55 40 78
392 2870 42 38 p.
490 2860 55 39 20
548 2862 44 20 cm
597 2893 7 6 .
671 2860 402 48 (Contemporary
1101 2862 131 44 poets
1263 2859 50 39 of
1343 2858 259 40 Dorrance.
1632 2858 109 46 121)

242 2916 50 51 ©
320 2921 124 39 June
467 2920 69 47 25,
562 2919 138 46 1934;
728 2920 66 38 2c.
822 2920 114 46 July
960 2919 53 39 20
1032 2929 8 36 ;
1070 2918 80 39 aff.
1177 2919 113 46 July
1315 2917 81 42 19;
1425 2919 41 38 A
1493 2918 166 46 74277;
1690 2918 245 39 Dorrance
1963 2916 35 39 &
2024 2926 79 36 co.,
2130 2915 91 38 inc.

317 2977 280 47 (34-20551)

234 3077 226 65 Cleary,
491 3078 251 55 Vincent
773 3079 261 54 Francis.

372 3144 1845 81 … British imperial preference in relation to Australia, by
239 3221 1979 81 Rev. Vincent F. Cleary … Washington, D. C., The Catholic
238 3306 313 69 university
583 3309 62 55 of
674 3309 281 66 America,
989 3311 147 50 1934.

305 3378 100 49 viii,
434 3379 55 40 90
517 3391 42 37 p.
615 3380 54 40 23
674 3383 43 20 cm
723 3412 8 8 .

304 3438 62 38 At
394 3438 123 38 head
544 3438 50 38 of
621 3438 134 39 title:
785 3438 100 38 The
913 3436 217 43 Catholic
1159 3438 268 49 university
1455 3439 51 39 of
1533 3437 235 41 America.

303 3492 170 41 Thesis
519 3494 105 47 (PH.
690 3493 324 48 D.)—Catholic
1052 3495 268 48 university
1356 3497 50 38 of
1441 3495 236 47 America,
1712 3494 127 40 1934.

304 3550 347 49 Bibliography
670 3561 8 28 :
710 3561 42 37 p.
783 3550 155 42 82-90.

235 3605 51 52 ©
317 3611 124 39 June
469 3611 36 38 6.
536 3610 139 40 1934;
706 3611 64 39 2c.
801 3611 95 39 and
924 3609 79 41 aff.
1035 3611 125 39 June
1186 3612 54 38 27
1259 3622 7 34 ;
1300 3611 38 38 A
1368 3611 169 45 74009;
1571 3609 218 43 Catholic
1818 3609 128 40 univ.
1979 3609 49 40 of
304 3604 1895 107 America.
462 3666 278 49 (34-20597)

226 3764 289 69 Coolidge,
551 3769 179 64 Dane,
770 3768 169 54 1873-

298 3842 185 55 Silver
522 3847 138 65 Hat,
699 3846 74 66 by
813 3849 159 50 Dane
1017 3848 289 66 Coolidge.
1383 3847 136 52 New
1560 3846 178 59 York,
1779 3847 65 50 E.
1885 3847 64 50 P.
1990 3845 223 52 Dutton

223 3925 46 50 &
297 3939 97 49 co.,
425 3923 123 65 inc.,
581 3925 146 50 1934.
