2350 4196
1093 4011 101 48 499

225 436 25 39 2
281 447 41 28 v.
381 435 127 42 illus.
538 437 130 47 (incl.
701 436 172 49 ports.)
913 436 156 48 plates
1099 434 133 48 (part
1262 435 111 48 col.)
1414 445 150 38 maps,
1597 433 178 49 diagrs.
1835 433 54 39 25½
1923 435 44 21 cm
1972 465 8 6 .

158 483 1989 60 © Dec. 15, 1933; 1c. each Apr. 5, 1934; A-Foreign 24372; Espasa-Calpe,
229 561 33 28 s.
293 560 42 29 a.

151 649 416 69 Engelbrecht,
597 652 285 55 Helmuth
913 651 187 65 Carol,
1133 654 170 49 1895-

222 729 327 55 Merchants
581 730 64 52 of
674 732 197 67 death;
907 749 30 33 a
967 729 171 68 study
1172 728 63 52 of
1263 728 96 54 the
1390 728 409 53 international
1831 733 316 48 armament

156 800 1964 139 industry, by H. C. Engelbrecht … and F. C. Hanighen; foreword
343 881 1802 74 by Harry Elmer Barnes … New York, Dodd, Mead &
153 979 296 53 company,
477 969 150 49 1934.

227 1019 1209 68 ix p., 1 l., 308 p. plates, ports., diagr. 21 cm .
227 1091 287 44 Illustrated
544 1094 362 49 lining-papers.

226 1148 374 51 Bibliography:
637 1163 43 37 p.
709 1151 216 42 285-296.

157 1204 51 51 ©
236 1209 114 48 Apr.
380 1207 68 50 25,
479 1209 139 47 1934;
649 1209 65 41 2c.
745 1210 111 47 Apr.
887 1209 81 43 26;
1001 1208 81 41 aff.
1113 1208 111 48 Apr.
1255 1207 81 43 28;
1369 1208 40 38 A
1439 1207 169 45 71437;
1642 1208 151 45 Dodd,
1827 1207 141 40 Mead
1999 1207 36 40 &
2063 1217 82 35 co.,

223 1266 89 39 inc.
388 1265 278 49 (34-10359)

150 1367 239 66 Fauley,
420 1369 224 55 Wilbur
671 1368 224 68 Finley,
928 1370 165 53 1872-

149 1440 1977 156 Misalliance, by Wilbur Fawley … New York, The Macaulay company [ c 1934]
218 1598 87 42 308
334 1610 46 38 p.
439 1599 58 41 19½
528 1601 46 23 cm
576 1632 9 8 .

157 1648 1715 62 © Apr. 25, 1934; 2c. and aff. Apr. 28; A 72258; Macaulay co.
234 1713 279 51 (34-10328)

151 1772 288 70 Fletcher,
468 1776 296 55 Jefferson
794 1777 224 65 Butler,
1052 1780 168 49 1865-

220 1852 326 55 Literature
587 1853 64 53 of
691 1854 96 54 the
827 1853 219 54 Italian
1086 1852 371 69 renaissance,
1499 1852 75 70 by
1616 1851 284 56 Jefferson
1947 1852 201 53 Butler

153 1930 279 55 Fletcher.
499 1932 139 53 New
670 1931 179 69 York,
881 1933 120 51 The
1029 1929 337 55 Macmillan
1396 1948 298 52 company,
1729 1932 150 51 1934.

222 2004 26 40 6
273 2015 45 37 p.
383 2039 8 15 l.,
418 2006 86 40 347
530 2015 43 37 p.
633 2004 55 39 22
693 2006 44 22 crn
741 2037 8 8 .

157 2059 50 52 ©
236 2064 113 48 Apr.
376 2063 69 42 24.
474 2063 139 42 1934;
643 2064 66 39 2c.
739 2062 94 41 and
863 2062 78 42 aff.
972 2063 114 48 Apr.
1114 2063 80 42 25;
1226 2063 39 39 A
1294 2062 169 48 72186;
1496 2063 281 41 Macmillan
1807 2075 65 28 co.

233 2120 279 50 (34-10405)

150 2210 278 65 Fradkin,
456 2214 139 52 Mrs.
624 2210 202 55 Elvira
852 2209 223 54 Thekla
1105 2210 231 64 (Kush)

227 2284 1857 76 The air menace and the answer, by Elvira K. Fradkin …
152 2365 1441 70 introduction by James T. Shotwell … New
1627 2367 179 63 York,
1839 2367 121 53 The
150 2367 1971 132 Macmillan
382 2463 295 51 company,
712 2449 148 50 1934.

225 2517 136 49 xviii,
388 2518 83 41 331
499 2529 43 37 p.
601 2517 117 42 fold,
747 2528 124 38 map,
900 2515 152 50 diagr.
1111 2517 55 39 22½
1198 2519 44 22 cm
1247 2550 6 7 .

567 2576 69 47 CONTENTS.—pt.
697 2606 11 9 I.
748 2574 243 41 Chemical
1030 2573 360 50 warfare.—pt.
1428 2582 52 33 II.
1519 2574 379 50 Aviation.—pt.
1999 2604 11 10 III.
2048 2576 102 40 The

157 2630 141 42 effect
323 2632 53 40 of
398 2631 155 41 aerial
574 2631 232 42 chemical
831 2630 360 51 warfare.—pt.
1272 2663 13 9 IV.
1307 2632 102 41 The
1431 2643 190 29 answer
1645 2634 49 38 to
1719 2633 81 39 the
155 2631 1996 106 challenge.—Bibliography
541 2689 66 48 (p.
635 2687 228 50 321-327)

157 2741 54 52 ©
237 2747 113 47 Apr.
381 2747 68 47 17,
480 2746 140 42 1934;
652 2746 66 41 2c.
750 2747 96 39 and
875 2745 80 43 aff.
988 2746 110 50 Apr.
1132 2746 78 45 18;
1244 2747 41 39 A
1315 2747 170 43 72076;
1519 2746 283 42 Macmillan
1832 2758 65 30 co.

236 2803 279 48 (34-10358)

151 2891 324 67 Freivogel,
508 2894 238 55 Esther.

224 2969 124 55 Our
388 2972 197 68 happy
627 2973 180 53 world
870 2973 73 67 [by]
1008 2973 208 54 Esther
1258 2973 329 69 Freivogel;
1634 2973 152 54 units
1828 2973 63 52 of
1934 2971 211 69 guided

153 3049 328 67 experience
526 3048 93 54 for
659 3048 407 71 kindergarten
1112 3050 283 55 children:
1443 3053 97 52 the
1583 3052 200 53 child’s
1826 3051 181 64 home,
2051 3051 94 53 the

151 3120 1994 80 child’s helpers, the child’s larger world … Leader’s manual.
155 3202 80 56 St.
271 3205 190 68 Louis,
495 3207 134 66 Mo.,
665 3206 269 69 Chicago,
967 3207 113 67 Ill.,
1113 3209 141 52 Pub.
1291 3208 93 53 for
1415 3209 96 51 the
1544 3205 422 55 International
154 3225 1968 112 committee
388 3301 73 37 on
502 3284 356 66 cooperative
900 3284 350 67 publication
1296 3286 64 52 of
1401 3284 262 55 vacation
1704 3285 210 54 church
1956 3284 189 52 school

151 3356 1424 79 curriculum by Eden publishing house [ c 1934]
226 3433 84 39 142
343 3444 43 37 p.
448 3434 54 38 22
506 3435 14 21 cm
555 3466 7 6 .
635 3434 298 49 (Half-title:
965 3435 100 42 The
1100 3436 304 48 cooperative
1438 3436 150 40 series
1624 3436 51 41 of
1707 3433 226 42 vacation
1968 3435 180 39 church

153 3491 161 39 school
346 3491 154 47 texts)

225 3546 270 48 “Prepared
540 3547 128 42 from
717 3548 292 48 descriptive
1053 3550 209 40 outlines
1309 3550 222 48 selected,
1579 3549 244 49 approved
1871 3549 95 39 and
154 3556 1978 95 copyrighted
369 3603 50 41 in

444 3602 112 42 1932
583 3605 60 46 by
668 3604 82 40 the
776 3605 358 41 International
1160 3606 186 40 council
1374 3607 51 40 of
1451 3605 230 49 religious
1709 3604 258 42 education
152 3611 1980 96 representing
365 3660 82 41 the
470 3660 283 42 Protestant

779 3660 249 42 Christian
1053 3663 157 40 forces
1236 3663 51 40 of
1311 3664 83 40 the
1419 3662 178 41 United
1626 3663 162 41 States
1814 3664 94 38 and
1935 3660 213 47 Canada,

152 3716 95 40 and
274 3717 218 41 released
519 3719 47 38 to
595 3718 81 39 the
703 3718 300 42 constituent
1028 3719 433 42 denominations.”

224 3772 270 42 “Stories”;
527 3785 44 36 p.
603 3773 229 44 108-135;
870 3774 166 50 Songs,
1069 3777 119 39 with
1222 3776 182 42 music:
1438 3788 42 36 p.
1515 3776 157 47 14-17,
1707 3775 214 41 136-142.

224 3830 128 40 “The
380 3830 258 42 children’s
666 3831 213 49 library”:
939 3844 41 37 p.
1012 3832 157 41 19-21.

155 3882 51 51 ©
240 3887 114 48 Apr.
388 3886 39 47 6,
461 3887 140 46 1934;
637 3888 65 40 2c.
738 3888 113 48 Apr.
885 3890 81 45 18;
1005 3890 83 41 aff.
1123 3890 111 48 Apr.
1271 3890 81 46 13;
1390 3891 41 38 A
1465 3890 169 46 72080;
1673 3891 135 39 Eden
1842 3888 109 48 pub.
1986 3887 163 39 house.

232 3942 280 50 (34-10687)
