2350 4196
1062 3998 132 51 1629

203 431 746 53 4 p. l., 151 p. illus. 21½ cm .
139 489 50 51 ©
228 493 126 48 Sept.
387 492 67 43 17.
492 492 137 43 1934;
665 495 66 37 2c.
766 494 94 38 and
895 491 79 39 aff.
1013 490 125 48 Sept.
1172 489 54 39 20;
1291 489 39 38 A
1363 488 170 43 75449;
1571 487 158 42 Amer.
1764 484 240 43 technical
2040 494 92 32 soc.

215 548 280 48 (34-40409)

141 652 357 67 Pakenham,
527 653 120 58 Ivo.

209 725 424 73 Fanfaronade,
672 728 71 67 by
781 728 106 52 Ivo
924 723 344 57 Pakenham.
1343 721 255 70 London,
1636 721 147 54 Rich
1820 723 45 50 &
1904 720 228 70 Cowan,

145 808 145 49 1934.

207 873 85 44 318
322 886 40 37 p.
424 877 47 38 ill
481 886 69 30 us.
580 877 159 48 (map)
806 875 55 41 19
864 879 43 20 cm
913 909 8 6 .

139 932 51 51 ©
218 936 65 41 1c.
310 936 117 40 Nov.
453 937 40 39 3.
519 936 114 40 1934;
687 937 42 38 A
753 938 60 38 ad
840 935 86 42 int.
951 932 171 50 19551;
1151 933 138 48 pubd.
1321 932 126 49 Sept.
1477 933 52 46 G;
1562 933 84 39 Ivo
1674 932 184 41 Robert
1880 931 255 49 Raymond

206 992 163 49 Lygon
402 992 294 45 Pakenham.
728 992 211 41 London.
1010 990 279 51 (34-40523)

137 1094 215 67 Payne,
384 1095 150 54 Alex
564 1095 252 67 Wesley,
849 1100 170 50 1856-

205 1161 1931 87 What mean these stones? … The Third Baptist church,
139 1250 82 55 St.
257 1251 193 68 Louis,
483 1251 95 52 for
612 1249 386 71 eighty-three
1030 1268 179 50 years,
1242 1250 76 68 by
1352 1251 71 51 A.
1459 1252 90 52 W.
1585 1251 225 67 Payne;
1849 1246 286 57 foreword

140 1329 72 68 by
243 1330 206 53 Pastor
482 1330 61 54 C.
577 1329 179 56 Oscar
786 1330 277 68 Johnson,
1131 1372 8 8 D.
1210 1374 8 9 D.;
1283 1326 390 56 introduction
1707 1328 73 67 by
1815 1326 56 54 S.
1906 1329 65 53 E.
140 1329 1971 146 Ewing,
320 1452 8 8 D.
397 1450 10 9 D.
485 1406 81 55 St.
597 1407 193 69 Louis,
819 1407 120 54 The
969 1406 223 69 author,
1224 1410 148 51 1934.

212 1482 99 48 237,
342 1481 54 50 [3]
427 1492 40 37 p.
498 1481 108 41 incl.
635 1480 163 50 front.,
828 1481 141 47 illus.,
1000 1483 145 45 ports,
1206 1479 116 42 fold.
1353 1478 95 42 tab.
1510 1479 54 39 23½
1598 1481 45 21 cm
1648 1511 7 8 .

210 1538 149 41 Table
388 1539 228 41 mounted
647 1549 57 29 on
738 1538 120 41 back
888 1534 333 51 lining-paper.

141 1580 1994 67 © Oct. 23, 1934; 2c. and aff. Nov. 5; A 76910; A. W. Payne, St. Louis.
219 1650 280 53 (34-40310)

140 1755 247 66 Plomer,
417 1756 253 55 William
700 1755 246 56 Charles
975 1754 319 66 Franklyn,
1326 1759 166 50 1903-

213 1833 120 54 The
364 1831 284 70 invaders,
679 1832 73 66 by
786 1831 253 53 William
1077 1828 240 59 Plomer.
1385 1829 257 69 London,
1675 1830 55 53 J.
1768 1829 155 66 Cape
2015 1831 102 51 [1934]

210 1903 26 40 3
265 1915 43 37 p.
358 1936 22 11 l.,
412 1902 144 43 9-304
585 1915 41 36 p.
685 1903 57 40 20
744 1905 43 22 cm
796 1936 7 7 .

143 1949 1996 72 © 1c. Nov. 21, 1934; A ad int. 19642; pubd. Sept. 24; William Plomer,
209 2021 210 41 London.
493 2019 279 44 (34-40518)

142 2123 204 65 Quine,
376 2122 241 57 Willard
649 2123 128 54 Van
809 2123 238 58 Orman.

208 2190 1870 83 A system of logistic, by Willard Van Orman Quine …
140 2275 363 74 Cambridge,
532 2277 190 69 Mass.,
752 2276 275 56 Harvard
1057 2276 318 72 university
1406 2295 176 51 press,
1615 2278 150 53 1934.

209 2348 697 55 x p., 2 l., [3]-204 p. 24 cm .
212 2396 1930 69 “The system of logistic … presented … is in its broad outlines closely
142 2464 146 42 allied
327 2469 49 38 to
413 2465 110 41 that
561 2468 72 38 set
672 2463 132 42 forth
844 2465 60 47 by
943 2463 287 41 Whitehead
1270 2465 92 39 and
1406 2462 190 44 Russell
1640 2464 46 39 in
1730 2464 128 41 their
1899 2462 242 51 Principia

144 2517 636 48 mathematical.“—Introd.

144 2564 1997 68 © Nov. 19. 1934; 2c. Nov. 30; aff. Nov. 26; A 77383; President and
209 2637 190 41 fellows
430 2638 50 39 of
511 2637 227 40 Harvard
772 2637 190 47 college,
996 2635 300 51 Cambridge,
1332 2637 146 41 Mass.
1550 2635 281 51 (34-40485)

141 2737 203 57 Rhode
384 2739 199 54 Island
627 2740 113 51 and
780 2738 264 54 Atlantic
1084 2739 202 69 digest.
1366 2742 135 51 1934
1541 2741 348 55 cumulative
1929 2742 212 52 annual

211 2805 1927 89 pocket part … [for] v. 36. Table of cases digested … St.
209 2895 168 68 Paul,
402 2898 162 53 West
590 2894 337 71 publishing
953 2914 81 35 co.
1069 2931 12 32 [
1086 2903 17 20 c
1109 2899 135 50 1934
1247 2930 12 33 ]

212 2970 27 38 9
265 2980 41 37 p.
364 2969 55 40 25
423 2971 43 22 cm
473 3000 8 8 .

213 3024 117 42 This
361 3025 248 49 pamphlet
641 3025 46 38 is
714 3027 48 37 to
793 3025 55 40 he
879 3024 138 42 fitted
1050 3025 102 42 into
1183 3026 82 40 the
1296 3026 171 48 pocket
1499 3028 50 38 at
1582 3027 81 40 the
1695 3026 122 39 hack
1850 3027 51 39 of
1934 3028 80 38 the
142 3028 1982 94 volume
275 3083 54 39 of
355 3083 82 40 the
462 3085 77 37 set
563 3084 49 37 to
641 3080 157 41 which
826 3082 42 40 it
892 3081 207 50 belongs.

147 3125 1882 72 © Nov. 27. 1934; 2c. Dec. 27; aff. Dec. 24; A 78723; West pub, co.
140 3238 305 66 Roubaud,
477 3240 198 68 Louis,
711 3245 170 51 1884-

273 3309 1530 85 … La prison de velours. Paris, Gallimard [1934]
213 3389 25 40 3
268 3401 43 38 p.
377 3422 9 15 l.,
420 3389 177 51 [9]-254
626 3401 43 38 p.
730 3391 57 41 17½
819 3393 42 21 cm
867 3423 9 9 .

492 3446 165 43 CONTENTS.—Rue
689 3446 220 42 Bernard
940 3445 496 52 Palissy.—Courrier
1467 3450 64 39 du

145 3444 1999 103 Japon.—Han-Keou.—Fort-de-France.

148 3544 1995 71 © July 10, 1934; 1c. Oct. 27; A-Foreign 25948; Librairie Gallimard.
226 3615 281 50 (34-40325)

144 3718 291 68 Schenley
461 3720 219 65 import
709 3719 392 69 corporation,
1128 3723 139 53 New
1299 3723 178 53 York.

211 3798 96 53 An
339 3797 388 56 introduction
765 3805 56 46 to
860 3799 186 57 wines,
1078 3799 75 66 by
1186 3799 179 56 Oscar
1397 3800 55 55 J.
1487 3799 168 69 Wile,
1688 3795 455 73 vice-president,

140 3864 1926 90 Schenley import corporation. [New York] Schenley [ c 1934]
