2350 4196
1121 3995 98 53 847

181 365 119 51 The
341 363 396 64 Fortnightly,
813 383 88 33 no.
939 367 116 64 812,
1091 383 119 33 new
1246 362 186 68 series,
1468 365 245 65 August,
1752 366 149 50 1934.

187 449 1987 51 © 1c. Aug-. 6, 1984; A ad int. 19249; pubd. Aug. 1; Fortnightly review,
252 511 99 46 ltd.,
378 510 210 39 London.

178 611 306 65 Freeman,
517 612 197 52 Frank
747 612 255 63 Samuel,
1036 615 169 49 1898-

250 689 334 53 Individual
623 687 357 68 differences;
1019 689 94 52 the
1148 691 202 49 nature
1385 688 110 52 and
1535 706 190 34 causes
1764 687 63 52 of
1865 687 312 52 variations

183 764 1932 71 in intelligence and special abilities, by Frank S. Freeman …
181 843 135 53 New
349 844 178 68 York,
557 844 77 53 H.
665 844 146 53 Holt
841 845 111 52 and
984 860 280 51 company
1299 876 12 34 [
1317 849 18 21 c
1340 845 132 50 1934]

254 932 62 43 xi,
345 931 84 41 355
458 941 41 37 p.
561 931 177 48 diagrs.
800 930 55 41 20
859 933 42 21 cm
907 963 8 8 .

252 986 431 49 “Supplementary
713 986 364 49 bibliography”
1097 998 8 28 :
1140 996 39 38 p.
1211 984 217 43 339-347.

185 1056 1991 51 © June 20, 1934; 2c. June 28; aff. June 29; A 74024; Henry Holt & co.,
251 1117 87 39 inc.
414 1117 279 48 (34-19151)

178 1217 394 67 Galsworthy,
607 1220 172 64 John,
817 1219 324 56 1867-1933.

184 1295 1961 147 … The Forsyte saga … with introduction by Percy Hutchison. New York, Chicago [etc.] C. Scribner’s sons [ c 1934 ]
252 1459 1227 48 3 v. in l. 19 cm . (Modern standard authors)
254 1518 370 42 Contents.—I.
652 1519 99 38 The
777 1529 111 28 man
916 1518 49 39 of
995 1520 356 45 property.—II.
1381 1518 173 40 Indian
1584 1529 210 30 summer
1821 1520 50 38 of
1900 1531 22 28 a
1958 1521 215 47 Forsyte.

187 1577 53 37 In
269 1576 390 45 chancery.—III.
688 1574 312 48 Awakening.
1058 1576 69 39 To
1158 1576 79 40 let.

183 1647 50 51 ©
265 1652 113 46 May
406 1650 68 46 25,
506 1650 139 41 1934;
678 1651 66 38 2c.
776 1650 128 38 June
932 1648 51 44 8;
1017 1646 80 41 aff.
1127 1649 125 39 June
1282 1648 82 47 29;
1398 1649 40 38 A
1469 1649 170 46 74095;
1675 1649 201 41 Charles
1912 1649 265 42 Scribner’s

249 1719 125 29 sons.
438 1707 282 49 [Copyright
749 1707 40 39 is
821 1706 202 40 claimed
1055 1717 59 28 on
1146 1705 344 50 introduction]
1563 1706 279 50 (34-18689)

176 1811 274 60 Gartner,
484 1812 143 51 Karl
655 1811 191 63 Knox,
880 1813 168 50 1886-

245 1889 387 54 Government
662 1887 281 69 planning
974 1887 92 53 for
1097 1886 296 54 interstate
1421 1885 474 70 transportation,
1923 1889 74 67 by
2028 1889 147 52 Karl

175 1964 2002 71 Knox Gartner … Washington, D. C. [Federalsburg, Md.,
174 2046 120 51 The
322 2046 56 53 J.
406 2045 88 54 W.
528 2043 233 55 Stowell
792 2042 261 70 printing
1083 2058 295 53 company]
1418 2046 149 50 1934.

245 2119 58 40 45
338 2130 43 38 p.
440 2118 57 41 23
500 2120 45 22 cm
549 2151 8 9 .

183 2187 50 51 ©
272 2192 112 46 May
421 2191 68 46 24,
527 2191 140 45 1934;
706 2190 66 40 2c.
811 2190 125 39 June
972 2189 52 46 2;
1065 2189 79 39 aff.
1184 2189 126 40 June
1347 2189 81 46 23;
1469 2190 40 38 A
1547 2190 170 47 73200';
1758 2191 57 38 K.
1853 2191 57 40 K.
1951 2191 224 49 Gartner,

249 2248 334 47 Washington.
658 2246 279 48 (34-18966)

175 2352 257 64 Gauche,
460 2352 254 54 William
743 2351 175 57 John.

315 2426 1860 70 … Didymus the Blind, an educator of the fourth century,
183 2504 1964 147 by Rev. William J. Gauche … Washington, D. C., The Catholic university of America, 1934.
254 2654 83 42 138
373 2666 42 37 p.
479 2655 144 41 22½cm.

254 2715 60 39 At
347 2715 123 38 head
502 2713 51 39 of
586 2713 133 41 title:
752 2713 100 40 The
884 2712 220 41 Catholic
1135 2712 269 49 university
1437 2714 51 39 of
1516 2714 237 42 America.

251 2772 170 38 Thesis
468 2771 104 46 (PH.
643 2769 327 47 D.)—Catholic
1004 2769 268 48 university
1309 2770 52 40 of
1397 2771 236 49 America,
1669 2771 126 41 1934.

252 2828 374 47 Bibliography:
661 2838 42 37 p.
737 2826 216 41 127-134.

183 2899 50 52 ©
264 2904 125 39 June
416 2903 39 45 6,
485 2902 139 41 1934;
656 2902 64 38 2c,
752 2902 93 38 and
873 2900 81 41 aff.
985 2901 125 38 June
1139 2901 54 39 28
1211 2911 8 31 ;
1251 2901 40 38 A
1320 2900 170 43 73263;
1524 2901 221 41 Catholic
1775 2902 129 42 univ.
1933 2904 53 39 of
249 2904 1909 96 America.

411 2959 279 48 (34-19173)

176 3061 200 66 Gibbs,
408 3063 231 53 Arthur
669 3060 323 66 Hamilton,
1024 3064 169 50 1888-

256 3140 200 52 Rivers
502 3139 153 67 glide
703 3156 89 48 on,
841 3137 69 67 by
963 3139 64 50 A.
1079 3137 295 53 Hamilton
1426 3137 191 54 Gibbs.
1703 3139 231 66 Boston,
1984 3141 190 56 Little,

192 3220 218 60 Brown,
445 3217 107 54 and
589 3233 297 52 company,
921 3216 150 53 1934.

253 3287 667 51 3 p. l. , 3-343, [1] p. 20 cm.
185 3362 50 51 ©
262 3366 115 42 July
402 3365 67 42 12,
495 3364 140 41 1934;
663 3364 65 38 2c.
756 3364 94 38 and
879 3361 78 40 aff.
987 3361 114 48 July
1128 3362 79 40 13;
1237 3362 39 38 A
1302 3362 170 47 73397;
1500 3363 53 40 A.
1581 3364 60 39 H.
1671 3363 159 48 Gibbs,
1860 3365 313 49 Middleboro,

254 3424 145 37 Mass.
474 3420 277 48 (34-19178)

177 3526 149 62 Gist,
357 3526 231 53 Arthur
618 3523 263 64 Stanley,
912 3525 171 51 1883-

255 3598 1858 67 The administration of supervision, by Arthur S. Gist …
189 3675 1581 71 New York, Chicago [etc.] C. Scribner’s sons [ c 1934]
257 3752 66 39 xii
350 3763 57 37 p.,
435 3754 23 38 1
525 3783 7 15 l.,
557 3751 86 39 402
672 3761 42 37 p.
741 3750 107 41 incl.
876 3748 167 48 diagr.,
1072 3749 167 41 forms.
1295 3748 58 40 19½
1382 3750 46 23 cm
1433 3783 8 7 .

257 3810 244 40 “Selected
537 3806 300 41 references”
871 3808 52 38 at
956 3806 91 39 end
1081 3805 53 40 of
1166 3806 118 40 each
1317 3806 214 44 chapter.

186 3882 50 51 ©
264 3887 125 39 June
415 3885 68 44 20,
511 3884 139 44 1934;
680 3882 65 39 2c.
774 3881 125 39 June
923 3879 81 45 30;
1035 3877 80 41 aff.
1145 3879 125 39 June
1297 3879 81 46 29;
1409 3879 40 38 A
1477 3879 168 48 74049;
1678 3881 201 41 Charles
1911 3883 263 44 Scribner’s

254 3953 124 30 sons.
449 3940 251 49 (34-19171)
