2350 4196
1116 4007 129 48 1709

171 350 272 64 Richard,
476 352 223 53 Gaston
730 351 262 55 Charles.

246 429 78 50 La
360 427 311 53 chevalière
709 430 65 51 de
853 429 101 61 l'air,
993 447 67 47 par
1133 428 350 53 Gaston-Ch.
1523 428 267 52 Richard.
1873 428 175 53 Paris.
2091 431 73 49 La

170 505 374 54 Renaissance
573 508 31 50 du
679 507 157 65 livre,
867 509 147 49 1982.

0 0 0 0 1 v.
175 646 1993 51 © Oct. 15, 1932 ; 1c. Jan, 7, 1933: A-Foreign 19265; Renaissance du
243 707 133 39 livre.

176 808 339 67 Richmond,
549 813 98 49 Sir
681 812 255 52 Herbert
968 810 272 63 William,
1276 811 172 54 1871-

244 888 107 54 Sea
393 906 189 48 power
620 891 59 50 in
721 890 92 51 the
853 889 233 52 modern
1130 889 195 64 world,
1366 889 73 63 by
1478 888 264 52 Admiral
1786 889 95 53 Sir
1926 889 245 52 Herbert

175 965 1789 66 Richmond … New York, Reynal & Hitchcock [ c 1938]
242 1039 26 39 3
297 1050 41 37 p.
405 1070 8 14 l.,
445 1038 172 40 11-323
646 1050 43 37 p.
749 1038 54 39 21
808 1041 43 21 cm
857 1072 7 7 .

178 1106 51 51 ©
256 1111 114 38 Nov.
401 1112 36 40 7,
466 1110 111 38 1934
597 1121 7 31 ;
633 1112 65 36 2c.
726 1111 114 39 Nov.
870 1110 46 38 21
943 1121 6 34 ;
980 1109 51 39 aff.
1087 1109 115 39 Nov.
1231 1107 54 40 19
1304 1119 7 35 ;
1343 1108 41 39 A
1411 1107 141 41 78362
1573 1119 6 35 ;
1613 1109 186 47 Reynal
1828 1109 36 40 &
1889 1108 282 42 Hitchcock,

243 1167 87 40 inc.
405 1167 279 47 (34-41964)

179 1271 234 63 Robins,
444 1272 234 55 Denise.

247 1345 1925 70 Love’s victory, by Denise Robins … New York, G. H. Watt,
181 1428 148 50 1933.

245 1497 84 39 311
352 1507 42 36 p.
455 1495 55 40 19½
543 1498 42 21 cm
592 1528 7 8 .

245 1554 198 39 London
468 1554 182 39 edition
680 1552 155 48 (Mills
858 1553 36 40 &
917 1554 146 44 Boon,
1086 1551 213 46 limited)
1328 1553 87 38 has
1440 1553 107 39 title
1567 1563 6 27 :
1601 1554 102 38 And
1733 1556 61 36 all
1823 1556 214 38 because.

179 1610 51 51 ©
258 1615 106 38 Jan.
392 1615 38 37 6.
458 1614 139 38 1933:
626 1613 64 39 2c.
722 1614 107 38 Dec.
858 1612 67 46 21,
956 1612 137 45 1934;
1124 1611 78 40 aff.
1231 1613 110 38 Dec.
1371 1611 54 39 20
1443 1623 7 34 ;
1481 1612 40 39 A
1547 1612 169 39 77759:
1749 1612 184 48 George
1959 1614 215 39 Howard

247 1672 146 39 Watt.
467 1670 279 47 (34-42416)

251 1767 1921 69 Second best, by Denise Robins … New York, G. H. Watt
186 1853 192 64 [c1933]

246 1920 86 40 288
353 1932 42 36 p.
456 1919 55 40 19½
543 1923 43 20 cm
593 1952 8 8 .

181 1977 51 51 ©
275 1982 114 45 July
432 1981 67 40 10.
543 1981 139 39 1933:
727 1980 63 39 2c.
839 1981 106 38 Dec.
989 1979 67 46 21,
1101 1980 137 41 1934;
1285 1991 80 27 aff.
1411 1980 108 39 Dec.
1565 1981 81 40 20;
1693 1980 39 39 A
1778 1981 167 42 77761;
1993 1981 183 47 George

247 2039 213 38 Howard
492 2039 143 38 Watt,
710 2036 278 48 (34-42415)

177 2143 243 63 Roeder,
449 2144 173 62 Mary
650 2142 185 54 Stein.

245 2218 121 53 The
403 2224 157 61 story
599 2216 64 55 of
701 2217 366 68 present-day
1115 2216 371 53 Westchester
1524 2223 227 63 county,
1790 2217 73 70 by
1906 2219 168 68 Mary
2119 2217 55 55 S.

174 2294 1977 145 Roeder … White Plains, N. Y., Westchester county publications committee [ c 1934]
246 2444 884 51 2 p. l. , 60 p. illus., diagr. 25 cm .
251 2504 146 40 “This
420 2505 40 38 is
483 2505 80 39 the
588 2504 106 38 first
718 2503 51 38 of
792 2514 24 27 a
846 2502 148 40 series
1019 2502 51 38 of
1095 2503 272 46 pamphlets
1392 2503 227 42 designed
1647 2505 46 36 to
1721 2502 107 47 help
1856 2504 78 37 the
1961 2503 214 40 children

177 2562 53 38 of
257 2561 327 40 Westchester
612 2559 426 46 county.”—Pref..
1069 2569 42 36 p.
1156 2559 40 49 [2]
1226 2560 51 37 of
1304 2569 153 30 cover.

251 2618 344 47 Bibliography
624 2619 49 36 at
698 2617 89 39 end
815 2615 52 40 of
889 2616 115 40 each
1032 2618 198 44 chapter
1256 2617 170 45 except
1451 2618 80 38 the
1557 2618 110 38 last.

183 2673 51 51 ©
264 2680 108 36 Dec.
403 2677 38 42 6,
471 2676 137 38 1934:
640 2676 64 38 2c.
736 2677 93 37 and
859 2674 79 39 aff.
975 2676 105 37 Dec.
1110 2675 78 39 10:
1221 2675 38 38 A
1289 2675 168 40 77585;
1490 2677 59 37 M.
1584 2676 41 39 S.
1660 2677 197 39 Roeder.
1888 2677 115 38 New
2033 2676 142 39 York.

261 2735 278 45 (34-42114)

180 2836 467 63 Sale-Harrison,
681 2835 285 62 Leonard,
1003 2835 169 54 1875-

250 2914 119 50 The
409 2912 372 52 resurrection
823 2908 62 54 of
923 2911 96 51 the
1055 2911 94 51 old
1187 2910 221 52 Roman
1449 2911 231 66 empire,
1720 2912 93 50 the
1853 2912 225 66 League
2115 2910 63 51 of

182 2988 1936 68 nations and the future of Europe, by L. Sale-Harrison …
186 3066 1992 68 10th ed.—rev. and enl. … Harrisburg, Pa., L. Sale-Harrison:
182 3150 233 50 London
471 3152 119 60 [etc.]
626 3145 309 67 Pickering
963 3147 45 49 &
1037 3145 185 67 Inglis
1257 3178 13 33 [
1273 3151 19 21 c
1298 3147 151 64 1934]

249 3219 328 47 70 p. 18½ cm .
257 3277 261 39 Published
559 3273 275 48 previously
877 3274 152 38 under
1068 3273 131 39 title:
1243 3273 99 39 The
1384 3272 190 46 League
1616 3273 50 38 of
1707 3273 219 40 nations:
1972 3284 65 31 or.
2081 3273 97 38 The

185 3334 161 38 future
373 3334 51 37 of
453 3332 203 45 Europe.

185 3389 51 50 ©
270 3394 107 37 Dec.
412 3392 65 37 11.
513 3389 139 40 1934:
687 3391 63 37 2c.
785 3388 92 39 and
912 3388 78 39 aff.
1026 3389 107 38 Dec.
1171 3389 78 39 13:
1286 3388 39 38 A
1360 3388 167 40 78513;
1565 3388 46 38 L.
1650 3387 387 44 Sale-Harrison,
253 3389 1908 107 Chicago.

454 3445 278 46 (34-42369)

183 3551 155 63 Savi,
540 3549 172 51 Ethel
746 3547 286 54 Winifred
1071 3546 329 65 (Bryning)
1440 3552 167 48 1865-

261 3620 1918 72 Fate’s captive T e, by E. W. Savi … New York, G. H. Watt,
193 3709 145 47 1933.

253 3788 27 25 v
307 3787 57 36 p„
392 3775 20 38 1
480 3806 8 11 l..
515 3772 144 41 9-320
687 3783 41 36 p.
790 3771 54 39 19½
877 3773 42 21 cm
927 3804 6 6 .

254 3833 195 40 London
473 3831 183 39 edition
685 3829 175 46 (Hurst
889 3828 33 39 &
950 3827 236 41 Blackett,
1212 3827 111 41 ltd.)
1352 3828 88 38 has
1465 3828 133 39 title:
1625 3828 100 38 The
1750 3829 214 38 blunder.

187 3890 49 51 ©
274 3895 107 38 Jan.
419 3892 38 41 6,
495 3889 139 45 1933;
673 3889 66 38 2c.
776 3889 96 38 and
908 3887 79 39 aff.
1028 3888 110 38 Dec.
1175 3888 67 39 20.
1282 3885 139 40 1934:
1460 3886 40 38 A
1536 3886 169 42 77758;
1746 3887 183 47 George
1965 3889 212 39 Howard

255 3950 146 39 Watt.
475 3944 279 48 (34-42414)
