2350 4196
1122 4008 130 49 1079

161 356 188 67 Titus,
381 356 244 57 Charles
654 357 200 64 Buttz,
886 358 170 50 1863-

241 432 238 56 Christ’s
514 451 102 36 one
656 432 207 54 church
901 430 250 67 forever;
1191 450 30 33 a
1263 424 418 57 China-Africa
1719 424 230 55 mission
1988 429 170 64 story.

170 512 67 51 2d
270 511 81 53 ed.
417 511 90 66 By
538 509 232 57 Charles
799 509 173 53 Buttz
1002 508 180 52 Titus.
1248 504 323 69 [Cherokee,
1603 502 149 69 Old.,
1782 510 16 20 c
1805 505 133 50 1934
1944 538 12 32 ]

239 583 84 41 107
353 594 40 37 p.
451 582 54 40 19½
538 585 15 20 cm
588 614 6 8 .

170 641 50 51 ©
256 644 117 47 Aug.
410 644 38 41 2,
485 641 138 45 1934;
659 644 67 40 2c.
763 644 92 37 and
891 640 81 42 aff.
1008 639 116 49 Aug.
1162 639 50 39 6:
1251 638 38 39 A
1325 635 170 49 73723;
1577 669 6 7 C.
1621 638 53 38 B.
1711 635 154 45 Titus,
1904 635 258 51 Cherokee,

241 701 101 39 Old.
415 699 281 49 (34-24839)

164 771 276 58 Uniform
496 775 154 68 laws,
706 771 321 55 annotated,
1104 789 49 34 v.
1213 776 43 61 1,
1310 773 48 63 2,
1413 768 105 68 2A,
1573 773 116 49 3-8.
1769 766 393 71 Supplement,
235 856 148 49 1933.
461 851 276 55 Contains
786 849 318 55 additional
1156 848 301 68 adoptions
1507 847 110 53 and
1669 847 394 57 amendments,
2106 848 57 52 in

235 933 93 51 the
353 948 137 51 year
519 934 149 54 1933,
693 931 111 53 and
832 930 77 52 all
933 947 120 33 new
1080 927 275 55 decisions
1380 932 58 47 to
1463 928 152 52 June
1645 931 44 56 1,
1718 927 148 53 1933.
234 927 1905 150 [North-port,

422 1009 67 52 N.
532 1008 71 53 Y.]
669 1007 251 54 Edward
961 1005 326 68 Thompson
1327 1022 280 51 company
1653 1038 9 33 [
1671 1011 16 20 c
1693 1008 135 50 1934
1834 1037 11 33 ]

241 1084 28 37 9
297 1095 38 28 v.
399 1083 55 40 23
458 1085 43 20 cm
506 1114 7 6 .

243 1140 155 40 These
429 1140 272 47 pamphlets
733 1149 82 30 are
848 1146 46 31 to
926 1138 56 38 be
1011 1136 138 41 fitted
1179 1135 101 40 into
1314 1136 80 38 the
1425 1134 196 49 pockets
1655 1137 53 37 at
1738 1136 82 39 the
1852 1135 121 39 back
2004 1136 52 39 of
2086 1136 83 39 the

171 1197 214 41 volumes
413 1197 50 40 of
491 1197 81 39 the
598 1199 72 36 set
697 1199 47 36 to
773 1195 156 40 which
958 1196 112 44 they
1098 1193 180 47 belong.

174 1251 50 51 ©
261 1255 107 38 Feb.
405 1254 69 45 13,
510 1251 112 41 1934;
686 1252 65 40 2c.
787 1254 116 37 each
940 1252 94 39 and
1070 1250 105 40 affs.
1215 1248 127 50 Sept.
1380 1249 79 47 11;
1498 1250 41 38 A
1571 1247 347 50 75250-75258;
1959 1248 210 41 Edward

241 1311 274 47 Thompson
550 1320 66 29 co.

168 1387 71 54 U.
270 1386 57 54 S.
401 1385 184 59 Laws,
614 1390 256 60 statutes,
901 1389 101 49 etc.

240 1464 120 53 The
412 1461 221 54 federal
684 1460 256 57 Judicial
994 1461 134 54 code
1178 1461 112 52 and
1342 1460 94 53 the
1486 1457 316 72 judiciary;
1858 1460 170 69 being
2076 1461 93 52 the

170 1540 276 70 complete
481 1540 127 55 title
644 1540 403 69 twenty-eight
1080 1539 65 54 of
1176 1538 97 53 the
1307 1539 219 54 United
1566 1538 188 56 States
1793 1538 170 68 Code,
173 1556 1975 130 annotated,
386 1618 139 53 with
568 1619 76 54 all
685 1617 387 56 amendments
1112 1624 57 47 to
1209 1617 141 68 July
1393 1620 46 63 1,
1483 1620 150 65 1934,
1672 1618 73 66 by
1787 1619 193 54 James
2020 1618 151 53 Love

172 1685 1999 89 Hopkins … 4th ed., with forms of procedure, rev. by Byron
173 1764 1998 91 F. Babbitt … Cincinnati, The W. H. Anderson company
177 1888 12 34 [
195 1860 16 22 c
218 1858 150 63 1934]

245 1926 100 44 viii,
372 1926 85 39 712
487 1936 40 36 p.
588 1924 56 41 23½
676 1927 45 21 cm
727 1957 7 7 .

248 1980 224 43 Includes
505 1983 228 40 mounted
768 1981 118 48 slips
922 1981 115 40 with
1073 1981 79 41 the
1189 1982 184 40 revised
1410 1979 92 42 law
1539 1981 51 39 of
1623 1981 80 41 the
1740 1979 196 45 various
1970 1983 207 40 sections

177 2037 51 40 of
252 2040 79 39 the
359 2039 214 41 Judicial
599 2040 127 39 code,
756 2040 46 38 to
831 2037 113 47 July
972 2038 36 46 1,
1039 2036 126 43 1934.

182 2093 52 52 ©
266 2099 117 45 Aug.
476 2128 6 11 18,
515 2095 140 49 1934;
689 2095 65 41 2c.
789 2098 95 38 and
914 2095 81 43 aff.
1026 2096 120 47 Aug.
1176 2095 83 43 20;
1294 2097 40 38 A
1365 2095 170 44 73938;
1571 2097 69 40 W.
1677 2098 58 40 H.
1768 2096 252 44 Anderson
2053 2108 66 29 co.

260 2153 279 49 (34-25024)

174 2227 121 54 The
323 2228 220 54 United
573 2229 203 55 States
804 2232 225 63 patents
1058 2229 320 69 quarterly;
1410 2235 222 62 reports
1662 2230 63 53 of
1752 2247 151 38 cases
1932 2229 249 71 relating

245 2298 1911 163 to patents, trade marks and copyrights … v. 21 … Washington, D. C., The Bureau of national affairs, inc., c 1934.
255 2472 45 30 x,
329 2459 86 40 713
440 2471 39 35 p.
543 2458 47 39 ill
600 2470 68 27 us.
731 2458 53 40 23½
818 2461 43 19 cm
868 2491 7 6 .

253 2515 227 41 Lettered
509 2526 58 29 oil
596 2526 139 28 cover:
792 2513 310 50 April-June,
1131 2516 126 40 1934.

187 2569 51 51 ©
266 2573 128 47 Sept.
421 2573 67 41 10,
516 2570 140 43 1934;
683 2574 66 37 2c.
778 2573 96 38 and
901 2571 81 41 aff.
1012 2571 126 49 Sept.
1168 2574 79 46 13;
1276 2573 40 38 A
1344 2572 169 43 75263:
1545 2574 195 40 Bureau
1770 2576 50 37 of
1848 2576 118 40 natl.
1994 2574 187 41 affairs,

257 2630 88 39 inc.

180 2699 477 72 Wibmer-Pedit,
694 2704 224 65 Fanny,
959 2707 169 51 1890-

258 2781 134 53 Vier
425 2779 389 72 läuterbuben,
852 2800 105 34 von
992 2783 204 68 Fanny
1230 2782 469 59 Wibmer-Pedit.
1779 2784 295 71 Salzburg.
2114 2789 64 50 A.

187 2859 199 54 Pustet
422 2895 11 32 [
440 2866 16 21 c
463 2863 150 65 1933]

240 2922 1943 116 119 p. illus. 191 cm . (Added t.-p.: Bunte welt, eine jugendbücherei … bd. 3)
191 3032 1994 76 © Nov. 20. 1933: 1c. Mar. 30, 1934: A-Foreign 24223: Verlag Anton
261 3104 185 40 Pustet.
517 3102 281 50 (34-25697)

189 3178 232 66 Wilder,
456 3179 208 57 Isabel.

258 3242 1932 95 Heart, be still, by Isabel Wilder … New York, Coward,
190 3328 260 58 McCann
478 3332 104 52 inc.
617 3365 13 33 [
636 3337 17 22 c
659 3335 135 50 1934]

259 3401 99 47 300.
432 3425 9 28 [1]
467 3414 41 37 p.
572 3404 55 41 19½
660 3407 43 20 cm
710 3436 5 4 .

195 3456 51 53 ©
282 3463 119 47 Aug.
437 3462 67 42 23,
541 3461 140 49 1934;
716 3465 66 38 2c.
819 3464 116 48 Aug.
972 3465 81 47 27;
1091 3466 81 41 aff.
1206 3467 118 50 Aug.
1361 3468 82 41 24:
1481 3470 40 38 A
1558 3469 169 49 75052;
1767 3471 33 39 I.
1839 3469 198 49 Wilder,
2074 3472 116 40 New

264 3518 184 41 Haven.
525 3517 278 51 (34-24865)

189 3587 260 73 Willcox,
481 3593 235 55 Russell
746 3595 228 68 Stuart,
1008 3600 169 52 1898-

195 3658 1972 167 Cost accounting, by Russell S. Willcox … Chicago, Business publications company, 1934.
267 3818 61 49 vi,
357 3818 98 50 328,
489 3821 54 49 [1]
573 3833 42 37 p.
644 3822 108 41 incl.
784 3822 194 51 diagrs.,
1004 3824 167 43 forms.
1232 3827 54 42 23½
1320 3832 43 20 cm
1369 3862 6 7 .

201 3872 50 51 ©
282 3877 118 48 Aug.
431 3877 68 45 10,
531 3877 139 49 1934;
703 3880 65 40 2c·.
801 3881 117 48 Aug.
952 3883 80 40 18;
1066 3884 79 40 aff.
1178 3885 118 50 Aug.
1330 3889 52 38 17;
1446 3889 36 38 A
1517 3887 167 43 73927:
1720 3888 232 44 Business
269 3891 1905 84 publications
428 3945 67 30 co.
567 3935 280 53 (34-24813)
