2350 4196
1116 4009 98 54 587

176 354 265 64 Morgan,
472 353 260 55 Thomas
758 354 184 63 Hunt,
976 356 169 50 1866-

247 430 1926 71 Embryology and genetics, by Thomas Hunt Morgan … New
178 508 178 68 York,
386 507 299 56 Columbia
716 507 316 69 university
1062 526 174 50 press,
1268 511 149 51 1934.

253 581 1272 51 vii p., 2 l., [3]-258 p., 1 l. illus., diagrs. 22½c m .
254 639 346 40 “References”:
662 651 41 37 p.
736 640 249 49 [235]-254.

182 706 50 51 ©
260 711 114 45 May
400 708 38 48 9,
466 708 140 48 1934;
636 709 64 42 2c.
731 712 93 38 and
853 710 80 40 aff.
963 711 112 47 May
1101 710 80 46 11;
1212 710 40 38 A
1279 709 144 41 71580;
1481 709 252 42 Columbia
1762 710 129 40 univ.
1921 719 149 39 press.

258 766 279 49 (34-12530)

178 871 253 64 Mumey,
461 871 187 66 Nolie,
681 876 169 49 1891-

175 946 1978 150 William Beaumont (1785-1853) The centenary of the publication of his contributions to medicine, by Nolie Mumey …
178 1104 241 66 Denver,
446 1105 158 51 Priv.
635 1102 176 70 print.
863 1105 75 52 [H.
969 1105 246 68 Badger]
1254 1107 148 49 1933.

253 1177 1757 52 2 p. l., [ix]-xvi p., 1 l., 19-71 p., 1 l. front. (port.) illus. 23 cm .
252 1234 98 41 One
380 1235 221 40 hundred
632 1234 159 49 copies
822 1237 52 39 of
904 1236 98 40 this
1033 1235 182 41 edition
1249 1236 50 40 of
1330 1236 272 40 Beaumont
1635 1237 124 40 have
1791 1237 118 40 been
1940 1234 236 51 printed.”

180 1291 117 40 This
323 1301 117 38 copy
468 1292 166 48 signed
663 1294 85 39 but
775 1296 84 37 not
886 1293 276 40 numbered.

527 1350 131 47 CONTENTS.—pt.
707 1380 10 9 I.
745 1350 82 39 Dr.
855 1348 216 42 William
1100 1349 419 49 Beaumont.—pt.
1587 1379 12 10 II.
1626 1348 168 42 Alexis
1825 1350 67 40 St.
1921 1349 258 41 Martin.—

182 1407 65 47 pt.
276 1412 71 33 III.
376 1406 101 39 The
505 1406 135 39 book.
698 1406 316 48 Chronology.

183 1471 49 51 ©
264 1476 125 47 Sept.
418 1476 67 41 14,
514 1475 138 48 1933;
683 1476 65 40 2c.
778 1478 94 38 and
901 1476 79 40 aff.
1013 1476 127 48 Sept.
1167 1476 81 47 22;
1279 1477 40 38 A
1347 1475 170 48 66216;
1546 1477 55 40 N.
1631 1477 206 47 Mumey,
1867 1477 204 39 Denver.

257 1533 282 48 (34-12528)

174 1638 270 66 Munson,
473 1640 186 53 Helen
687 1641 87 55 W.

246 1716 120 51 The
402 1720 158 63 story
597 1715 63 53 of
695 1717 94 52 the
828 1717 272 51 National
1137 1718 195 67 league
1371 1716 62 52 of
1471 1717 242 68 nursing
1749 1716 317 68 education,
2103 1717 69 67 by

176 1792 2003 57 Helen W. Munson … with the collaboration of Katharine
176 1870 1976 149 Stevens … Philadelphia and London, W. B. Saunders company, 1934.
253 2023 53 40 80
334 2035 40 37 p.
433 2024 152 48 diagr.
644 2024 58 41 19½cm.

254 2080 282 48 “Approved
581 2082 60 47 by
686 2082 81 39 the
813 2081 286 41 Committee
1145 2093 59 29 on
1248 2081 340 48 publications,
1635 2080 231 43 National
1912 2083 169 46 league
2126 2082 53 41 of

179 2138 202 47 nursing
410 2136 301 43 education.”

252 2195 127 39 “The
411 2194 225 41 material
668 2194 42 41 is
740 2196 147 39 based
918 2206 60 28 on
1013 2198 185 45 reports
1229 2196 52 40 of
1313 2196 81 40 the
1426 2195 232 40 National
1690 2197 171 46 league
1892 2195 53 40 of
1976 2194 201 48 nursing

180 2251 256 41 education
475 2253 94 38 and
608 2263 60 30 on
706 2252 117 40 data
863 2251 254 49 published
1156 2254 515 46 contemporaneously
1711 2253 49 38 in
1800 2253 82 39 the
1920 2250 256 42 American

179 2308 194 46 journal
404 2309 51 39 of
484 2307 537 49 nursing.”—Authors’
1052 2308 255 41 foreword.

182 2375 49 51 ©
261 2380 113 46 Apr.
404 2379 68 47 20,
504 2379 138 41 1934;
675 2379 65 40 2c.
771 2380 112 47 Apr.
911 2380 82 45 24;
1024 2379 81 41 aff.
1136 2380 110 47 Apr.
1278 2380 82 45 25;
1392 2380 41 38 A
1462 2380 171 45 72145;
1666 2379 231 41 National
1927 2380 168 45 league
2125 2378 52 40 of

249 2437 203 48 nursing
480 2436 272 48 education,
782 2437 116 40 New
928 2437 142 41 York.
1141 2437 279 49 (34-12526)

175 2541 276 64 Murphy,
482 2544 173 52 Anna
685 2543 63 55 L.

247 2619 120 53 The
398 2619 310 69 happiness
740 2628 134 59 tree,
907 2620 74 67 by
1013 2620 170 52 Anna
1217 2620 64 52 L.
1313 2619 276 68 Murphy.
1666 2620 264 65 Tacoma,
1962 2617 215 66 Wash.,

177 2697 170 52 Allen
377 2697 265 67 printing
670 2714 280 51 company
985 2730 13 34 [c1
1059 2701 102 49 934
1164 2730 12 35 ]

245 2771 86 41 138
358 2782 42 37 p.
462 2769 55 41 20½c
566 2773 28 21 m
599 2802 7 5 .

182 2823 49 51 ©
262 2829 120 38 Mar.
411 2827 68 46 16,
510 2825 140 44 1934;
681 2827 67 40 2c.
778 2828 112 47 Apr.
919 2827 82 47 18;
1034 2827 81 41 aff.
1146 2829 111 46 May
1287 2829 81 44 14;
1402 2829 40 38 A
1468 2828 170 45 72383;
1670 2828 51 38 A.
1755 2828 47 38 L.
1836 2826 222 47 Murphy,
249 2825 1910 109 Tacoma,
423 2884 163 40 Wash.
653 2884 280 48 (34-12273)

174 2986 319 66 Nevinson,
526 2989 206 63 Henry
759 2990 238 64 Woodd,
1032 2992 169 50 1856-

246 3064 1931 72 In the dark backward, by Henry W. Nevinson … London,
176 3142 68 55 G.
273 3145 320 67 Routledge
618 3146 46 51 &
689 3162 147 49 sons,
862 3145 122 67 ltd.,
1014 3148 149 51 1934.

244 3217 63 47 xi,
335 3217 88 41 276
449 3228 44 38 p.
552 3216 55 40 22½
641 3218 44 23 cm
688 3249 8 7 .

247 3270 1926 54 “… visions of the past … running in order of date from Troy to the
176 3326 1995 54 great war … sugested by imagination or ancient records …”—Introd.,
172 3397 42 37 p.
244 3399 41 28 x.

179 3437 1992 56 © 1c. Apr. 28, 1934; A ad int. 18893; pubd. Mar. 1; Harcourt, Brace &
244 3511 53 30 co.,
354 3501 104 47 inc.,
486 3501 115 39 New
630 3499 143 41 York.
840 3500 279 48 (34-12983)

170 3602 304 67 Nijinsky,
505 3604 240 54 Romola
778 3604 99 64 (de
908 3604 284 64 Pulszky)

239 3675 1928 76 Nijinsky, by Bomola Nijinsky … foreword by Paul Claudel.
169 3761 137 51 New
337 3760 178 65 York,
549 3761 194 55 Simon
776 3760 112 51 and
921 3760 284 67 Schuster,
1240 3764 148 51 1934.

245 3831 1352 51 3 p. l., ix-xvii, 447 p. front., plates, ports. 24 cm .
177 3887 50 51 ©
254 3892 122 38 Mar.
404 3890 69 48 22,
502 3890 139 46 1984;
669 3890 67 41 2c.
765 3891 120 38 Mar.
912 3891 82 47 26;
1026 3890 81 41 aff.
1136 3892 120 38 Mar.
1284 3891 83 46 24;
1398 3890 40 38 A
1465 3889 170 46 71451;
1669 3887 162 41 Simon
1858 3887 35 39 &
1924 3885 238 41 Schuster,

242 3947 90 42 inc.
