2350 4196
1152 4009 129 51 1432

301 472 153 40 “Based
516 483 56 27 on
603 471 79 39 the
710 469 311 40 tabulations,
1051 468 136 38 made
1214 465 60 45 by
1303 466 79 39 the
1410 463 177 40 United
1619 462 161 39 States
1809 460 181 40 Census
2018 459 194 39 bureau,

230 518 1937 50 of data on families enumerated in the 1930 census in New York city …
235 585 280 39 Immediate
551 583 357 47 responsibility
945 583 75 39 for
1054 582 79 39 the
1169 577 290 47 assembling
1492 577 93 39 and
1623 577 337 45 arrangement
1997 573 50 40 of
2084 574 132 39 these

234 642 246 38 materials
511 641 85 37 has
630 641 152 37 rested
817 649 122 36 upon
971 638 111 39 Mrs.
1114 635 176 47 Sophia
1320 634 61 41 M.
1415 631 496 39 Robison.''—Introd.

236 690 1976 57 © Sept. 7. 1934: 3c. Sept. 10: aff. Sept. 12; A 74869: Welfare council
302 757 49 39 of
382 757 113 38 New
528 756 127 37 York
685 755 109 45 city.
828 755 115 37 New
974 753 141 38 York.
1187 748 277 49 (34-35828)

235 873 324 63 Wheatley,
591 871 239 54 Dennis.

301 951 118 51 The
448 949 263 52 fabulous
739 947 200 67 valley,
968 966 27 32 a
1025 945 178 66 novel,
1228 945 74 66 by
1329 942 217 54 Dennis
1571 942 314 64 Wheatley.
1960 941 255 51 London.

233 1025 362 54 Hutchinson
623 1030 42 49 &
695 1045 95 38 co.,
819 1026 101 51 ltd.
958 1028 169 63 [1934]

306 1098 85 41 286
421 1109 41 36 p.
552 1098 26 40 19
582 1101 42 20 cm
631 1131 7 5 .

307 1156 136 46 Maps
476 1166 57 28 on
565 1154 359 48 lining-papers.

306 1213 210 39 “Second
551 1210 327 48 impression.”

239 1261 1964 112 © 1c. Oct. 20. 1934: A ad int. 19455: pubd. Aug. 24: D. Wheatley, London. (34-36559)
235 1442 212 64 White,
477 1442 241 54 Francis
747 1442 62 54 T.

304 1517 227 68 County
576 1521 397 64 government;
1021 1536 29 32 a
1100 1515 140 51 view
1285 1513 166 68 point
1493 1511 152 54 from
1689 1511 95 53 the
1828 1512 203 52 second
2075 1515 147 48 most

239 1596 276 66 populous
558 1599 207 63 county
809 1594 56 51 in
909 1593 95 53 the
1048 1593 70 53 U.
1167 1591 55 55 S.
1266 1591 90 67 A.,
1399 1590 97 53 the
1540 1595 208 62 county
1792 1587 65 54 of
1897 1586 207 71 Kings,
2146 1586 77 71 by

237 1668 1434 68 Francis T. White … Brooklyn, N. Y. [ c 1934]
306 1745 281 45 cover-title,
617 1744 55 39 16
701 1755 40 36 p.
804 1743 54 39 20½
892 1745 41 21 cm
940 1776 7 7 .

240 1799 50 51 ©
320 1805 114 44 .July
462 1804 66 40 12,
561 1802 137 40 1934:
731 1803 62 38 2c.
826 1803 93 37 and
949 1801 81 40 aff.
1062 1801 113 45 July
1204 1800 80 40 23:
1320 1800 38 37 A
1389 1798 167 42 73593:
1592 1799 49 38 F.
1672 1799 50 37 T.
1756 1798 172 39 White.
1962 1797 257 47 Brooklyn.

317 1860 277 46 (34-35835)

238 1976 349 65 Yourcenar,
620 1975 383 65 Marguerite.

364 2050 1646 66 … Denier du reve, roman. Paris, B. Grasset [1934]
304 2125 777 49 4 p. l. . [11]-235 p., 1 l. 19 cm .
240 2180 1983 51 © Mar. 20. 1934: 1c. July 10: A-Foreign 25183: Editions Bernard
309 2241 213 39 Grasset.
594 2239 276 47 (34-34940)

237 2357 380 66 Zaidenberg,
646 2357 249 62 Arthur,
927 2357 143 53 Illus.

305 2437 119 51 The
467 2436 304 52 emotional
813 2433 110 54 self
971 2468 12 33 [
988 2434 91 68 by]
1127 2434 225 53 Arthur
1393 2432 369 70 Zaidenberg.
1843 2435 155 66 [New
2043 2433 179 67 York,

234 2513 59 54 C.
325 2514 268 66 Kendall,
623 2520 17 21 c
646 2516 150 63 1934]

310 2587 25 37 3
361 2595 40 36 p.
463 2618 8 9 l..
498 2585 170 39 13-105
695 2598 40 35 p.
763 2585 75 39 incl.
897 2585 141 44 illus.,
1063 2585 168 46 plates.
1292 2585 54 40 32
1350 2588 42 21 cm
1399 2618 8 7 .

313 2642 255 47 Drawings
602 2643 59 45 by
691 2643 185 38 Arthur
905 2642 295 47 Zaidenberg
1228 2642 119 40 with
1376 2642 195 47 preface
1602 2643 60 47 by
1694 2643 186 39 Sandor
1908 2642 204 39 Lorand.

316 2700 126 38 “The
473 2699 232 46 originals
737 2698 52 38 of
819 2700 134 38 these
985 2699 242 46 drawings
1260 2709 124 29 were
1413 2699 107 40 first
1549 2698 244 41 exhibited
1827 2701 50 37 at
1908 2701 80 37 the
2018 2698 204 41 Roerich

243 2763 229 33 museum.
499 2756 116 39 New
641 2754 384 40 York.”—Verso
1051 2754 50 39 of
1126 2754 57 40 2d
1210 2755 183 47 prelim,
1418 2756 114 39 leaf.

242 2809 49 50 ©
324 2813 100 39 Oct.
456 2813 37 41 5,
525 2813 138 39 1934:
699 2813 64 39 2c.
797 2812 98 39 Oct.
929 2812 50 40 8:
1016 2812 78 38 aff.
1130 2813 98 39 Oct.
1261 2812 52 40 9:
1348 2814 40 37 A
1419 2813 166 39 75688:
1624 2813 181 40 Claude
1834 2814 222 38 Kendall.

318 2869 277 46 (34-35687)

232 2983 242 67 Ziegler,
511 2985 204 53 Edwin
752 2987 257 64 Eugene,
1047 2990 170 49 1904-

310 3063 1851 70 The nutritional origin of cancer, by Edwin E. Ziegler …
243 3138 201 65 [Boise,
472 3141 106 66 Id.]
615 3142 120 50 The
762 3142 220 64 author,
1013 3146 148 49 1934.

311 3212 493 48 4 p. l. , 91 p. 23 cm .
315 3266 345 42 “References”
687 3272 50 36 at
765 3270 88 38 end
882 3270 51 38 of
957 3270 117 39 each
1100 3270 200 47 chapter
1323 3274 169 45 except
1519 3273 82 39 the
1623 3273 110 40 last.

244 3321 50 51 ©
322 3326 119 46 Aug.
469 3327 68 45 31,
567 3325 138 46 1934;
735 3326 64 40 2c.
831 3328 93 38 and
954 3327 80 39 aff.
1066 3328 123 46 Sept.
1219 3329 52 38 4:
1303 3329 40 38 A
1373 3330 139 39 75143
1532 3340 8 29 :
1572 3331 52 37 E.
1656 3330 51 40 E.
1739 3329 196 44 Ziegler.
1966 3328 155 41 Boise.
2155 3330 67 38 Id.

321 3381 277 45 (34-32891)

233 3483 314 65 Zimmerli,
577 3485 189 53 Franz
794 3485 261 57 Perrine.

367 3561 1850 73 … Permissible stress range for small helical springs [by]
238 3638 1228 71 F. P. Zimmerli … [Ann Arbor] 1934.
312 3711 25 39 3
369 3722 42 36 p.
478 3743 7 9 l..
520 3711 53 40 81
608 3723 40 37 p.
712 3713 22 38 1
769 3714 140 41 illus..
942 3714 177 48 diagrs.
1179 3714 55 40 23
1238 3718 42 20 cm
1286 3747 8 8 .
1365 3717 149 49 (Dept.
1563 3718 50 38 of
1645 3718 310 48 engineering
1986 3720 236 38 research.

244 3768 1806 53 University of Michigan … Engineering research bulletin no. 26)
311 3824 374 49 Bibliography:
715 3837 42 37 p.
793 3825 82 50 [23]

243 3877 51 54 ©
323 3884 114 45 July
493 3883 37 45 16,
588 3883 109 40 1934:
725 3883 65 40 2c.
818 3885 93 38 and
940 3884 79 39 aff.
1053 3884 123 48 Sept.
1204 3887 80 39 14:
1315 3888 39 39 A
1381 3886 167 42 74920:
1581 3889 280 41 University
1890 3889 49 40 of
1966 3888 256 48 Michigan.

314 3940 101 37 Ann
455 3941 164 42 Arbor.
692 3940 276 44 (34-32359)
