2350 4196
1183 4003 98 50 860

240 379 336 65 Chapelain,
607 381 201 54 Raoul.

372 456 1844 71 … L’île des démons. Paris, La Renaissance dn livre [1934]
315 528 1157 49 255 p. 19cm. ( On cover: Le disque rouge)
246 594 1979 54 © Jan. 10. 1934; 1c. Feb. 27: A- Foreign 23771; Renaissance du livre.
323 656 277 49 (34-19320)

240 770 150 67 Cole,
422 773 225 65 George
676 774 260 65 Douglas
967 776 271 62 Howard,
1273 778 167 49 1889-

313 852 188 52 Death
525 852 59 51 in
609 852 96 53 the
731 870 210 50 quarry
974 854 108 67 [by]
1115 853 67 54 G.
1210 854 71 51 D.
1309 853 74 51 H.
1410 855 46 50 &
1483 852 77 52 M.
1589 851 152 56 Cole.
1803 852 255 66 London,
2083 852 143 52 Pub.

244 927 1976 66 for the Crime club, ltd., by W. Collins sons & co., ltd. [1 934]
309 1000 84 41 252
431 1013 44 37 p.
535 1001 114 42 19cm.

315 1057 211 42 “Second
557 1059 299 49 impression,
887 1059 126 49 May,
1041 1060 156 40 1934.”

248 1127 1980 52 © 1c. June 20, 1934; A ad int. 19071; pubd. May 7; G. D. H. Cole and
314 1189 247 46 Margaret
593 1189 159 39 Isabel
785 1188 124 48 Cole,
942 1190 217 45 Hendon,
1192 1189 235 47 England.
1499 1188 277 50 (34-19661)

241 1305 227 65 Collier,
498 1306 173 55 John.

313 1382 157 68 Defy
505 1383 95 51 the
637 1382 124 53 foul
796 1382 149 53 fiend;
1016 1402 81 48 or,
1133 1383 118 52 The
1287 1384 448 52 misadventures
1772 1382 63 53 of
1872 1402 33 33 a
1939 1383 179 66 heart,
2154 1384 72 67 by

243 1460 1915 68 John Collier … London, Macmillan and co., limited, 1934.
312 1533 663 50 3 p. l., 365, [1] p. 19½cm.
249 1602 1978 52 © 1c. June 18, 1934; A ad int. 19054; pubd. June 1; Alfred A. Knopf,
315 1662 103 46 inc.,
450 1663 115 38 New
596 1662 142 40 York.
810 1662 278 48 (34-19664)

243 1781 404 64 Comanducci,
677 1781 69 55 A.
776 1782 77 53 M.

375 1855 1658 68 … I pittori italiani dell’ottocento, dizionario critico e
244 1858 1959 129 documentario.
605 1933 237 68 Milano,
876 1933 145 54 Casa
1055 1933 232 53 éditrice
1322 1934 188 52 artisti
1547 1933 250 67 d’Italia,
1832 1953 39 33 s.
1908 1953 67 48 a.,
2010 1936 148 49 1934.

314 2005 1503 48 8 p. l., 807 p., 11 1. illus., LXXX pl. (incl. ports.) 30cm.
249 2075 1982 51 © Mar. 20, 1934; 1c. June 9; A-Foreign 24835; Casa editrice artisti
320 2136 209 46 d’Italia,
557 2147 33 28 s.
621 2146 39 28 a.
736 2135 277 49 (34-19710)

243 2253 170 64 Cory,
443 2255 137 51 Mrs.
613 2252 291 55 Winifred
936 2253 319 65 (Graham)

376 2329 1847 69 … Tongues in trees. London, Hutchinson & co., ltd. [1934]
312 2402 87 42 376
432 2414 44 38 p.
535 2404 115 40 19cm.

318 2460 62 40 At
404 2461 125 40 head
555 2460 50 41 of
630 2460 109 41 title:
790 2460 74 48 By
892 2460 240 40 Winifred
1162 2459 225 42 Graham.

251 2515 1964 107 © 1c. June 14, 1934; A ad int. 19043; pubd. Apr. 16; W. G. Cory, Hampton-on-Thames, England. (34-19062)
246 2694 285 63 Dearden,
559 2696 137 51 Mrs.
727 2691 175 55 Hilda
928 2693 285 55 Danvers.

377 2769 1847 69 … Strange rendezvous. London, Grayson & Grayson [1934]
315 2841 1095 52 4 p. l., [7]-248, [1] p. illus. (plan) 19cm.
251 2898 1978 51 © 1c. June 19, 1934; A ad int. 19057; pubd. Apr. 23; H. D. Dearden,
321 2959 210 39 London.
605 2957 277 48 (34-19667)

245 3076 120 52 The
405 3077 143 52 desk
590 3075 292 56 Standard
922 3073 319 69 dictionary
1281 3075 63 53 of
1381 3076 97 52 the
1516 3076 245 67 English
1800 3077 298 66 language,

318 3073 1888 148 designed
565 3160 57 46 to
671 3153 128 68 give
846 3154 94 52 the
988 3153 406 67 orthography,
1444 3153 454 68 pronunciation,
1945 3151 283 68 meaning,

321 3233 112 51 and
474 3232 284 67 etymology
840 3229 63 53 of
942 3230 170 52 about
1153 3234 185 61 83,000
1379 3233 184 51 words
1607 3234 112 51 and
1759 3232 230 66 phrases
2030 3230 59 51 in
2133 3231 95 51 the

318 3311 197 64 speech
545 3310 110 51 and
683 3308 294 52 literature
1003 3307 63 53 of
1093 3309 94 51 the
1214 3308 548 68 English-speaking
1790 3309 253 67 peoples;
2077 3312 151 62 1,200

319 3386 262 67 pictorial
612 3386 404 67 illustrations;
1049 3385 273 69 abridged
1350 3386 151 54 from
1530 3388 95 51 the
1652 3387 170 52 Funk
1851 3389 50 49 &
2008 3387 218 66 Wagnalls

319 3483 121 34 new
470 3466 289 54 Standard
790 3463 320 54 dictionary
1134 3464 63 52 of
1219 3464 95 52 the
1343 3464 244 59 English
1614 3467 296 59 language,
1936 3464 35 51 by
2036 3465 191 53 James

322 3542 1906 68 C. Fernald … A new ed., augmented and carefulty rev. by
320 3620 1906 66 Frank H. Vizetelly … New York and London, Funk &
318 3696 298 68 Wagnalls
642 3715 293 50 company,
965 3700 146 51 1934.

318 3771 99 46 viii,
449 3771 82 40 894
560 3781 42 37 p.
660 3770 124 40 illus.
843 3771 115 39 23cm.

320 3827 70 40 On
417 3838 139 29 cover:
613 3827 139 40 Funk
777 3823 45 44 &
848 3827 248 48 Wagnalls
1125 3826 116 40 desk
1272 3826 243 41 Standard
1544 3826 285 47 dictionary.

253 3880 50 51 ©
334 3886 120 37 Mar.
482 3885 68 44 22,
608 3884 109 45 1934;
749 3884 65 40 2c.
844 3885 95 38 and
968 3883 79 40 aff.
1078 3884 113 46 July
1219 3883 24 39 9;
1302 3884 42 38 A
1371 3884 140 40 73333;
1572 3884 139 39 Funk
1740 3883 38 40 &
1803 3883 250 48 Wagnalls
2082 3891 66 32 co.

329 3940 277 51 (34-19312)
