2350 4196
1107 4007 131 53 1277

182 359 188 66 [Cory,
398 356 213 55 Vivian]

250 436 118 52 The
402 436 113 67 girl
550 436 60 52 in
641 437 95 52 the
771 436 207 67 studio,
1011 436 72 68 by
1120 435 258 54 Victoria
1415 434 169 54 Cross
1644 436 269 66 [pseud.]
1929 480 31 7 ...
2040 435 135 52 New

181 514 177 67 York,
383 515 122 51 The
530 514 304 68 Macaulay
860 531 280 51 company
1173 547 11 33 [c1
1246 516 102 49 934
1351 546 13 34 ]

249 586 616 50 3 p. l., 9-252 p. 19½ cm .
184 642 49 51 ©
267 646 99 40 Oct.
396 646 39 39 3.
466 645 113 39 1934;
638 645 67 40 2c.
737 647 95 38 and
863 645 79 39 aff.
977 645 101 41 Oct.
1109 644 24 39 6;
1194 645 41 38 A
1264 642 170 49 76379;
1469 644 176 39 Vivian
1677 645 125 46 Cory
1835 644 181 48 Griffin,
251 645 1908 103 Menton,
375 704 52 38 A.
457 703 74 45 M.,
562 703 199 39 France.
833 701 278 49 (34-32757)

176 808 364 63 Cummings,
570 808 182 54 Ruth.

248 882 155 70 Song
448 884 63 52 of
555 884 94 53 the
695 883 154 68 flesh,
895 886 73 64 by
1013 886 159 50 Ruth
1220 887 350 65 Cummings.
1647 885 138 52 New
1836 886 175 66 York,
2056 886 118 52 The

173 962 303 69 Macaulay
508 979 280 52 company
869 967 149 63 [c1934]

247 1036 618 49 4 p. l., 7-247 p. 19½ cm .
183 1090 53 52 ©
259 1094 99 41 Oct.
384 1096 38 45 1,
447 1093 114 40 1934;
616 1095 66 39 2c.
709 1096 94 37 and
830 1094 79 39 aff.
939 1094 100 41 Oct.
1066 1095 24 37 5;
1145 1095 39 37 A
1211 1093 143 40 76318;
1409 1094 261 46 Macaulay
1695 1105 67 29 со.
261 1150 279 49 (34-32568)

176 1242 221 65 Daniel,
431 1242 384 65 Hawthorne,
852 1246 169 51 1890-

248 1320 228 53 Broken
503 1320 204 68 dykes;
734 1342 34 35 a
790 1326 158 63 story
973 1320 65 54 of
1060 1320 94 54 the
1180 1321 149 67 siege
1357 1320 64 54 of
1446 1320 249 67 Leyden,
1721 1320 73 67 by
1824 1321 356 52 Hawthorne

179 1399 234 67 Daniel;
457 1399 326 53 illustrated
824 1400 75 65 by
941 1399 247 53 Thomas
1232 1399 89 52 W.
1364 1400 194 51 Voter.
1653 1399 136 53 New
1836 1400 178 66 York,
2059 1400 118 51 The

175 1477 334 52 Macmillan
539 1496 299 49 company,
867 1480 149 51 1934.

248 1534 1056 65 7 p. l., 185 p. incl. illus., plates. 22 ½cm .
247 1608 288 39 Illustrated
571 1606 363 50 lining-papers.

247 1665 118 40 This
393 1665 134 47 story
556 1664 51 40 of
637 1665 84 39 the
747 1665 128 48 siege
905 1665 51 39 of
984 1665 191 45 Leyden
1204 1665 41 39 is
1275 1665 146 39 based
1451 1676 58 28 on
1543 1664 128 40 “The
1701 1664 95 40 rise
1824 1664 51 40 of
1905 1665 83 40 the
2016 1665 161 41 Dutch

178 1721 256 49 republic”,
464 1722 59 47 by
551 1721 125 40 John
706 1721 214 48 Lothrop
947 1721 180 47 Motley.
1202 1721 61 47 cf.
1294 1719 127 42 Pref.

183 1777 49 51 ©
266 1780 126 47 Sept.
479 1810 8 16 18,
517 1778 112 40 1934;
687 1780 65 38 2c.
783 1780 94 38 and
906 1778 78 40 aff.
1019 1779 125 46 Sept.
1174 1777 53 39 19;
1286 1780 40 36 A
1354 1777 142 41 74992;
1557 1779 281 39 Macmillan
1867 1789 64 30 со.

260 1836 280 49 (34-32403)

175 1924 212 67 Diesel,
422 1927 226 64 Eugen,
687 1929 170 49 1889-

249 2003 1922 69 Vom v erhängnis der völker; das gegenteil einer utopie, von
181 2084 202 67 Eugen
416 2082 206 54 Diesel.
701 2082 293 68 Stuttgart
1028 2084 115 52 und
1178 2084 215 56 Berlin,
1430 2084 187 65 Cotta,
1655 2087 146 48 1934.

320 2156 398 47 xv, 269 p. 24 ½ cm .
185 2211 50 51 ©
266 2215 125 40 June
422 2215 66 46 12,
519 2213 140 46 1934;
694 2215 65 38 1c.
792 2214 115 47 July
938 2214 29 39 6;
1024 2215 39 36 A
1065 2213 267 46 -Foreign
1364 2213 170 47 25149;
1570 2214 40 39 J.
1648 2213 51 41 G.
1733 2213 274 40 Cotra'sche
250 2213 1912 104 buchhandlung
523 2271 297 45 nachfoiger.
893 2270 278 48 (34-32549)

173 2359 280 67 Dobbins,
488 2361 217 54 Gaines
740 2360 262 65 Stanley,
1040 2364 169 49 1886-

252 2438 318 69 Vitalizing
601 2441 94 50 the
726 2440 210 52 church
970 2457 296 50 program;
1302 2459 26 32 a
1365 2441 172 65 study
1567 2440 58 50 in
1656 2440 231 51 modern
1925 2440 247 65 pastoral

183 2517 293 67 efficiency,
522 2519 73 65 by
639 2518 210 54 Gaines
896 2518 54 55 S.
1003 2518 251 52 Dobbins
1304 2563 54 7 ...
1411 2520 110 50 and
1567 2519 151 53 John
1766 2519 61 51 L.
1874 2517 151 53 Riffe
2030 2537 35 46 y
2115 2562 54 8 ...

183 2594 1299 69 Nashville, Tenn., Broaclman press [ c 1933]
255 2668 84 41 159
364 2681 42 36 p.
468 2671 22 37 1
520 2670 141 41 illus.,
691 2669 177 47 diagrs.
931 2669 54 39 19½
1017 2671 43 20 cm
1068 2703 6 6 .

256 2724 346 49 Bibliography;
659 2737 42 36 p.
729 2726 216 40 156-159.

186 2780 49 51 ©
273 2785 108 39 Jan.
416 2785 67 41 11,
521 2783 113 40 1934;
699 2784 67 40 2c.
806 2784 125 47 Sept.
969 2785 54 37 14;
1090 2783 79 40 aff.
1209 2784 128 47 Sept.
1374 2783 53 39 12;
1495 2785 40 37 A
1570 2784 143 39 75316;
1783 2783 197 46 Sunday
2018 2785 161 37 school

250 2841 150 40 board
428 2842 53 39 of
505 2843 81 37 the
617 2842 240 38 Southern
886 2841 194 46 Baptist
1109 2842 299 40 convention.
1439 2841 264 39 Nashville.
262 2899 278 46 (34-32537)

179 2990 305 64 Dornisch,
517 2989 229 56 Alcuin.

246 3067 120 53 The
411 3068 207 66 bloody
666 3067 197 66 forest,
909 3068 73 64 by
1024 3054 213 66 Benin
1284 3069 303 53 Dornisch.
1662 3069 234 63 Boston,
1945 3067 233 53 Meador

181 3145 329 67 publishing
539 3164 297 48 company,
869 3149 148 50 1934.

249 3204 907 63 252 p. incl. front., 1 illus. 20½ cm .
188 3272 49 51 ©
266 3277 123 47 Sept.
418 3277 37 46 6,
482 3276 138 41 1934;
650 3277 65 40 2c.
745 3276 125 47 Sept.
897 3277 54 37 24;
1007 3276 79 39 aff.
1117 3276 126 47 Sept.
1270 3277 54 38 26;
1380 3281 40 34 A
1447 3277 141 39 76154;
1644 3276 209 38 Edward
1879 3275 59 40 K.
1967 3276 211 41 Meador,

255 3335 192 38 Boston.
522 3332 278 45 (34-32565)

182 3425 272 64 Douglas,
484 3426 186 53 Chcar
696 3425 208 62 Berry.

251 3503 53 52 A
342 3504 170 67 study
550 3502 63 53 of
652 3502 247 69 spelling
944 3546 54 8 ...
1043 3502 75 68 by
1158 3502 66 55 О.
1268 3504 66 51 B.
1373 3504 259 66 Douglas
1677 3545 55 9 ...
1778 3501 170 68 Mary
1991 3500 187 68 Shipp

188 3580 243 55 Sanders
478 3625 54 8 ...
582 3582 112 52 and
734 3581 65 53 L.
843 3581 76 52 H.
962 3581 282 53 Hubbard
1297 3625 54 8 ...
1432 3580 296 54 Teacher’s
1771 3581 84 52 ed.
1948 3579 231 67 Austin,

185 3660 151 67 Tex.,
361 3661 88 53 W.
481 3659 56 55 S.
568 3661 226 51 Benson
822 3662 46 50 &
893 3677 79 35 со.
1006 3694 12 33 [
1024 3666 17 22 c
1047 3663 150 64 1934]

252 3734 27 38 2
309 3745 42 28 V.
412 3733 142 47 illus.,
587 3733 178 47 diagrs.
826 3732 56 40 19½
914 3736 44 21 cm
964 3766 8 7 .

254 3790 72 40 On
361 3801 139 29 cover;
564 3790 257 39 Two-book
856 3799 182 31 course.

193 3829 1984 65 © Sept. 3, 1934; 1c. each Sept. 17; 1c. each Sept. 29; aff. Sept. 15;
257 3885 1128 67 A 76242; W. S. Benson & co (34-32389)
