2350 4196
1126 4006 97 50 685

248 432 896 48 2 p. l. , 79 p. illus., diagrs. 21 cm .
248 488 70 40 On
348 499 140 29 cover
507 500 7 27 :
547 489 282 39 Korrosion.
953 521 7 7 III.

179 541 1994 51 © Apr. 17, 1934; 1c. June 14; A-Foreign 24912; V. D. I. verlag, g. m.
245 602 39 39 b.
316 603 43 38 h.

171 691 80 52 Le
281 691 207 64 Heart,
518 692 242 55 Avenir.

247 765 1867 71 Coloring photographs in oil colors, by Avenir Le Heart …
174 845 274 66 complete
473 863 192 34 course
690 844 64 54 of
781 847 169 67 study
977 846 59 51 in
1063 845 78 52 oil
1166 845 256 68 coloring
1448 843 63 54 of
1536 844 423 69 photographic
1986 844 189 68 views,

177 923 290 66 portraits,
512 923 352 67 miniatures,
913 924 428 67 enlargements.
1449 923 111 52 [Los
1607 923 266 68 Angeles]

177 921 1974 147 Distributed by Eastman kodak stores, inc. [ c 1933]
244 1072 605 48 56 p. 2 pl. 28 × 22 cm .
246 1128 100 40 The
372 1130 158 46 plates
559 1141 83 29 are
669 1131 192 46 printed
891 1142 58 28 on
980 1130 258 40 numbered
1267 1130 175 40 leaves.

180 1183 50 51 ©
261 1188 100 39 Oct.
391 1189 38 46 1,
459 1188 139 47 1933;
626 1189 65 39 2c.
723 1190 113 46 May
864 1190 67 47 23,
960 1189 140 46 1934;
1132 1189 41 38 A
1199 1189 170 45 71741;
1402 1189 51 38 A.
1485 1189 63 39 Le
1579 1190 168 46 Heart,
1778 1189 93 40 Los
1899 1190 220 46 Angeles.

261 1244 279 49 (34-15232)

174 1334 173 66 Lehr,
380 1336 202 55 Ernst.

245 1410 669 72 Schwingungstechnik,
948 1414 90 53 ein
1072 1415 304 51 handbuch
1410 1415 101 51 für
1542 1415 346 68 ingenieure,
1922 1434 110 34 von
2067 1415 107 52 dr.-

173 1488 2004 74 ing. Ernst Lehr … 2. bd. Schwingungen eingliedriger
174 1570 2003 70 systeme mit stetiger energiezufuhr … Berlin, J. Springer,
177 1651 148 49 1934.

248 1722 82 46 xii,
363 1722 98 45 373,
498 1723 53 47 [1]
587 1733 42 36 p.
692 1724 140 45 illus.,
866 1723 178 46 diagrs.
1106 1724 55 37 24½
1193 1724 42 21 cm
1244 1756 6 8 .

182 1774 1996 54 © Mar. 13, 1934; 1c. June 14, 1934; A-Foreign 24893; Julius Springer.
176 1868 271 64 Maddox,
478 1868 252 54 William
762 1869 203 62 Percy,
998 1875 168 47 1901-

248 1946 250 68 Foreign
529 1946 271 53 relations
829 1947 60 51 in
921 1945 221 53 British
1172 1946 228 51 Labour
1431 1943 258 69 politics;
1725 1961 31 33 a
1786 1941 173 68 study
1989 1940 62 54 of
2082 1941 95 52 the

183 2024 311 53 formation
535 2024 62 53 of
637 2030 171 63 party
849 2024 271 52 attitudes
1160 2043 69 33 on
1268 2022 231 69 foreign
1538 2020 216 68 affairs,
1794 2020 112 53 and
1944 2020 96 52 the
181 2038 1973 132 application

500 2102 61 53 of
604 2102 258 68 political
905 2120 258 50 pressure
1207 2101 272 68 designed
1522 2106 57 47 to
1621 2099 277 53 influence
178 2117 1976 115 government

351 2178 1826 70 policy, 1900-1924, by William P. Maddox … Cambridge,
180 2258 187 67 Mass.,
396 2258 272 53 Harvard
700 2258 317 68 university
1049 2277 172 49 press,
1252 2261 151 49 1934.

251 2341 76 38 xv,
362 2330 83 41 253
481 2342 42 36 p.
584 2330 55 39 23½
674 2333 41 20 cm
722 2363 8 7 .
802 2331 298 49 (Half-title:
1133 2331 230 40 Harvard
1396 2331 221 48 political
1651 2330 199 47 studies,
1884 2330 109 49 pub.
2026 2336 154 36 under

184 2390 78 39 the
294 2389 237 40 direction
565 2389 51 40 of
646 2390 84 40 the
760 2389 138 47 Dept,
933 2389 50 41 of
1015 2391 312 47 government
1360 2390 50 38 in
1442 2389 229 39 Harvard
1704 2388 297 48 university)

321 2447 221 40 “Published
574 2447 126 41 from
734 2448 81 39 the
847 2448 183 39 income
1050 2446 49 40 of
1119 2447 79 39 the
1218 2446 146 41 Louis
1383 2446 181 40 Adams
1585 2445 351 50 Frothingham
1954 2446 227 41 fund.”—

179 2516 41 37 p.
257 2506 82 48 [iii]

252 2562 346 49 Bibliography
618 2573 8 28 ;
662 2573 42 37 p.
738 2559 215 42 243-248.

185 2616 50 52 ©
260 2621 110 47 Apr.
397 2620 68 47 25,
491 2619 140 46 1934;
657 2620 68 38 2c.
750 2619 113 47 Apr.
889 2618 54 40 28
962 2629 7 34 ;
1072 2650 7 7 aff.
1104 2619 114 46 May
1241 2619 53 45 4;
1323 2618 41 38 A
1388 2619 144 39 72277
1551 2629 7 36 ;
1587 2619 259 41 President
1869 2621 96 38 and
1989 2618 192 41 fellows

252 2678 51 39 of
325 2678 230 39 Harvard
583 2678 191 45 college,
803 2673 300 49 Cambridge,
1132 2676 144 38 Mass.
1349 2674 281 50 (34-15106)

176 2754 324 62 Monnette,
532 2753 150 53 Orra
714 2753 260 62 Eugene.

177 2828 1978 149 … First settlers of ye plantations of Piscataway and Woodbridge,
443 2908 126 53 olde
617 2914 119 45 east
781 2908 138 52 New
966 2909 216 65 Jersey,
1232 2907 327 67 1664-1714,
1607 2927 30 32 a
1686 2907 200 68 period
1935 2908 61 52 of
2045 2906 135 70 fifty

177 2985 2003 70 years, by Orra Eugene Monnette … pt. 6. Los Angeles, The
177 3066 185 67 Leroy
393 3066 247 54 Carman
668 3081 175 50 press,
874 3066 149 48 1934.

254 3136 1928 51 1 p. l. , [889]-1242 p. fold, front., illus., plates, ports., maps (part
182 3197 142 46 fold.)
366 3195 216 40 facsinis.
612 3194 135 47 (part
781 3193 143 47 fold.)
968 3193 134 39 coats
1137 3193 53 39 of
1222 3203 131 29 arms
1382 3194 47 47 (1
1466 3195 85 38 col.
1588 3193 254 47 mounted)
1915 3195 56 38 25
1974 3197 44 21 cm
2024 3227 7 7 .

253 3255 62 38 At
341 3254 124 38 head
493 3252 51 39 of
571 3251 135 39 title;
736 3249 218 40 Colonial
983 3250 94 38 and
1104 3249 269 47 provincial
1397 3249 192 49 history
1616 3252 95 38 and
1739 3252 276 46 genealogy.

253 3311 160 46 Paged
442 3307 341 47 continuously
811 3306 118 39 with
959 3307 64 46 pt.
1054 3306 37 39 5.

186 3364 50 51 ©
270 3368 113 46 Apr.
418 3366 68 45 12,
521 3364 140 45 1934;
698 3363 66 39 2:c.
800 3363 111 45 May
946 3362 81 46 28;
1065 3361 81 40 aff.
1181 3362 129 39 June
1341 3362 81 47 18;
1459 3364 41 37 A
1534 3364 170 46 73125;
1744 3364 51 40 O.
1830 3365 51 38 E.
1917 3365 264 45 Monnette,

253 3425 93 39 Los
376 3424 218 46 Angeles.

179 3500 144 52 New
353 3500 209 60 Jersey
594 3500 210 50 statute
834 3495 226 53 service.
1124 3497 154 64 May,
1312 3498 150 64 1934,
1491 3497 346 52 cumulative
1864 3497 314 67 pamphlet.

254 3575 351 67 Containing
647 3574 96 51 the
783 3573 194 67 public
1021 3576 115 49 acts
1177 3573 62 51 of
1282 3573 97 54 the
1420 3574 230 66 regular
1692 3576 209 51 session
1945 3578 134 48 1933
2122 3582 58 45 to

249 3657 264 63 January
553 3655 80 63 10,
674 3654 149 64 1934,
861 3649 208 68 special
1107 3650 209 53 session
1355 3653 133 50 1933
1526 3657 58 47 to
1623 3653 246 54 October
1908 3658 80 60 11,
2030 3657 149 63 1933,

252 3734 228 67 regular
526 3728 210 54 session
788 3731 134 48 1934
967 3733 58 46 to
1073 3729 173 66 April
1296 3731 81 64 12,
1427 3733 152 63 1934,
1627 3730 139 53 with
1816 3732 363 51 annotations

253 3806 1926 70 and with cumulative table and index … Newark, Soney &
255 3883 1456 67 Sage co.; St. Paul, West publishing co. [ c 1934]
