2350 4296
1110 4012 99 53 681

186 353 314 64 American
528 356 112 52 law
669 356 296 56 institute.

256 431 390 54 Restatement
682 434 63 51 of
784 435 95 52 the
918 437 108 51 law
1069 434 61 51 of
1171 439 299 63 contracts,
1512 454 58 34 as
1613 436 246 68 adopted
1903 439 110 51 and
184 457 1975 120 promulgated

522 511 73 65 by
639 512 94 52 the
780 513 306 52 American
1130 515 107 49 law
1281 513 278 53 institute.
1637 515 353 69 Containing

186 518 1994 141 Minnesota annotations, prepared by Harvey Hoshour … and
185 665 1997 71 Ralph H. I)wan … under the auspices of the Minnesota state
183 744 1999 72 bar association. Volumes i, it … St. Paul, American law
181 823 259 52 institute
476 823 338 70 publishers,
851 829 149 48 1934.

255 898 30 38 2
307 909 41 27 v.
407 897 54 39 22½c
512 900 26 20 m
544 929 7 8 .

257 954 69 39 On
358 965 138 28 cover
517 966 7 26 :
556 955 181 39 Pocket
765 956 316 46 supplement.

188 1006 1993 55 © May 9, 1984; 2c. each June 20; aff June 21; A 72900 ; Amer. law
255 1067 239 40 institute.

181 1159 211 63 Beane,
424 1159 211 53 Gerald
669 1159 261 66 Francis,
963 1164 168 50 1894-

253 1235 190 69 Going
466 1242 57 46 to
549 1255 182 50 press;
760 1256 27 33 a
814 1255 330 50 newspaper
1169 1239 181 66 novel,
1374 1239 74 67 by
1474 1239 139 67 Maj.
1640 1240 212 55 Gerald
1882 1244 61 51 F.
1972 1245 202 51 Beane.

187 1314 1515 71 New York, Paris, Empire publishing co. [ c 1934]
254 1388 25 37 2
307 1398 41 36 p.
410 1419 8 12 l.,
448 1388 144 39 7-276
619 1399 41 36 p.
722 1389 25 38 2½
810 1391 43 21 cm
859 1421 7 6 .

185 1442 1881 56 © Jan. 27, 1984; 2c. May 12; aff June 7; A 71979 ; Empire pub. co.
262 1502 278 48 (34-14909)

180 1594 136 64 Bell,
346 1595 154 52 John
532 1595 270 56 William.

245 1672 102 67 My
377 1677 94 48 ten
500 1675 259 65 pleasant
787 1673 225 52 months
1041 1673 60 51 in
1129 1673 211 66 prison.

261 1747 84 47 (In
369 1742 201 44 London
599 1742 201 52 Sunday
829 1756 220 39 express,
1079 1743 142 51 April
1250 1745 72 49 22,
1353 1745 144 49 1934)

183 1799 1993 56 © 1c. June 16, 1934; A ad int. 19052; pubd. Apr. 22; J. W. Bell, London.
179 1892 351 65 Blanchard,
563 1892 244 55 Charles
838 1893 192 63 Elton,
1064 1898 164 48 1868-

247 1972 101 53 Dr.
377 1971 377 53 Betterman’s
781 1971 181 58 diarv,
991 1971 333 62 1808-1873;
1356 1970 240 54 collated
1626 1968 151 53 from
1802 1970 94 52 the
1924 1969 94 53 old
179 1970 1969 132 doctor’s

350 2048 1760 67 manuscript and edited by Charles Elton Blanchard …
185 2126 1433 62 Youngstown, O., Medical success press [ c 1934]
250 2199 84 41 167
363 2210 40 37 p.
465 2199 56 40 20½c
570 2203 26 20 m
603 2232 8 8 .

180 2254 1976 108 © May 18, 1934 ; 2c. and aff. May 21; A 71698; C. E. Blanchard, Youngstown, O. (34-14911)
174 2407 187 63 Brett,
391 2407 258 51 Thomas
676 2406 54 55 J.

244 2481 642 70 Engineer-custodians
921 2480 256 67 manual;
1216 2479 387 54 examination
1638 2479 285 68 questions
1946 2478 112 54 and
173 2497 1977 116 answers

371 2559 93 53 for
492 2559 310 69 engineers,
832 2559 341 66 custodians,
1202 2558 248 67 firemen,
1480 2557 267 70 building
172 2557 1976 148 superintendents,

171 2635 1975 149 etc. … by Thomas J. Brett … Chicago, American technical society, 1934.
242 2788 654 50 3 p. l. , 184, [1] p. 21½ cm .
177 2844 54 51 ©
264 2850 113 46 May
411 2848 68 44 21,
516 2847 140 46 1934;
694 2847 66 39 2c.
797 2848 113 45 May
946 2846 82 46 24;
1066 2846 79 39 aff.
1184 2848 114 46 May
1332 2847 82 44 23;
1453 2846 41 39 A
1527 2847 170 45 71757;
1736 2846 159 41 Amer.
1932 2846 239 41 technical

247 2914 92 31 soc.
410 2904 279 49 (34-15233)

168 2994 316 64 Buranelli,
515 2995 271 61 Prosper,
819 2996 171 50 1890-
1201 2993 83 52 ed.

242 3074 119 51 The
395 3092 148 35 cross
575 3073 157 51 word
765 3072 196 66 puzzle
994 3071 159 52 book.
1222 3071 363 67 Thirty-first
1616 3070 184 55 series.
1871 3072 55 51 A
1958 3072 207 67 thirty-

173 3151 119 52 first
326 3151 311 67 anthology
669 3149 64 52 of
764 3148 270 68 fifty-five
1065 3168 120 33 new
1221 3168 149 34 cross
1403 3151 157 51 word
1593 3150 243 67 puzzles,
1869 3149 298 68 including

169 3227 104 52 five
298 3228 371 68 diagramless
692 3246 148 34 cross
864 3228 157 51 word
1045 3228 223 64 puzzles
1291 3229 111 51 and
1426 3233 414 62 cryptograms,
1864 3227 301 68 published

173 3307 129 51 here
351 3306 342 61 exclusively
744 3305 92 53 for
883 3306 95 51 the
1027 3305 121 53 first
1195 3305 152 66 time,
1396 3306 113 52 and
1558 3305 189 53 edited
1793 3306 76 66 by
1915 3308 248 64 Prosper

171 3385 313 65 Buranelli,
508 3386 64 50 F.
600 3384 261 67 Gregory
881 3382 330 54 Tlartswick
1240 3418 11 32 r
1258 3384 129 66 and]
1416 3385 296 65 Margaret
1734 3383 429 67 Petherbridge.

170 3461 137 53 New
335 3462 179 65 York,
544 3462 197 54 Simon
770 3464 112 51 and
913 3461 284 66 Schuster,
1225 3463 125 64 inc.,
1382 3464 149 50 1934.

243 3534 84 40 125
355 3546 41 36 p.
459 3535 178 46 diagrs.
698 3533 55 40 19½c
803 3537 26 20 m
836 3567 8 7 .

173 3588 51 51 ©
254 3594 113 40 May
395 3593 68 44 21,
493 3592 115 39 1934
625 3602 8 35 ;
665 3592 67 39 2c.
762 3592 115 46 May
903 3591 82 41 24;
1016 3589 80 41 aff.
1128 3592 113 46 May
1270 3591 82 46 23;
1385 3590 40 39 A
1454 3591 170 47 71748;
1662 3591 162 40 Simon
1855 3591 36 39 &
1923 3591 243 47 Schuster,

242 3649 89 40 inc.
404 3648 278 49 (34-15079)

166 3739 296 63 Crockett,
492 3738 209 52 Albert
731 3738 269 60 Stevens,
1032 3737 170 54 1873-

238 3817 118 51 The
397 3816 92 51 old
528 3814 534 54 Waldorf-Astoria
1099 3815 101 51 bar
1237 3815 174 52 book:
1454 3813 138 53 with
1632 3814 387 52 amendments
2057 3815 108 52 due

170 3899 56 47 to
267 3896 190 66 repeal
498 3893 63 53 of
602 3894 96 51 the
890 3892 94 66 XVIIIth;
1027 3892 202 69 giving
1268 3893 99 52 the
1408 3898 216 48 correct
1662 3893 216 69 recipes
1921 3892 94 53 for
2056 3892 109 55 five
