2350 4196
1223 3995 66 49 36

252 372 298 67 Cowdery,
580 376 178 53 Jabez
789 376 300 63 Franklin,
1123 377 322 51 1834-1914.

326 451 321 69 Cowdery’s
697 451 196 65 forms,
944 450 148 69 legal
1145 450 110 54 and
1307 450 269 67 business,
1628 448 247 68 adapted
1924 455 58 46 to
2034 467 95 35 use
2181 447 59 53 in

255 529 229 66 Alaska,
510 529 267 67 Arizona,
806 526 338 68 California,
1175 527 296 67 Colorado,
1498 526 246 69 Hawaii,
1773 526 199 68 Idaho,
1999 526 241 67 Kansas,

251 607 291 68 Montana,
567 606 307 67 Nebraska,
896 605 251 67 Nevada,
1170 604 135 52 New
1330 605 239 67 Mexico,
1592 604 184 53 North
1802 604 242 67 Dakota,
245 602 1970 149 Oklahoma,

448 682 243 70 Oregon,
716 684 180 54 South
920 683 242 67 Dakota,
1184 683 174 67 Utah,
1380 682 380 68 Washington
1783 682 112 54 and
1916 682 324 68 Wyoming,

252 759 1984 147 by James [!] F. Cowdery. 5th ed., by Curtis Hillyer … San Francisco, Bancroft-Whitney company, 1933.
323 910 100 47 viii,
460 911 114 40 2028
610 921 43 37 p.
717 911 56 39 26
776 913 43 21 cm
827 944 7 6 .

255 967 50 51 ©
333 973 110 38 Dec.
471 972 67 41 12.
567 971 139 40 1933;
735 972 67 39 2c.
831 971 107 39 Jan.
967 972 67 38 11.
1062 970 139 46 1934;
1233 969 80 40 aff.
1342 970 110 39 Feb.
1482 971 50 39 6:
1564 971 40 39 A
1632 971 169 46 68820;

327 969 1897 106 Bancroft-Whitney
446 1039 66 29 co.
583 1028 219 48 (34-783)

256 1146 242 64 Creedy,
531 1145 331 65 Frederick,
899 1150 168 49 1883-

257 1220 1983 147 The secret of steady employment, by F. Creedy … New York, London, G.
841 1300 63 51 P.
933 1300 292 53 Putnam’s
1251 1317 147 50 sons,
1428 1302 150 52 1933.

327 1370 48 40 xi
405 1382 56 37 p.,
491 1375 24 37 1
581 1403 7 14 l.,
617 1372 174 39 15-125
817 1383 42 37 p.
916 1372 51 38 21
974 1374 43 21 cm
1024 1404 7 7 .

260 1428 50 51 ©
334 1434 111 38 Dec.
471 1432 67 46 15,
562 1432 140 46 1933;
728 1434 66 38 2c.
820 1432 107 39 Jan.
952 1432 39 41 2.
1016 1432 139 40 1934;
1183 1431 80 41 aff.
1289 1433 107 39 Jan.
1422 1433 50 42 5;
1498 1433 42 38 A
1562 1433 142 40 67863
1724 1444 7 35 ;

1760 1433 50 39 F.
1836 1434 195 47 Creedy,
323 1434 1905 102 Bethlehem,
473 1490 83 38 Pa.
627 1489 247 48 (34-1313)

259 1606 219 64 Crofts,
509 1607 287 52 Freeman
822 1606 183 55 Wills.

386 1683 1859 68 … Wilful and premeditated; an Inspector French detective
256 1766 172 61 story.
504 1762 137 51 New
670 1762 177 62 York,
874 1763 189 64 Dodd,
1089 1763 167 51 Mead
1284 1766 45 49 &
1353 1781 295 48 company,
1677 1767 148 49 1934.

332 1843 28 28 v
385 1842 55 38 p.,
471 1835 24 37 1
557 1865 8 14 l.,
592 1833 85 40 338
703 1844 43 37 p.
806 1834 55 40 19½
893 1836 44 22 cm
943 1867 7 7 .

261 1886 51 51 ©
344 1891 107 39 Jan.
482 1892 67 38 17.
580 1891 139 40 1934;
752 1892 66 39 2c.
850 1892 106 38 Jan.
989 1891 80 39 19:
1103 1891 78 40 aff.
1215 1892 107 39 Jan.
1354 1892 81 46 20;
1469 1892 40 38 A
1539 1892 168 45 69134;
1741 1893 151 39 Dodd.
1927 1893 140 39 Mead
2100 1892 36 40 &
2166 1903 80 35 co.,

326 1947 89 39 inc.
487 1948 248 48 (34-1291)

262 2065 278 64 Crounse,
569 2065 226 64 Pepita.

332 2139 147 54 Fold
533 2140 64 53 of
650 2142 239 67 dreams,
942 2142 74 69 by
1070 2142 206 68 Pepita
1332 2141 267 54 Crounse.
1692 2142 382 68 Brattleboro,
2128 2142 121 54 The
261 2214 251 70 Stephen
540 2218 162 68 Daye
731 2237 174 50 press,
937 2224 148 49 1933.

329 2291 54 39 67
411 2301 42 37 p.
514 2292 54 38 21½
603 2294 42 20 cm
652 2327 7 6 .

332 2345 145 42 “This
505 2347 181 42 edition
715 2349 41 39 is
784 2348 185 41 limited
998 2352 48 37 to
1076 2349 110 40 four
1212 2349 219 40 hundred
1459 2348 200 48 copies.”
1720 2350 118 40 This
1865 2360 117 38 copy
2010 2352 82 38 not
259 2359 1975 84 numbered.

333 2457 181 42 Poems.

265 2512 50 51 ©
340 2518 110 38 Dec.
476 2518 38 46 1,
539 2517 140 47 1933;
707 2519 66 39 2c.
800 2520 108 39 Jan.
935 2519 37 46 6,
999 2519 113 40 1934
1130 2530 7 30 ;
1167 2519 78 39 aff.
1274 2520 108 39 Jan.
1408 2519 51 47 8;
1488 2520 41 38 A
1554 2520 169 47 67870;

1752 2521 48 38 P.
1829 2521 227 47 Crounse,
328 2521 1905 99 Washington.
582 2575 248 47 (34-1247)

265 2692 146 63 Day,
441 2693 68 54 R.
536 2693 82 64 L.,
648 2693 50 53 &
726 2710 82 39 co.

332 2768 240 68 Legally
604 2770 330 54 authorized
966 2773 367 53 investments
1366 2775 93 52 for
1490 2775 229 68 savings
1752 2775 178 52 banks
1963 2775 111 52 and
2104 2780 150 47 trust

265 2845 174 53 funds
480 2848 59 50 in
579 2848 94 52 the
711 2853 143 48 state
896 2850 63 53 of
999 2851 138 52 New
1180 2852 160 53 York
1381 2872 58 33 as
1481 2853 62 52 of
1581 2854 306 52 December
1928 2858 47 62 1,
2016 2857 161 63 1933;
2221 2874 31 33 a

268 2924 217 66 reprint
517 2925 62 52 of
611 2926 93 52 the
737 2927 139 52 New
910 2929 161 52 York
1101 2934 237 49 statutes
1371 2932 235 67 making
1640 2933 214 51 certain
1887 2933 366 52 investments

264 3001 147 68 legal
444 3002 92 52 for
566 3004 230 68 savings
827 3006 177 53 banks
1037 3009 110 51 and
1177 3014 150 47 trust
1358 3009 175 53 funds
1565 3010 58 51 in
1655 3011 116 52 this
1801 3016 162 61 state,
1994 3012 259 67 together

267 3080 136 50 with
432 3098 31 33 a
489 3099 142 50 copy
656 3082 62 52 of
743 3083 93 53 the
866 3084 197 53 official
1090 3087 96 52 list
1213 3087 62 52 of
1298 3093 162 61 state,
1484 3089 331 68 municipal,
1839 3090 193 67 public
2056 3090 197 68 utility

267 3158 109 51 and
423 3158 249 53 railroad
717 3161 179 53 bonds
942 3164 185 51 which
1171 3166 60 50 in
1274 3166 93 53 the
1411 3166 301 69 judgment
1756 3167 62 52 of
1860 3169 95 52 the
265 3170 1964 117 superintendent
542 3237 62 51 of
651 3238 177 53 banks

873 3247 144 46 meet
1060 3243 93 53 the
1198 3248 285 64 statutory
1528 3247 420 65 requirements.
2024 3249 232 64 Boston,

267 3312 135 52 New
431 3314 162 51 York
624 3321 136 60 [etc.]
794 3317 68 52 R.
890 3318 64 52 L.
980 3320 130 67 Day
1137 3324 44 49 &
1208 3340 78 33 co.
1359 3325 151 64 [1933]

332 3387 54 38 54
421 3398 41 36 p.
525 3387 55 38 25½
613 3390 43 20 cm
661 3419 6 6 .

270 3438 50 51 ©
351 3444 110 39 Dec.
490 3444 68 45 11,
589 3446 15 35 3
618 3444 109 47 933;
759 3446 64 39 2c.
856 3449 95 37 and
981 3448 81 39 aff.
1093 3451 108 37 Dec.
1233 3451 81 45 15;
1347 3452 41 38 A
1418 3451 168 48 68830;
1620 3453 54 40 R.
1706 3454 50 38 L.
1788 3456 71 38 Day
1926 3455 36 40 &
1991 3467 66 29 co.

344 3499 248 49 (34-1204)

267 3615 143 66 Dell,
443 3617 174 53 Ethel
647 3620 157 63 May.

337 3693 120 52 The
488 3695 254 53 destined
771 3698 159 51 hour.
1012 3701 362 65 [Instalment
1401 3709 48 61 2]

344 3767 80 47 (In
454 3763 135 44 Good
617 3766 309 44 needlework
957 3770 273 51 magazine,
1262 3772 132 51 Feb.,
1427 3774 143 50 1934)

268 3818 1952 62 © 1c. Feb. 5. 1934; A ad int. 18653: pubd. Dec. 10. 1933; Ethel Mary
335 3878 199 46 Savage.
576 3882 216 47 Sleepers
828 3884 116 42 Hill.
981 3886 315 48 Winchester,
1334 3891 235 46 England.
