2350 4196
0 0 0 0 1398
228 379 312 64 Reynolds,
570 381 212 62 Roger.

302 458 243 50 Famous
585 456 303 53 American
928 459 180 51 trains
1147 459 109 52 and
1296 456 147 53 their
1480 458 217 56 stories,
1736 459 70 65 by
1847 459 188 65 Roger

233 459 1958 128 Reynolds.
486 535 137 52 New
652 535 177 59 York,
856 535 229 54 Grosset
1116 537 108 51 and
1252 537 234 66 Dunlap
1520 569 11 32 [
1537 542 16 21 c
1561 539 132 48 1934
1700 569 10 32 ]

302 609 1337 47 94. [1] p. incl. col. front., illus. (part col.) 30½ cm .
306 667 135 46 Maps
472 676 56 29 on
561 665 358 48 lining-papers.

237 719 1982 51 © Oct. 15. 1934; 2c. and aff. Oct. 17: A 76586: Grosset & Dunlap, inc.
314 780 276 42 (34-33113)

236 868 234 65 Rowan,
500 869 255 53 Richard
788 871 257 64 Wilmer,
1078 874 165 48 1894-
1480 871 82 51 ed.

302 946 236 52 Modern
574 945 146 70 spies
751 949 99 50 tell
883 946 147 53 their
1062 948 225 63 stories;
1322 946 259 67 personal
1614 947 315 51 narratives
1960 944 61 52 of
2053 962 164 48 many

235 1023 240 66 exploits
505 1026 59 50 in
597 1035 173 43 secret
805 1026 223 52 service,
1064 1025 182 53 edited
1283 1024 111 52 and
1430 1023 273 67 compiled
1741 1023 72 66 by
1846 1023 247 52 Richard
2132 1023 83 50 W.

241 1102 222 50 Rowan.
532 1101 132 51 New
704 1101 172 54 York.
910 1103 64 50 E,
1008 1102 76 54 M.
1118 1101 271 52 McBride
1420 1104 39 47 &
1494 1118 292 50 company,
1822 1104 145 50 1931.

303 1173 100 40 xiii,
432 1173 83 38 482
545 1184 42 36 p.
649 1173 52 38 21
706 1176 42 19 cm
767 1202 4 5 .

303 1230 158 40 "First
495 1231 224 39 edition.”

237 1288 1983 50 © Oct. 5. 1934; 2c. Oct. 18: aff. Oct. 17: A 79399: R. W. Rowan. New
308 1349 137 37 York.
517 1348 278 41 (34-33438)

231 1433 482 66 Schmalhausen,
748 1438 232 52 Samuel
1015 1437 223 63 Daniel,
1279 1440 165 48 1890-

304 1512 119 51 The
470 1531 115 31 new
638 1513 133 52 road
817 1519 58 46 to
924 1530 274 49 progress,
1247 1513 71 66 by
1366 1511 225 53 Samuel
1642 1511 66 52 D.
1762 1511 454 53 Sehmalhausen.

237 1590 131 52 New
397 1590 176 51 York.
606 1591 201 51 Falcon
838 1609 171 50 press,
1038 1592 103 50 inc.,
1188 1593 147 49 1934.

303 1663 63 43 xi,
394 1661 85 39 409
506 1672 42 36 p.
604 1661 53 40 23½
692 1664 13 20 cm
741 1695 7 5 .

574 1720 161 38 CONTENTS.—The
759 1720 138 39 crisis
923 1721 43 37 in
992 1721 177 37 human
1193 1721 366 38 nature.—New
1585 1719 209 42 theories
1820 1721 90 39 and
1935 1731 101 28 new

236 1722 1962 100 therapies.—A
477 1786 112 29 cure
616 1776 78 39 for
719 1776 249 47 capitalist
995 1777 490 39 civilization.—New
1513 1778 236 38 horizons.

233 1833 1901 51 © Sept. 28. 1934; 2c. Oct. 5: aff. Oct. 4: A 73630: Falcon press, inc.
311 1894 277 42 (34-35454)

225 1980 211 66 Shedd,
469 1983 257 52 Thomas
760 1983 192 64 Clark,
988 1986 169 50 1890-

301 2059 1917 70 Structural design in steel, by Thomas Clark Shedd … New
235 2140 172 65 York,
431 2140 54 53 J.
512 2141 186 65 Wiley
720 2142 44 49 &
789 2158 144 48 sons,
959 2140 105 51 inc.;
1123 2139 257 67 London,
1405 2138 299 68 Chapman
1730 2141 44 49 &
1798 2140 159 54 Hall,
1982 2138 237 68 limited,

229 2222 146 48 1934.

301 2289 1918 51 ix. 560 p. front., illus., fold. plates (in pocket) diagrs. 23½ cm . $5.00
305 2351 222 38 Includes
559 2349 388 47 bibliographies.

234 2402 1983 50 © Oct. 16. 1934; 2c. Oct. 17: aff. Oct. 19: A 76636: T. C. Shedd. Urbana.
303 2464 70 38 Ill.
445 2464 278 42 (34-35115)

225 2548 206 66 Siebel,
459 2553 153 51 John
645 2551 220 65 Ewald,
899 2555 168 48 1883-
1279 2552 81 51 ed.

300 2629 1859 67 Beer and health, edited and compiled by J. E. Siebel II …
234 2706 1395 70 [Chicago] Siebel publishing company [ c 1934]
301 2781 937 48 cover-title. 34 p., 1 l. illus. 18½ cm .
302 2839 345 46 Bibliography:
705 2839 101 39 leaf
833 2841 54 38 at
911 2840 104 39 end.

235 2890 1837 53 © Sept. 29. 1934; 2c. and aff. Oct. 4: A 75631: Siebel pub. co. .
310 2951 277 46 (34-33116)

225 3034 289 68 Simonas,
546 3039 253 54 William
832 3041 242 63 Adams,
1111 3039 168 54 1887-

298 3112 245 56 Edison:
584 3114 87 54 his
711 3115 122 68 life,
872 3117 87 52 his
998 3116 174 67 work,
1210 3116 87 53 his
1336 3116 215 68 genius,
1590 3117 74 66 by
1701 3116 259 52 William
2001 3115 216 52 Adams

230 3191 265 55 Simonds;
551 3195 322 52 illustrated
901 3195 152 53 from
1080 3195 410 68 photographs,
1517 3196 326 52 documents
1872 3196 110 53 and
2008 3196 208 51 letters.

228 3270 415 68 Indianapolis,
677 3272 137 52 New
851 3274 180 65 York,
1068 3273 117 53 The
1222 3272 436 54 Bobbs-Merrdl
1700 3290 279 50 company
2022 3307 11 32 [
2039 3280 16 21 c
2063 3276 131 48 1934]

299 3343 1636 51 xviii p., 1 l., 21-364 p. front., plates. ports., facsims. 24 cm .
297 3402 288 42 Illustrated,
618 3401 358 49 lining-papers.

300 3457 159 40 “First
489 3457 224 41 edition.”

299 3515 348 47 Bibliography:
709 3526 41 37 p.
785 3515 244 49 [343]-349.

233 3566 1791 51 © Oct. 12. 1934; 2c. and aff. Oct. 17: A 76579; Bobbs-Merrill co.
310 3627 277 47 (34-34917)

228 3715 213 63 Smith,
469 3717 228 55 Worth.

298 3792 236 56 Miracle
566 3793 63 52 of
659 3795 97 53 the
787 3813 156 49 ages;
979 3797 95 50 the
1107 3804 161 60 great
1302 3797 264 68 pyramid
1600 3797 62 53 of
1696 3797 194 55 Gizeh.
1925 3797 288 69 revealing

228 3870 93 53 the
345 3887 253 47 message
626 3867 63 56 of
716 3872 92 52 the
840 3879 158 56 great
1027 3876 264 64 pyramid
1322 3875 60 53 in
1409 3876 72 54 its
1511 3875 240 53 relation
1809 3894 29 33 to
1866 3876 93 51 the
1988 3880 223 61 present
