2350 4196
1125 4007 98 50 358

182 381 277 67 [György,
496 380 201 67 Edith]
741 382 169 52 1906-

251 461 190 51 Adam
471 461 112 51 and
609 465 112 46 two
750 459 147 51 Eves;
956 463 228 62 strange
1211 463 156 61 story
1395 457 62 52 of
1487 476 30 33 a
1544 457 112 67 girl
1685 457 122 52 told
1834 457 75 66 by
1934 456 226 53 herself.

181 536 137 52 New
348 536 179 66 York,
558 536 120 52 The
705 535 303 67 Macaulay
1036 553 277 49 company
1364 539 172 62 [c1934]

254 608 84 41 253
367 620 42 37 p.
498 608 115 40 19½cm.

185 662 56 52 ©
269 668 118 37 Mar.
419 667 38 45 1,
488 664 140 47 1934;
660 665 67 39 2c.
758 666 94 37 and
883 664 80 40 aff.
996 665 119 38 Mar.
1148 665 50 46 6;
1231 664 42 39 A
1302 664 169 40 70825:
1506 664 258 47 Macaulay
1796 674 65 29 co.

263 722 248 49 (34-6833)

177 823 326 53 Handbook
533 825 62 52 of
624 823 305 54 American
960 824 221 67 prisons
1213 825 112 50 and
1355 822 440 54 reformatories.
1869 824 244 53 Volume
2159 865 10 24 I,

251 900 1919 67 1933. William B. Cox … F. Lovell Bixby … [and] William
250 979 1921 62 T. Koot … editors. New York, N. Y., The Welfare league
251 1059 352 67 association,
630 1058 108 54 inc.
790 1061 173 63 [c1933]

254 1134 67 46 lii,
352 1133 115 39 1076
496 1143 40 37 p.
597 1132 146 40 22½cm.

188 1186 51 51 ©
274 1191 116 38 Nov.
425 1190 69 45 27,
560 1188 83 40 1933;
707 1189 65 39 2c.
810 1189 95 39 and
941 1188 78 39 aff.
1057 1189 119 39 Mar.
1213 1188 68 47 21,
1318 1188 114 39 1934;
1496 1188 43 38 A
1572 1187 142 40 69913;
1783 1187 212 40 Osborne
2031 1196 141 38 assn.,

255 1247 104 46 inc.,
389 1246 116 40 New
534 1245 143 40 York.

188 1348 253 65 Harlow,
472 1347 176 54 Alvin
680 1348 142 64 Fay,
855 1346 170 54 1875-

256 1423 113 55 Old
415 1424 287 68 waybills;
750 1424 94 51 the
890 1441 259 34 romance
1194 1422 63 54 of
1300 1425 94 50 the
1441 1441 225 49 express
1716 1424 337 66 companies,
2099 1424 73 68 by

184 1501 179 53 Alvin
395 1502 64 51 F.
493 1501 256 52 Harlow.
818 1501 137 52 New
991 1500 177 68 York,
1200 1501 258 67 London,
1490 1501 71 52 D.
1598 1499 574 71 Appleton-Century

185 1597 295 50 company,
511 1579 416 67 incorporated,
963 1581 148 50 1934.

256 1650 1761 51 xii p., 1 l., 503, [1] p. front., illus., plates, ports., facsims. 22½cm.
258 1708 347 47 Bibliography:
663 1718 42 37 p.
736 1707 235 50 489-[497]

190 1763 1984 51 © Mar. 30, 1934; 2c. and aff. Mar. 31: A 71089: A. F. Harlow, New
256 1825 143 39 York.
474 1823 250 48 (34-7001)

190 1924 383 65 Harrington,
606 1925 245 55 Charles
877 1925 283 64 Norman,
1189 1928 171 49 1848-

257 2004 234 55 Charles
524 2005 254 52 Norman
808 2003 378 66 Harrington,
1219 2004 84 51 La
1337 2004 216 65 Crosse,
1585 2003 338 67 Wisconsin,
1957 2005 215 51 branch

187 2081 63 52 of
277 2082 94 53 the
399 2081 305 52 American
733 2080 206 67 family
964 2082 380 65 Harrington,
1370 2082 75 65 by
1476 2080 234 54 Charles
1738 2083 254 52 Norman

188 2083 1981 144 Harrington. Chicago, Priv. print. [The Lakeside press, R . R .
184 2236 320 67 Donnelley
527 2240 45 49 &
600 2255 126 35 sons
757 2255 294 48 company]
1087 2240 147 50 1934.

259 2307 83 48 xii,
370 2308 98 47 284,
500 2308 54 50 [2]
583 2320 42 36 p.
656 2309 108 39 incl.
793 2308 141 47 illus.,
963 2309 148 46 ports.
1171 2307 144 42 23½cm.

190 2362 1986 51 © Mar. 21, 1934; 2c. and aff. Mar. 24; A 70789; C. N. Harrington, La
258 2423 184 46 Crosse,
479 2422 113 40 Wis.
666 2421 248 48 (34-6696)

190 2524 265 67 Hillquit,
488 2526 235 65 Morris,
759 2528 323 50 1869-1933.

257 2601 176 53 Loose
473 2602 183 52 leaves
702 2602 150 51 from
896 2620 29 33 a
972 2601 138 68 busy
1152 2601 121 67 life,
1314 2601 77 69 by
1432 2602 212 52 Morris
1687 2602 271 68 Hillquit.
2038 2602 138 53 New

189 2679 176 68 York,
393 2681 121 50 The
539 2679 335 52 Macmillan
903 2696 293 51 company,
1227 2681 150 51 1934.

258 2745 688 55 viii p., 1 l., 339 p. 22½cm.
191 2806 51 51 ©
270 2812 111 46 Apr.
411 2811 39 40 3.
479 2810 140 46 1934;
651 2810 65 40 2c.
748 2811 93 38 and
870 2809 80 41 aff.
979 2810 113 46 Apr.
1120 2811 53 45 4;
1204 2810 43 38 A
1274 2809 168 47 70906;
1474 2811 127 39 Vera
1630 2810 226 48 Hillquit,
1886 2811 117 39 New
2032 2810 143 41 York.

269 2867 248 47 (34-6997)

189 2956 298 65 Hoffman,
519 2957 231 53 Arthur
782 2957 308 64 Sullivant,
1124 2956 169 54 1876-

257 3036 119 52 The
407 3035 234 68 writing
671 3036 63 54 of
761 3036 210 64 fiction,
998 3036 75 65 by
1100 3036 222 51 Arthur
1355 3036 291 55 Sullivant
1676 3036 291 54 Hoffman.
2035 3038 135 52 New

188 3112 177 67 York,
390 3113 89 54 W.
505 3114 88 53 W.
623 3113 223 52 Norton
872 3117 44 49 &
941 3130 292 49 company,
1262 3112 104 55 inc.
1476 3118 117 62 [c1934]

331 3216 8 14 xx,
368 3186 85 40 442
484 3195 42 37 p.
587 3185 114 41 21cm.

261 3240 160 41 “First
450 3240 225 42 edition.”

191 3294 1984 53 © Mar. 39, 1934; 2c. and aff. Mar. 26: A 71028; A. S. Hoffman, Carmel,
257 3355 54 38 N.
340 3356 51 38 Y.
464 3355 249 48 (34-6682)

187 3444 272 65 Hurlbut,
492 3445 259 63 Stephen
781 3447 329 62 Augustus,
1143 3446 80 53 ed.

254 3521 235 54 ‘Hortus
520 3524 335 53 conclusus’;
891 3543 30 32 a
952 3524 166 52 series
1147 3523 61 51 of
1238 3524 314 52 mediaeval
1580 3525 172 51 Latin
1782 3526 221 66 hymns,
2033 3525 139 51 with

184 3600 237 53 selected
456 3601 243 67 English
735 3602 346 67 renderings,
1158 3605 77 63 pt.
1273 3605 43 48 8.
1387 3603 190 51 Adam
1612 3603 65 51 of
1711 3602 80 55 St.
1827 3603 199 53 Victor
2061 3604 110 50 and

183 3678 94 51 the
338 3678 290 67 perfected
693 3697 278 49 sequence.
1063 3679 397 68 Washington,
1522 3683 69 50 D.
1657 3682 79 64 C.,
1797 3680 240 54 Printed
2097 3681 74 67 by

188 3753 250 69 Stephen
475 3758 69 50 A.
583 3756 260 53 Hurlbut
881 3763 54 46 at
975 3758 93 51 the
1108 3758 162 54 Saint
1310 3758 217 51 Albans
1564 3775 173 50 press,
1778 3762 148 48 1933.

258 3829 1009 48 2 p. l., 36 p. front, (facsim. ) 18½cm.
191 3881 51 51 ©
276 3887 107 39 Jan.
416 3886 68 40 28.
519 3885 138 41 1933;
693 3887 64 40 2c.
794 3887 93 39 and
921 3887 80 39 aff.
1037 3887 107 39 Jan.
1177 3886 81 40 28:
1294 3887 41 38 A
1368 3886 168 47 60049;
1576 3886 43 42 S.
1654 3888 53 39 A.
1742 3888 227 46 Hurlbut,
258 3886 1896 104 Washington.
