2350 4196
1119 4005 101 49 414

189 383 209 64 Sheen,
428 383 212 53 Fulton
670 384 172 64 John,
877 387 168 49 1895-

259 458 1916 69 The Eternal Galilean, by Fulton J. Sheen … New York,
187 535 257 68 London,
485 536 71 51 D.
600 536 577 68 Appleton-Century
1222 553 294 51 company,
1562 536 416 67 incorporated,
2026 539 148 48 1934.

256 608 25 39 5
307 619 42 37 p.
411 640 8 16 l.,
445 607 155 48 3-280,
677 628 10 29 [1]
713 619 43 36 p.
846 608 26 40 19½
905 612 44 20 cm
954 640 7 9 .

190 675 53 52 ©
275 681 119 37 Mar.
429 679 68 49 30,
534 678 138 47 1934;
708 680 67 39 2c.
811 682 94 38 and
940 680 80 40 aff.
1057 681 118 38 Mar.
1211 681 81 39 31:
1329 681 40 37 A
1404 679 166 46 71086;
1610 680 56 38 D.
1700 680 471 48 Appleton-Century

256 746 80 37 co.,
368 736 91 38 inc.
533 735 248 49 (34-7582)

189 850 214 67 Smith,
438 853 220 63 Joseph
694 853 248 65 Russell,
977 853 171 53 1874-

260 926 180 55 Other
480 928 180 52 world
701 929 331 68 neighbors;
1078 929 94 52 the
1214 929 222 52 British
1481 927 229 68 empire,
1752 926 224 68 Africa,
2019 927 159 67 Asia,

189 1004 1987 70 Latin America, by J. Russell Smith … Philadelphia, Chicago
194 1087 136 62 [etc.]
364 1084 119 51 The
510 1084 155 53 John
695 1083 60 53 C.
784 1084 264 53 Winston
1077 1101 278 50 company
1388 1116 14 34 [
1407 1089 17 21 c
1429 1086 134 49 1934
1568 1116 11 33 ]

260 1156 79 47 vii,
369 1155 84 40 311
482 1165 43 38 p.
587 1156 160 46 front.,
780 1156 126 40 illus.
937 1157 130 48 (incl.
1100 1157 158 48 maps)
1299 1156 177 47 diagrs.
1539 1154 55 41 25
1598 1157 44 22 cm
1646 1187 8 8 .

261 1211 187 41 “Books
473 1214 109 38 that
608 1212 164 40 enrich
799 1213 81 39 the
906 1214 144 44 study
1077 1213 51 39 of
1153 1212 299 48 geography”
1473 1222 8 29 :
1509 1221 43 38 p.
1581 1209 98 43 302.

262 1267 143 41 “This
440 1268 188 40 volume
662 1268 40 40 is
737 1268 208 47 planned
978 1269 257 47 especially
1269 1271 48 37 to
1354 1270 125 38 meet
1512 1268 81 40 the
1629 1268 348 47 requirements
2014 1268 52 40 of
2098 1268 81 40 the

192 1323 356 48 Pennsylvania
578 1334 168 30 course
776 1325 50 39 of
854 1327 143 44 study
1028 1326 48 38 in
1108 1326 271 47 geography
1410 1324 78 39 for
1516 1325 82 39 the
1630 1326 198 37 seventh
1859 1324 318 47 grade.”—To

191 1380 233 41 teachers.

190 1447 1983 52 © Mar. 22, 1934 : 2c. Mar. 27 ; aff. Mar. 28 ; A 70844: John C. Winston
256 1517 64 29 co.
394 1507 248 48 (34-7622)

258 1621 1857 71 Our country and northern neighbors, by J. Russell Smith …
187 1700 424 66 Philadelphia,
653 1700 250 69 Chicago
949 1706 136 61 [etc.]
1131 1701 121 53 The
1290 1701 157 53 John
1488 1700 62 54 C.
1590 1701 268 53 Winston
1899 1718 273 51 company

192 1810 13 33 [
211 1784 17 21 c
233 1781 151 64 1934]

256 1861 43 37 x,
328 1850 85 42 330
439 1862 43 37 p.
544 1851 84 39 col.
657 1851 161 48 front.,
849 1852 126 40 illus.
1005 1851 130 48 (incl.
1166 1853 158 46 maps)
1364 1851 177 47 diagrs.
1602 1850 56 40 25
1662 1852 43 21 cm
1709 1882 8 9 .

258 1906 186 42 “Books
468 1908 109 39 that
600 1908 165 39 enrich
790 1907 81 41 the
896 1909 145 44 study
1068 1908 50 39 of
1144 1906 328 48 geography”:
1500 1917 43 38 p.
1569 1906 98 41 319.

189 1975 1983 51 © Mar. 22. 1934; 2c. Mar. 27: aff. Mar. 28 : A 70845: John C. Winston
255 2045 66 30 co.
393 2034 247 48 (34-7621)

257 2148 124 55 Our
408 2150 307 67 European
742 2150 331 68 neighbors;
1104 2150 329 52 homelands
1464 2151 111 52 and
1607 2150 261 69 outlying
1899 2169 173 49 areas,
2100 2149 72 69 by

186 2226 1989 70 J. Russell Smith … Philadelphia, Chicago [etc.] The John
188 2304 899 68 C. Winston company [ c 1934 :
263 2378 97 47 viii,
399 2378 84 39 246
519 2388 41 37 p.
621 2378 83 39 col.
741 2378 163 47 front.,
941 2378 126 39 illus.
1098 2377 131 48 (incl.
1266 2379 159 47 maps)
1473 2378 177 47 diagrs.
1714 2377 55 40 25
1773 2380 43 21 cm
1821 2409 9 9 .

260 2433 185 41 “Books
472 2435 110 39 that
606 2434 163 39 enrich
797 2435 80 39 the
904 2435 143 45 study
1075 2434 50 39 of
1150 2433 327 48 geography”:
1507 2444 44 37 p.
1578 2433 98 41 238.

261 2489 144 41 “This
437 2490 124 39 book
594 2491 88 38 has
716 2490 117 40 been
866 2490 258 47 especially
1159 2492 138 38 made
1331 2492 48 38 to
1414 2493 125 37 meet
1573 2492 83 41 the
1689 2492 146 39 needs
1870 2489 52 41 of
1956 2491 219 40 teachers

189 2547 106 38 who
324 2557 82 29 are
433 2547 252 47 following
710 2548 82 39 the
818 2546 355 46 Pennsylvania
1203 2556 167 31 course
1400 2547 51 38 of
1480 2548 143 46 study
1654 2547 48 38 in
1731 2546 444 49 geography.”—To

188 2603 234 39 teachers.

189 2656 1982 52 © Mar. 22, 1934; 2c. Mar. 27; aff. Mar. 28: A 70843; John C. Winston
257 2727 64 28 co.
395 2716 248 48 (34-7620)

183 2834 188 64 Snow,
404 2835 243 54 Charles
676 2836 245 63 Horace,
953 2832 170 55 1877-

257 2913 121 51 The
414 2912 395 62 highgraders,
846 2912 74 55 by
958 2911 232 53 Charles
1228 2913 74 51 H.
1344 2913 185 54 Snow.
1603 2914 255 60 London,
1896 2914 55 54 J.
1989 2914 180 60 Long,

188 2986 219 56 limited
465 2994 149 62 [1934]

257 3062 84 40 288
370 3073 40 36 p.
469 3061 55 40 19
526 3065 45 20 cm
577 3095 6 6 .

189 3114 1979 52 © 1c. Mar.. 15, 1834: A ad int. 18780: pubd. Jan. 19; C. H. Snow, Napa.
257 3173 142 42 Calif,
471 3174 247 48 (34-9210)

182 3290 188 53 South
415 3294 255 50 western
718 3296 268 62 reporter.
1065 3291 216 54 Second
1325 3293 184 51 series.
1586 3292 167 54 Cases
1802 3293 211 66 argued
2061 3292 110 51 and

254 3369 349 52 determined
645 3370 60 50 in
745 3369 94 52 the
886 3370 270 66 Supreme
1199 3375 186 47 courts
1428 3369 63 52 of
1532 3371 310 66 Arkansas,
1885 3369 286 53 Missouri.

254 3448 324 65 Tennessee,
612 3448 110 51 and
755 3450 207 50 Texas:
1000 3448 203 53 Courts
1235 3448 62 50 of
1331 3449 229 66 appeals
1593 3448 62 53 of
1685 3448 320 66 Kentucky,
254 3445 1892 132 Missouri
446 3525 111 52 and
596 3528 335 63 Tennessee;
977 3525 201 54 Courts
1219 3525 61 51 of
1319 3525 132 54 civil
1492 3527 110 50 and
1640 3526 260 51 criminal
1940 3526 231 66 appeals

256 3604 111 50 and
402 3602 373 56 Commission
812 3602 62 52 of
908 3603 229 67 appeals
1172 3602 61 52 of
1267 3604 198 52 Texas,
1499 3604 138 52 with
1669 3604 106 66 key
1808 3604 235 51 number
252 3621 1894 111 annotations.
631 3697 48 34 v.
710 3683 61 48 65
807 3680 124 67 (2d)
1017 3681 276 67 January,
1322 3684 148 48 1934.
1550 3681 80 54 St.
1659 3682 164 65 Paul,
1848 3684 161 51 West
252 3681 1894 145 publishing
494 3776 95 50 co.,
619 3761 148 48 1934.

257 3832 113 41 xvii,
400 3831 113 40 1220
541 3842 40 36 p.
645 3831 150 48 diagr.
856 3829 57 41 26
914 3833 42 21 cm
963 3864 7 6 .

189 3884 1879 51 © Mar. 19, 1934; 2c. Apr. 20; aff. Apr. 25; A 71389; West pub. co
