<alto xmlns="http://www.loc.gov/standards/alto/ns-v3#" xmlns:xlink="http://www.w3.org/1999/xlink" xmlns:xsi="http://www.w3.org/2001/XMLSchema-instance" xsi:schemaLocation="http://www.loc.gov/standards/alto/ns-v3# http://www.loc.gov/alto/v3/alto-3-0.xsd"><Description>
<MeasurementUnit>pixel</MeasurementUnit>
<sourceImageInformation>
<fileName>1934_v1_Part1.pdf</fileName>
</sourceImageInformation>
<OCRProcessing ID="IdOcr">
<ocrProcessingStep>
<processingDateTime>2019-01-10</processingDateTime>
<processingSoftware>
<softwareCreator>ABBYY</softwareCreator>
<softwareName>ABBYY Recognition Server</softwareName>
<softwareVersion>4.0</softwareVersion>
</processingSoftware>
</ocrProcessingStep>
</OCRProcessing>
</Description>
<Styles>
<ParagraphStyle ID="StyleId-FFFFFFFF-FFFF-FFFF-FFFF-FFFFFFFFFFFF-" ALIGN="Left" LEFT="0." RIGHT="0." FIRSTLINE="0."/>
<ParagraphStyle ID="StyleId-521E1FC6-FE7E-43A4-90E6-A9B61626A263-" ALIGN="Right" LEFT="0." RIGHT="0." FIRSTLINE="0." LINESPACE="13.30000019"/>
<ParagraphStyle ID="StyleId-639B624E-F6F5-47B6-BB1D-34E64B53022F-" ALIGN="Left" LEFT="0." RIGHT="0." FIRSTLINE="-27." LINESPACE="13.43999958"/>
<ParagraphStyle ID="StyleId-100905F9-D385-406B-A5BD-ED5B8FD85431-" ALIGN="Left" LEFT="0." RIGHT="0." FIRSTLINE="0."/>
<ParagraphStyle ID="StyleId-7C9F9BA2-EF3A-4B7F-8486-CCC7B7F49B39-" ALIGN="Left" LEFT="0." RIGHT="0." FIRSTLINE="-27." LINESPACE="18.71999931"/>
<ParagraphStyle ID="StyleId-350780E3-60F2-4605-88F5-BB54F9B87091-" ALIGN="Block" LEFT="0." RIGHT="0." FIRSTLINE="-27." LINESPACE="18.71999931"/>
<ParagraphStyle ID="StyleId-90B16C58-D795-4C77-9B89-30378C515D40-" ALIGN="Left" LEFT="0." RIGHT="0." FIRSTLINE="0." LINESPACE="14.39999962"/>
<ParagraphStyle ID="StyleId-17090E09-AFAF-4086-BD9B-4E99FAE6B057-" ALIGN="Right" LEFT="0." RIGHT="0." FIRSTLINE="-27." LINESPACE="14.39999962"/>
<ParagraphStyle ID="StyleId-8B87B633-89DB-4D72-B1FC-26E4ABD680BC-" ALIGN="Left" LEFT="0." RIGHT="0." FIRSTLINE="-27." LINESPACE="18.47999954"/>
<ParagraphStyle ID="StyleId-42DA7417-CA90-4D71-A57B-06556C38D752-" ALIGN="Left" LEFT="0." RIGHT="0." FIRSTLINE="0." LINESPACE="13.30000019"/>
<ParagraphStyle ID="StyleId-D8EE2A7E-42AE-4E35-98DB-F0F935637AA0-" ALIGN="Block" LEFT="0." RIGHT="0." FIRSTLINE="0." LINESPACE="6.599999905"/>
<ParagraphStyle ID="StyleId-33CD3121-D4F5-43B6-BA96-6382D166E6B8-" ALIGN="Left" LEFT="0." RIGHT="0." FIRSTLINE="0." LINESPACE="15.5"/>
<ParagraphStyle ID="StyleId-1CE52AFA-C319-4DD9-B4B1-F0EBFA2B3F0B-" ALIGN="Block" LEFT="0." RIGHT="0." FIRSTLINE="-21." LINESPACE="18.71999931"/>
<ParagraphStyle ID="StyleId-B74F1B65-92F1-49C5-A5FA-D20442F031F2-" ALIGN="Left" LEFT="0." RIGHT="0." FIRSTLINE="0." LINESPACE="17.70006076"/>
<ParagraphStyle ID="StyleId-79E2924A-215C-40B7-B577-7236BFBAA25E-" ALIGN="Center" LEFT="0." RIGHT="0." FIRSTLINE="0." LINESPACE="7.199999809"/>
</Styles>
<Layout>
<Page ID="Page405" PHYSICAL_IMG_NR="405" HEIGHT="4196" WIDTH="2350">
<TopMargin HEIGHT="346" WIDTH="2350" VPOS="0" HPOS="0">
</TopMargin>
<LeftMargin HEIGHT="3646" WIDTH="101" VPOS="346" HPOS="0">
</LeftMargin>
<RightMargin HEIGHT="3646" WIDTH="207" VPOS="346" HPOS="2143">
</RightMargin>
<BottomMargin HEIGHT="204" WIDTH="2350" VPOS="3992" HPOS="0">
<TextBlock ID="Page405_Block1" HEIGHT="61" WIDTH="112" VPOS="3998" HPOS="1062" LANG="en-US" STYLEREFS="StyleId-733F6492-B327-4005-BE30-EA6226F5B7F7-">
<TextLine HEIGHT="49" WIDTH="100" VPOS="4004" HPOS="1068">
<String CONTENT="405" HEIGHT="49" WIDTH="100" VPOS="4004" HPOS="1068"/>
</TextLine>
</TextBlock>
</BottomMargin>
<PrintSpace HEIGHT="3646" WIDTH="2042" VPOS="346" HPOS="101">
<TextBlock ID="Page405_Block2" HEIGHT="3646" WIDTH="2042" VPOS="346" HPOS="101" LANG="en-US" CS="1" STYLEREFS="StyleId-A47FAD53-83E5-4EB2-8D75-6D44F4AA317D-">
<Shape>
<Polygon POINTS="101,346 2143,346 2143,3933 649,3933 649,3992 101,3992 101,346"/>
</Shape>
<TextLine HEIGHT="49" WIDTH="1195" VPOS="427" HPOS="204">
<String CONTENT="Bibliography" HEIGHT="48" WIDTH="347" VPOS="428" HPOS="204"/>
<SP HEIGHT="36" WIDTH="27" VPOS="439" HPOS="552"/>
<String CONTENT="at" HEIGHT="37" WIDTH="51" VPOS="431" HPOS="580"/>
<SP HEIGHT="38" WIDTH="23" VPOS="431" HPOS="632"/>
<String CONTENT="end" HEIGHT="39" WIDTH="92" VPOS="430" HPOS="656"/>
<SP HEIGHT="39" WIDTH="25" VPOS="430" HPOS="749"/>
<String CONTENT="of" HEIGHT="39" WIDTH="51" VPOS="429" HPOS="775"/>
<SP HEIGHT="39" WIDTH="23" VPOS="429" HPOS="827"/>
<String CONTENT="most" HEIGHT="37" WIDTH="127" VPOS="432" HPOS="851"/>
<SP HEIGHT="37" WIDTH="24" VPOS="432" HPOS="979"/>
<String CONTENT="of" HEIGHT="40" WIDTH="52" VPOS="428" HPOS="1004"/>
<SP HEIGHT="40" WIDTH="23" VPOS="428" HPOS="1057"/>
<String CONTENT="the" HEIGHT="40" WIDTH="82" VPOS="428" HPOS="1081"/>
<SP HEIGHT="28" WIDTH="24" VPOS="439" HPOS="1164"/>
<String CONTENT="articles." HEIGHT="41" WIDTH="210" VPOS="427" HPOS="1189"/>
</TextLine>
<TextLine HEIGHT="51" WIDTH="1993" VPOS="481" HPOS="138">
<String CONTENT="&#169;" HEIGHT="51" WIDTH="50" VPOS="481" HPOS="138"/>
<SP HEIGHT="51" WIDTH="27" VPOS="481" HPOS="189"/>
<String CONTENT="Mar." HEIGHT="38" WIDTH="120" VPOS="487" HPOS="217"/>
<SP HEIGHT="39" WIDTH="25" VPOS="485" HPOS="338"/>
<String CONTENT="28." HEIGHT="42" WIDTH="68" VPOS="485" HPOS="364"/>
<SP HEIGHT="40" WIDTH="27" VPOS="487" HPOS="433"/>
<String CONTENT="1934;" HEIGHT="47" WIDTH="140" VPOS="485" HPOS="461"/>
<SP HEIGHT="46" WIDTH="27" VPOS="486" HPOS="602"/>
<String CONTENT="2c." HEIGHT="39" WIDTH="67" VPOS="486" HPOS="630"/>
<SP HEIGHT="28" WIDTH="26" VPOS="497" HPOS="698"/>
<String CONTENT="and" HEIGHT="38" WIDTH="95" VPOS="487" HPOS="725"/>
<SP HEIGHT="38" WIDTH="27" VPOS="487" HPOS="821"/>
<String CONTENT="aff." HEIGHT="40" WIDTH="80" VPOS="485" HPOS="849"/>
<SP HEIGHT="40" WIDTH="25" VPOS="485" HPOS="930"/>
<String CONTENT="Apr." HEIGHT="47" WIDTH="112" VPOS="485" HPOS="956"/>
<SP HEIGHT="39" WIDTH="27" VPOS="485" HPOS="1069"/>
<String CONTENT="2;" HEIGHT="47" WIDTH="52" VPOS="485" HPOS="1097"/>
<SP HEIGHT="47" WIDTH="27" VPOS="485" HPOS="1150"/>
<!-- cceid BD56B3F5-6C64-1014-8713-889FF4349C01 --><String CONTENT="A" HEIGHT="38" WIDTH="41" VPOS="485" HPOS="1178"/>
<SP HEIGHT="39" WIDTH="26" VPOS="485" HPOS="1220"/>
<String CONTENT="70888;" HEIGHT="47" WIDTH="168" VPOS="484" HPOS="1247"/>
<SP HEIGHT="47" WIDTH="30" VPOS="484" HPOS="1416"/>
<String CONTENT="Catherine" HEIGHT="41" WIDTH="261" VPOS="484" HPOS="1447"/>
<SP HEIGHT="38" WIDTH="27" VPOS="485" HPOS="1709"/>
<String CONTENT="Filene" HEIGHT="40" WIDTH="165" VPOS="484" HPOS="1737"/>
<SP HEIGHT="41" WIDTH="31" VPOS="484" HPOS="1903"/>
<String CONTENT="Shouse," HEIGHT="47" WIDTH="196" VPOS="484" HPOS="1935"/>
</TextLine>
<TextLine HEIGHT="48" WIDTH="656" VPOS="541" HPOS="205">
<String CONTENT="Washington." HEIGHT="46" WIDTH="335" VPOS="543" HPOS="205"/>
<SP HEIGHT="48" WIDTH="70" VPOS="541" HPOS="541"/>
<String CONTENT="(34-7636)" HEIGHT="48" WIDTH="249" VPOS="541" HPOS="612"/>
</TextLine>
<TextLine HEIGHT="66" WIDTH="963" VPOS="644" HPOS="131" STYLEREFS="StyleId-A0A7024C-760D-427B-9069-E3F69C8AA0E2-">
<String CONTENT="Foran," HEIGHT="65" WIDTH="209" VPOS="644" HPOS="131"/>
<SP HEIGHT="63" WIDTH="26" VPOS="646" HPOS="341"/>
<String CONTENT="William" HEIGHT="55" WIDTH="255" VPOS="644" HPOS="368"/>
<SP HEIGHT="52" WIDTH="27" VPOS="647" HPOS="624"/>
<String CONTENT="Robert," HEIGHT="65" WIDTH="239" VPOS="645" HPOS="652"/>
<SP HEIGHT="61" WIDTH="30" VPOS="649" HPOS="892"/>
<String CONTENT="1882-" HEIGHT="50" WIDTH="171" VPOS="648" HPOS="923"/>
</TextLine>
<TextLine HEIGHT="66" WIDTH="1862" VPOS="723" HPOS="264" STYLEREFS="StyleId-09A9549F-B967-424A-A845-BCE89E3F33E3-" CS="1">
<String CS="1" CONTENT="&#8230;"/>
<SP HEIGHT="51" WIDTH="57" VPOS="725" HPOS="264"/>
<String CONTENT="Drums" HEIGHT="51" WIDTH="214" VPOS="725" HPOS="322"/>
<SP HEIGHT="34" WIDTH="50" VPOS="742" HPOS="537"/>
<String CONTENT="of" HEIGHT="52" WIDTH="64" VPOS="723" HPOS="588"/>
<SP HEIGHT="53" WIDTH="52" VPOS="723" HPOS="653"/>
<String CONTENT="sacrifice." HEIGHT="53" WIDTH="263" VPOS="723" HPOS="706"/>
<SP HEIGHT="51" WIDTH="74" VPOS="725" HPOS="970"/>
<String CONTENT="London," HEIGHT="65" WIDTH="256" VPOS="724" HPOS="1045"/>
<SP HEIGHT="65" WIDTH="52" VPOS="724" HPOS="1302"/>
<String CONTENT="Hutchinson" HEIGHT="53" WIDTH="367" VPOS="723" HPOS="1355"/>
<SP HEIGHT="49" WIDTH="51" VPOS="727" HPOS="1723"/>
<String CONTENT="&amp;" HEIGHT="49" WIDTH="46" VPOS="727" HPOS="1775"/>
<SP HEIGHT="49" WIDTH="50" VPOS="727" HPOS="1822"/>
<String CONTENT="co.," HEIGHT="49" WIDTH="97" VPOS="740" HPOS="1873"/>
<SP HEIGHT="63" WIDTH="51" VPOS="726" HPOS="1971"/>
<String CONTENT="ltd." HEIGHT="55" WIDTH="103" VPOS="724" HPOS="2023"/>
</TextLine>
<TextLine HEIGHT="50" WIDTH="132" VPOS="804" HPOS="160" STYLEREFS="StyleId-09A9549F-B967-424A-A845-BCE89E3F33E3-" CS="1">
<String CS="1" CONTENT="[1934]" HEIGHT="50" WIDTH="132" VPOS="804" HPOS="160"/>
</TextLine>
<TextLine HEIGHT="49" WIDTH="611" VPOS="873" HPOS="201" CS="1">
<String LANG="en-US" CONTENT="4" HEIGHT="39" WIDTH="30" VPOS="875" HPOS="201"/>
<SP/>
<String LANG="fr" CONTENT="p." HEIGHT="37" WIDTH="42" VPOS="885" HPOS="255"/>
<SP/>
<String LANG="fr" CS="1" CONTENT="l."/>
<String LANG="en-US" CONTENT="," HEIGHT="16" WIDTH="9" VPOS="905" HPOS="361"/>
<SP HEIGHT="46" WIDTH="26" VPOS="875" HPOS="371"/>
<String LANG="en-US" CONTENT="13-287" HEIGHT="40" WIDTH="173" VPOS="874" HPOS="398"/>
<SP HEIGHT="46" WIDTH="26" VPOS="876" HPOS="572"/>
<String LANG="en-US" CONTENT="p." HEIGHT="37" WIDTH="42" VPOS="885" HPOS="599"/>
<SP HEIGHT="39" WIDTH="55" VPOS="874" HPOS="642"/>
<String LANG="en-US" CONTENT="19" HEIGHT="41" WIDTH="55" VPOS="873" HPOS="698"/>
<String STYLE="superscript" LANG="en-US" CONTENT="cm" HEIGHT="21" WIDTH="44" VPOS="876" HPOS="756"/>
<String LANG="en-US" CONTENT="." HEIGHT="7" WIDTH="7" VPOS="905" HPOS="805"/>
</TextLine>
<TextLine HEIGHT="48" WIDTH="1066" VPOS="930" HPOS="203" CS="1">
<String CONTENT="At" HEIGHT="39" WIDTH="63" VPOS="932" HPOS="203"/>
<SP HEIGHT="39" WIDTH="23" VPOS="932" HPOS="267"/>
<String CONTENT="head" HEIGHT="41" WIDTH="125" VPOS="930" HPOS="291"/>
<SP HEIGHT="40" WIDTH="26" VPOS="930" HPOS="417"/>
<String CONTENT="of" HEIGHT="39" WIDTH="50" VPOS="931" HPOS="444"/>
<SP HEIGHT="40" WIDTH="25" VPOS="931" HPOS="495"/>
<String CS="1" CONTENT="title:" HEIGHT="40" WIDTH="109" VPOS="931" HPOS="521"/>
<SP HEIGHT="38" WIDTH="29" VPOS="932" HPOS="657"/>
<String CONTENT="By" HEIGHT="46" WIDTH="72" VPOS="932" HPOS="687"/>
<SP HEIGHT="46" WIDTH="26" VPOS="932" HPOS="760"/>
<String CONTENT="W." HEIGHT="40" WIDTH="71" VPOS="932" HPOS="787"/>
<SP HEIGHT="41" WIDTH="27" VPOS="931" HPOS="859"/>
<String CONTENT="Robert" HEIGHT="39" WIDTH="184" VPOS="931" HPOS="887"/>
<SP HEIGHT="40" WIDTH="23" VPOS="930" HPOS="1072"/>
<String CONTENT="Foran." HEIGHT="39" WIDTH="173" VPOS="930" HPOS="1096"/>
</TextLine>
<TextLine HEIGHT="54" WIDTH="1942" VPOS="982" HPOS="138" CS="1">
<String CONTENT="&#169;" HEIGHT="51" WIDTH="50" VPOS="985" HPOS="138"/>
<SP/>
<String CS="1" CONTENT="1c."/>
<SP HEIGHT="39" WIDTH="32" VPOS="989" HPOS="291"/>
<String CONTENT="Mar." HEIGHT="38" WIDTH="119" VPOS="989" HPOS="324"/>
<SP HEIGHT="40" WIDTH="35" VPOS="987" HPOS="444"/>
<String CONTENT="9," HEIGHT="47" WIDTH="38" VPOS="987" HPOS="480"/>
<SP HEIGHT="45" WIDTH="33" VPOS="989" HPOS="519"/>
<String CONTENT="1934;" HEIGHT="46" WIDTH="140" VPOS="988" HPOS="553"/>
<SP HEIGHT="46" WIDTH="35" VPOS="988" HPOS="694"/>
<!-- cceid BD574CD5-6C64-1014-8713-889FF4349C01 --><String CONTENT="A" HEIGHT="38" WIDTH="41" VPOS="988" HPOS="730"/>
<SP HEIGHT="39" WIDTH="31" VPOS="988" HPOS="772"/>
<String LANG="de" CONTENT="ad" HEIGHT="37" WIDTH="61" VPOS="990" HPOS="804"/>
<SP HEIGHT="39" WIDTH="33" VPOS="988" HPOS="866"/>
<String LANG="de" CONTENT="int." HEIGHT="40" WIDTH="86" VPOS="988" HPOS="900"/>
<SP HEIGHT="40" WIDTH="32" VPOS="988" HPOS="987"/>
<String CONTENT="18718;" HEIGHT="47" WIDTH="169" VPOS="987" HPOS="1020"/>
<SP HEIGHT="37" WIDTH="35" VPOS="997" HPOS="1190"/>
<String CONTENT="pubd." HEIGHT="47" WIDTH="142" VPOS="987" HPOS="1226"/>
<SP HEIGHT="12" WIDTH="35" VPOS="1013" HPOS="1369"/>
<String CONTENT="Jan." HEIGHT="40" WIDTH="109" VPOS="987" HPOS="1405"/>
<SP HEIGHT="40" WIDTH="34" VPOS="987" HPOS="1515"/>
<String CONTENT="12;" HEIGHT="47" WIDTH="81" VPOS="986" HPOS="1550"/>
<SP HEIGHT="46" WIDTH="36" VPOS="987" HPOS="1632"/>
<String CONTENT="W." HEIGHT="41" WIDTH="71" VPOS="987" HPOS="1669"/>
<SP HEIGHT="41" WIDTH="35" VPOS="987" HPOS="1741"/>
<String CONTENT="R." HEIGHT="39" WIDTH="53" VPOS="987" HPOS="1777"/>
<SP HEIGHT="39" WIDTH="36" VPOS="987" HPOS="1831"/>
<String CONTENT="Foran," HEIGHT="49" WIDTH="175" VPOS="987" HPOS="1868"/>
<SP HEIGHT="54" WIDTH="36" VPOS="982" HPOS="2044"/>
<String CS="1" CONTENT="&#8453;"/>
</TextLine>
<TextLine HEIGHT="49" WIDTH="1378" VPOS="1043" HPOS="207" CS="1">
<String CONTENT="Mrs." HEIGHT="39" WIDTH="113" VPOS="1046" HPOS="207"/>
<SP HEIGHT="39" WIDTH="31" VPOS="1045" HPOS="321"/>
<String CONTENT="Jacobs," HEIGHT="47" WIDTH="188" VPOS="1045" HPOS="353"/>
<SP HEIGHT="47" WIDTH="31" VPOS="1045" HPOS="542"/>
<String CONTENT="Padworth," HEIGHT="47" WIDTH="277" VPOS="1045" HPOS="574"/>
<SP HEIGHT="47" WIDTH="31" VPOS="1045" HPOS="852"/>
<String CONTENT="Reading," HEIGHT="48" WIDTH="232" VPOS="1043" HPOS="884"/>
<SP HEIGHT="41" WIDTH="31" VPOS="1044" HPOS="1117"/>
<String CONTENT="Berks," HEIGHT="43" WIDTH="167" VPOS="1044" HPOS="1149"/>
<SP HEIGHT="43" WIDTH="31" VPOS="1044" HPOS="1317"/>
<String CONTENT="England." HEIGHT="45" WIDTH="236" VPOS="1044" HPOS="1349"/>
</TextLine>
<TextLine HEIGHT="50" WIDTH="250" VPOS="1101" HPOS="214">
<String CONTENT="(34-9208)" HEIGHT="50" WIDTH="250" VPOS="1101" HPOS="214"/>
</TextLine>
<TextLine HEIGHT="66" WIDTH="737" VPOS="1205" HPOS="135" STYLEREFS="StyleId-A0A7024C-760D-427B-9069-E3F69C8AA0E2-">
<String CONTENT="Foreman," HEIGHT="66" WIDTH="306" VPOS="1205" HPOS="135"/>
<SP HEIGHT="64" WIDTH="29" VPOS="1207" HPOS="442"/>
<String CONTENT="Clark," HEIGHT="65" WIDTH="194" VPOS="1205" HPOS="472"/>
<SP HEIGHT="61" WIDTH="31" VPOS="1209" HPOS="667"/>
<String CONTENT="1902-" HEIGHT="50" WIDTH="173" VPOS="1208" HPOS="699"/>
</TextLine>
<TextLine HEIGHT="70" WIDTH="1936" VPOS="1282" HPOS="201" STYLEREFS="StyleId-09A9549F-B967-424A-A845-BCE89E3F33E3-">
<String CONTENT="The" HEIGHT="53" WIDTH="122" VPOS="1284" HPOS="201"/>
<SP HEIGHT="34" WIDTH="24" VPOS="1303" HPOS="324"/>
<String CONTENT="new" HEIGHT="34" WIDTH="122" VPOS="1302" HPOS="349"/>
<SP HEIGHT="51" WIDTH="27" VPOS="1285" HPOS="472"/>
<String CONTENT="internationalism" HEIGHT="53" WIDTH="521" VPOS="1284" HPOS="500"/>
<SP HEIGHT="48" WIDTH="34" VPOS="1303" HPOS="1022"/>
<String CONTENT="[by]" HEIGHT="68" WIDTH="108" VPOS="1284" HPOS="1057"/>
<SP HEIGHT="68" WIDTH="36" VPOS="1282" HPOS="1166"/>
<String CONTENT="Clark" HEIGHT="55" WIDTH="176" VPOS="1282" HPOS="1203"/>
<SP HEIGHT="52" WIDTH="29" VPOS="1283" HPOS="1380"/>
<String CONTENT="Foreman." HEIGHT="53" WIDTH="299" VPOS="1283" HPOS="1410"/>
<SP HEIGHT="53" WIDTH="74" VPOS="1284" HPOS="1710"/>
<String CONTENT="New" HEIGHT="53" WIDTH="138" VPOS="1284" HPOS="1785"/>
<SP HEIGHT="52" WIDTH="31" VPOS="1284" HPOS="1924"/>
<String CONTENT="York," HEIGHT="68" WIDTH="181" VPOS="1283" HPOS="1956"/>
</TextLine>
<TextLine HEIGHT="69" WIDTH="1217" VPOS="1362" HPOS="132" STYLEREFS="StyleId-09A9549F-B967-424A-A845-BCE89E3F33E3-" CS="1">
<String LANG="fr" CONTENT="W." HEIGHT="54" WIDTH="87" VPOS="1363" HPOS="132"/>
<SP HEIGHT="53" WIDTH="25" VPOS="1363" HPOS="220"/>
<String CONTENT="W." HEIGHT="53" WIDTH="90" VPOS="1363" HPOS="246"/>
<SP HEIGHT="53" WIDTH="28" VPOS="1362" HPOS="337"/>
<String CONTENT="Norton" HEIGHT="53" WIDTH="223" VPOS="1362" HPOS="366"/>
<SP HEIGHT="51" WIDTH="25" VPOS="1364" HPOS="590"/>
<String CONTENT="&amp;" HEIGHT="51" WIDTH="46" VPOS="1364" HPOS="616"/>
<SP HEIGHT="52" WIDTH="25" VPOS="1364" HPOS="663"/>
<String CONTENT="company," HEIGHT="51" WIDTH="298" VPOS="1380" HPOS="689"/>
<SP HEIGHT="67" WIDTH="26" VPOS="1363" HPOS="988"/>
<String CONTENT="inc." HEIGHT="52" WIDTH="107" VPOS="1363" HPOS="1015"/>
<SP HEIGHT="34" WIDTH="34" VPOS="1396" HPOS="1123"/>
<String CS="1" CONTENT="["/>
<String STYLE="superscript" CONTENT="c" HEIGHT="21" WIDTH="17" VPOS="1369" HPOS="1175"/>
<String CONTENT="1934]" HEIGHT="65" WIDTH="152" VPOS="1365" HPOS="1197"/>
</TextLine>
<TextLine HEIGHT="54" WIDTH="1932" VPOS="1435" HPOS="199" CS="1">
<String CONTENT="x" HEIGHT="28" WIDTH="32" VPOS="1448" HPOS="199"/>
<SP/>
<String LANG="fr" CONTENT="p.," HEIGHT="38" WIDTH="58" VPOS="1446" HPOS="262"/>
<SP HEIGHT="47" WIDTH="31" VPOS="1437" HPOS="321"/>
<String CONTENT="1" HEIGHT="38" WIDTH="25" VPOS="1437" HPOS="353"/>
<SP/>
<String CS="1" CONTENT="l.," HEIGHT="16" WIDTH="8" VPOS="1468" HPOS="445"/>
<SP HEIGHT="29" WIDTH="37" VPOS="1457" HPOS="454"/>
<String CONTENT="[13]-154" HEIGHT="49" WIDTH="205" VPOS="1437" HPOS="492"/>
<SP HEIGHT="47" WIDTH="30" VPOS="1438" HPOS="698"/>
<String CONTENT="p." HEIGHT="37" WIDTH="43" VPOS="1448" HPOS="729"/>
<SP HEIGHT="40" WIDTH="72" VPOS="1437" HPOS="773"/>
<String CONTENT="21" HEIGHT="39" WIDTH="55" VPOS="1437" HPOS="846"/>
<String STYLE="superscript" CONTENT="cm" HEIGHT="21" WIDTH="43" VPOS="1439" HPOS="905"/>
<String CONTENT="." HEIGHT="8" WIDTH="7" VPOS="1466" HPOS="954"/>
<SP HEIGHT="49" WIDTH="85" VPOS="1435" HPOS="962"/>
<String CS="1" CONTENT="(Half-title:" HEIGHT="47" WIDTH="274" VPOS="1436" HPOS="1070"/>
<SP HEIGHT="41" WIDTH="35" VPOS="1436" HPOS="1345"/>
<String CONTENT="Social" HEIGHT="41" WIDTH="158" VPOS="1436" HPOS="1381"/>
<SP HEIGHT="38" WIDTH="33" VPOS="1438" HPOS="1540"/>
<String CONTENT="action" HEIGHT="52" WIDTH="161" VPOS="1437" HPOS="1574"/>
<SP HEIGHT="53" WIDTH="33" VPOS="1436" HPOS="1736"/>
<String CONTENT="books," HEIGHT="50" WIDTH="160" VPOS="1436" HPOS="1770"/>
<SP HEIGHT="38" WIDTH="34" VPOS="1448" HPOS="1931"/>
<String CONTENT="ed." HEIGHT="40" WIDTH="71" VPOS="1438" HPOS="1966"/>
<SP HEIGHT="40" WIDTH="35" VPOS="1438" HPOS="2038"/>
<String CONTENT="by" HEIGHT="47" WIDTH="57" VPOS="1438" HPOS="2074"/>
</TextLine>
<TextLine HEIGHT="49" WIDTH="421" VPOS="1493" HPOS="131">
<String CONTENT="Alvin" HEIGHT="40" WIDTH="143" VPOS="1493" HPOS="131"/>
<SP HEIGHT="40" WIDTH="34" VPOS="1493" HPOS="275"/>
<String CONTENT="Johnson)" HEIGHT="49" WIDTH="242" VPOS="1493" HPOS="310"/>
</TextLine>
<TextLine HEIGHT="43" WIDTH="420" VPOS="1548" HPOS="201">
<String CONTENT="&#8220;First" HEIGHT="42" WIDTH="163" VPOS="1549" HPOS="201"/>
<SP HEIGHT="37" WIDTH="28" VPOS="1554" HPOS="365"/>
<String CONTENT="edition.&#8221;" HEIGHT="42" WIDTH="227" VPOS="1548" HPOS="394"/>
</TextLine>
<TextLine HEIGHT="50" WIDTH="701" VPOS="1605" HPOS="199" CS="1">
<String CS="1" CONTENT="Bibliography:" HEIGHT="50" WIDTH="348" VPOS="1605" HPOS="199"/>
<SP HEIGHT="38" WIDTH="33" VPOS="1617" HPOS="575"/>
<String CONTENT="p." HEIGHT="38" WIDTH="43" VPOS="1617" HPOS="609"/>
<SP HEIGHT="40" WIDTH="31" VPOS="1607" HPOS="653"/>
<String CONTENT="151-154." HEIGHT="42" WIDTH="215" VPOS="1606" HPOS="685"/>
</TextLine>
<TextLine HEIGHT="51" WIDTH="1994" VPOS="1660" HPOS="136" CS="1">
<String CONTENT="&#169;" HEIGHT="51" WIDTH="50" VPOS="1660" HPOS="136"/>
<SP HEIGHT="51" WIDTH="33" VPOS="1660" HPOS="187"/>
<String CONTENT="Mar." HEIGHT="38" WIDTH="121" VPOS="1665" HPOS="221"/>
<SP HEIGHT="38" WIDTH="32" VPOS="1664" HPOS="343"/>
<String CONTENT="22," HEIGHT="42" WIDTH="68" VPOS="1664" HPOS="376"/>
<SP HEIGHT="43" WIDTH="31" VPOS="1663" HPOS="445"/>
<String CS="1" CONTENT="1934;" HEIGHT="41" WIDTH="115" VPOS="1663" HPOS="477"/>
<SP HEIGHT="41" WIDTH="33" VPOS="1664" HPOS="619"/>
<String CONTENT="2c." HEIGHT="39" WIDTH="65" VPOS="1664" HPOS="653"/>
<SP HEIGHT="28" WIDTH="34" VPOS="1675" HPOS="719"/>
<String CONTENT="and" HEIGHT="37" WIDTH="94" VPOS="1666" HPOS="754"/>
<SP HEIGHT="37" WIDTH="32" VPOS="1666" HPOS="849"/>
<String CONTENT="aff." HEIGHT="40" WIDTH="81" VPOS="1664" HPOS="882"/>
<SP HEIGHT="39" WIDTH="33" VPOS="1665" HPOS="964"/>
<String CONTENT="Mar." HEIGHT="38" WIDTH="120" VPOS="1665" HPOS="998"/>
<SP HEIGHT="39" WIDTH="32" VPOS="1664" HPOS="1119"/>
<String CS="1" CONTENT="26:" HEIGHT="39" WIDTH="53" VPOS="1664" HPOS="1152"/>
<SP HEIGHT="40" WIDTH="33" VPOS="1664" HPOS="1234"/>
<!-- cceid BD57DEED-6C64-1014-8713-889FF4349C01 --><String CONTENT="A" HEIGHT="38" WIDTH="43" VPOS="1664" HPOS="1268"/>
<SP HEIGHT="39" WIDTH="28" VPOS="1664" HPOS="1312"/>
<String CS="1" CONTENT="71030;" HEIGHT="40" WIDTH="143" VPOS="1663" HPOS="1341"/>
<SP HEIGHT="46" WIDTH="35" VPOS="1664" HPOS="1512"/>
<String LANG="fr" CONTENT="W." HEIGHT="40" WIDTH="70" VPOS="1664" HPOS="1548"/>
<SP HEIGHT="39" WIDTH="34" VPOS="1665" HPOS="1619"/>
<String CONTENT="W." HEIGHT="39" WIDTH="71" VPOS="1665" HPOS="1654"/>
<SP HEIGHT="39" WIDTH="32" VPOS="1665" HPOS="1726"/>
<String CONTENT="Norton" HEIGHT="38" WIDTH="185" VPOS="1665" HPOS="1759"/>
<SP HEIGHT="40" WIDTH="33" VPOS="1664" HPOS="1945"/>
<String CONTENT="&amp;" HEIGHT="40" WIDTH="36" VPOS="1664" HPOS="1979"/>
<SP HEIGHT="40" WIDTH="31" VPOS="1664" HPOS="2016"/>
<String CONTENT="co.," HEIGHT="31" WIDTH="82" VPOS="1675" HPOS="2048"/>
</TextLine>
<TextLine HEIGHT="49" WIDTH="416" VPOS="1720" HPOS="200">
<String CONTENT="inc." HEIGHT="41" WIDTH="92" VPOS="1720" HPOS="200"/>
<SP HEIGHT="49" WIDTH="72" VPOS="1720" HPOS="293"/>
<String CONTENT="(34-7633" HEIGHT="49" WIDTH="224" VPOS="1720" HPOS="366"/>
<SP HEIGHT="48" WIDTH="11" VPOS="1721" HPOS="591"/>
<String CONTENT=")" HEIGHT="47" WIDTH="13" VPOS="1722" HPOS="603"/>
</TextLine>
<TextLine HEIGHT="70" WIDTH="1639" VPOS="1822" HPOS="128" STYLEREFS="StyleId-09A9549F-B967-424A-A845-BCE89E3F33E3-" CS="1">
<String CONTENT="The" HEIGHT="52" WIDTH="120" VPOS="1823" HPOS="128"/>
<SP HEIGHT="52" WIDTH="30" VPOS="1824" HPOS="249"/>
<String CONTENT="Fortnightly" HEIGHT="65" WIDTH="385" VPOS="1823" HPOS="280"/>
<SP HEIGHT="46" WIDTH="28" VPOS="1842" HPOS="666"/>
<String CONTENT="review," HEIGHT="54" WIDTH="221" VPOS="1822" HPOS="695"/>
<SP HEIGHT="33" WIDTH="72" VPOS="1842" HPOS="917"/>
<String CONTENT="no." HEIGHT="33" WIDTH="88" VPOS="1842" HPOS="990"/>
<SP HEIGHT="48" WIDTH="33" VPOS="1827" HPOS="1079"/>
<String CONTENT="809," HEIGHT="65" WIDTH="114" VPOS="1826" HPOS="1113"/>
<SP HEIGHT="49" WIDTH="25" VPOS="1842" HPOS="1228"/>
<String CONTENT="n." HEIGHT="33" WIDTH="54" VPOS="1842" HPOS="1254"/>
<SP HEIGHT="33" WIDTH="30" VPOS="1843" HPOS="1309"/>
<String CONTENT="s.," HEIGHT="47" WIDTH="60" VPOS="1843" HPOS="1340"/>
<SP HEIGHT="64" WIDTH="27" VPOS="1826" HPOS="1401"/>
<String CONTENT="May," HEIGHT="66" WIDTH="156" VPOS="1826" HPOS="1429"/>
<SP HEIGHT="65" WIDTH="31" VPOS="1827" HPOS="1586"/>
<String CONTENT="1934." HEIGHT="51" WIDTH="149" VPOS="1827" HPOS="1618"/>
</TextLine>
<TextLine HEIGHT="51" WIDTH="1995" VPOS="1894" HPOS="135" STYLEREFS="StyleId-09A9549F-B967-424A-A845-BCE89E3F33E3-" CS="1">
<String CONTENT="&#169;" HEIGHT="51" WIDTH="50" VPOS="1894" HPOS="135"/>
<SP/>
<String CS="1" CONTENT="1c."/>
<SP HEIGHT="39" WIDTH="29" VPOS="1899" HPOS="281"/>
<String CONTENT="May" HEIGHT="46" WIDTH="113" VPOS="1899" HPOS="311"/>
<SP HEIGHT="46" WIDTH="26" VPOS="1899" HPOS="425"/>
<String CONTENT="10," HEIGHT="48" WIDTH="68" VPOS="1897" HPOS="452"/>
<SP HEIGHT="45" WIDTH="28" VPOS="1900" HPOS="521"/>
<String CONTENT="1934;" HEIGHT="47" WIDTH="140" VPOS="1897" HPOS="550"/>
<SP HEIGHT="46" WIDTH="31" VPOS="1898" HPOS="691"/>
<!-- cceid BD5869A0-6C64-1014-8713-889FF4349C01 --><String CONTENT="A" HEIGHT="38" WIDTH="41" VPOS="1898" HPOS="723"/>
<SP HEIGHT="39" WIDTH="26" VPOS="1898" HPOS="765"/>
<String CONTENT="ad" HEIGHT="38" WIDTH="60" VPOS="1899" HPOS="792"/>
<SP HEIGHT="39" WIDTH="26" VPOS="1898" HPOS="853"/>
<String CONTENT="int." HEIGHT="39" WIDTH="85" VPOS="1898" HPOS="880"/>
<SP HEIGHT="38" WIDTH="29" VPOS="1898" HPOS="966"/>
<String CONTENT="18927;" HEIGHT="47" WIDTH="169" VPOS="1897" HPOS="996"/>
<SP HEIGHT="36" WIDTH="29" VPOS="1908" HPOS="1166"/>
<String CONTENT="pubd." HEIGHT="46" WIDTH="143" VPOS="1898" HPOS="1196"/>
<SP HEIGHT="38" WIDTH="28" VPOS="1899" HPOS="1340"/>
<String CONTENT="May" HEIGHT="46" WIDTH="115" VPOS="1899" HPOS="1369"/>
<SP HEIGHT="46" WIDTH="27" VPOS="1899" HPOS="1485"/>
<String CONTENT="1;" HEIGHT="45" WIDTH="51" VPOS="1899" HPOS="1513"/>
<SP HEIGHT="46" WIDTH="33" VPOS="1898" HPOS="1565"/>
<String CONTENT="Fortnightly" HEIGHT="48" WIDTH="310" VPOS="1896" HPOS="1599"/>
<SP HEIGHT="36" WIDTH="30" VPOS="1908" HPOS="1910"/>
<String CONTENT="review," HEIGHT="48" WIDTH="189" VPOS="1895" HPOS="1941"/>
</TextLine>
<TextLine HEIGHT="46" WIDTH="337" VPOS="1956" HPOS="201" STYLEREFS="StyleId-09A9549F-B967-424A-A845-BCE89E3F33E3-">
<String CONTENT="ltd.," HEIGHT="46" WIDTH="99" VPOS="1956" HPOS="201"/>
<SP HEIGHT="46" WIDTH="26" VPOS="1956" HPOS="301"/>
<String CONTENT="London." HEIGHT="38" WIDTH="210" VPOS="1956" HPOS="328"/>
</TextLine>
<TextLine HEIGHT="71" WIDTH="1341" VPOS="2041" HPOS="133" STYLEREFS="StyleId-A0A7024C-760D-427B-9069-E3F69C8AA0E2-">
<String CONTENT="Gibson," HEIGHT="67" WIDTH="238" VPOS="2041" HPOS="133"/>
<SP HEIGHT="63" WIDTH="25" VPOS="2045" HPOS="372"/>
<String CONTENT="Walter" HEIGHT="55" WIDTH="224" VPOS="2043" HPOS="398"/>
<SP HEIGHT="52" WIDTH="26" VPOS="2044" HPOS="623"/>
<String CONTENT="Brown," HEIGHT="64" WIDTH="231" VPOS="2044" HPOS="650"/>
<SP HEIGHT="61" WIDTH="28" VPOS="2047" HPOS="882"/>
<String CONTENT="1897-" HEIGHT="54" WIDTH="172" VPOS="2043" HPOS="911"/>
<SP HEIGHT="34" WIDTH="210" VPOS="2061" HPOS="1084"/>
<String CONTENT="comp." HEIGHT="51" WIDTH="179" VPOS="2061" HPOS="1295"/>
</TextLine>
<TextLine HEIGHT="69" WIDTH="1932" VPOS="2119" HPOS="199" STYLEREFS="StyleId-09A9549F-B967-424A-A845-BCE89E3F33E3-">
<String CONTENT="Magician&#8217;s" HEIGHT="69" WIDTH="339" VPOS="2119" HPOS="199"/>
<SP HEIGHT="33" WIDTH="41" VPOS="2139" HPOS="539"/>
<String CONTENT="manual;" HEIGHT="67" WIDTH="259" VPOS="2121" HPOS="581"/>
<SP HEIGHT="63" WIDTH="45" VPOS="2125" HPOS="841"/>
<String CONTENT="tricks" HEIGHT="54" WIDTH="175" VPOS="2119" HPOS="887"/>
<SP HEIGHT="34" WIDTH="44" VPOS="2139" HPOS="1063"/>
<String CONTENT="and" HEIGHT="52" WIDTH="111" VPOS="2121" HPOS="1108"/>
<SP HEIGHT="52" WIDTH="41" VPOS="2121" HPOS="1220"/>
<String CONTENT="routines," HEIGHT="67" WIDTH="270" VPOS="2120" HPOS="1262"/>
<SP HEIGHT="48" WIDTH="42" VPOS="2139" HPOS="1533"/>
<String CONTENT="with" HEIGHT="53" WIDTH="140" VPOS="2119" HPOS="1576"/>
<SP HEIGHT="51" WIDTH="44" VPOS="2121" HPOS="1717"/>
<String CONTENT="instructions" HEIGHT="53" WIDTH="369" VPOS="2120" HPOS="1762"/>
</TextLine>
<TextLine HEIGHT="131" WIDTH="1977" VPOS="2197" HPOS="130" STYLEREFS="StyleId-09A9549F-B967-424A-A845-BCE89E3F33E3-" CS="1">
<String CONTENT="for" HEIGHT="52" WIDTH="92" VPOS="2197" HPOS="132"/>
<SP HEIGHT="34" WIDTH="32" VPOS="2216" HPOS="225"/>
<String CONTENT="expert" HEIGHT="62" WIDTH="196" VPOS="2204" HPOS="258"/>
<SP HEIGHT="62" WIDTH="31" VPOS="2204" HPOS="455"/>
<String CONTENT="performance" HEIGHT="69" WIDTH="400" VPOS="2197" HPOS="487"/>
<SP HEIGHT="52" WIDTH="27" VPOS="2199" HPOS="888"/>
<String CONTENT="by" HEIGHT="67" WIDTH="75" VPOS="2199" HPOS="916"/>
<SP HEIGHT="62" WIDTH="30" VPOS="2204" HPOS="992"/>
<String CONTENT="the" HEIGHT="51" WIDTH="95" VPOS="2199" HPOS="1023"/>
<SP HEIGHT="33" WIDTH="32" VPOS="2217" HPOS="1119"/>
<String CONTENT="amateur." HEIGHT="48" WIDTH="271" VPOS="2202" HPOS="1152"/>
<SP HEIGHT="55" WIDTH="71" VPOS="2197" HPOS="1424"/>
<String CONTENT="Compiled" HEIGHT="69" WIDTH="300" VPOS="2197" HPOS="1496"/>
<SP HEIGHT="53" WIDTH="35" VPOS="2198" HPOS="1797"/>
<String CONTENT="for" HEIGHT="53" WIDTH="94" VPOS="2198" HPOS="1833"/>
<SP HEIGHT="33" WIDTH="30" VPOS="2218" HPOS="1928"/>
<String CONTENT="members" HEIGHT="112" WIDTH="1977" VPOS="2216" HPOS="130"/>
</TextLine>
<TextLine HEIGHT="69" WIDTH="1848" VPOS="2276" HPOS="281" STYLEREFS="StyleId-09A9549F-B967-424A-A845-BCE89E3F33E3-">
<String CONTENT="of" HEIGHT="53" WIDTH="64" VPOS="2276" HPOS="281"/>
<SP HEIGHT="52" WIDTH="24" VPOS="2276" HPOS="346"/>
<String CONTENT="the" HEIGHT="51" WIDTH="95" VPOS="2277" HPOS="371"/>
<SP HEIGHT="52" WIDTH="24" VPOS="2276" HPOS="467"/>
<String CONTENT="Magicians&#8217;" HEIGHT="68" WIDTH="338" VPOS="2276" HPOS="492"/>
<SP HEIGHT="51" WIDTH="25" VPOS="2276" HPOS="831"/>
<String CONTENT="league" HEIGHT="69" WIDTH="198" VPOS="2276" HPOS="857"/>
<SP HEIGHT="34" WIDTH="26" VPOS="2295" HPOS="1056"/>
<String CONTENT="of" HEIGHT="53" WIDTH="65" VPOS="2276" HPOS="1083"/>
<SP HEIGHT="52" WIDTH="21" VPOS="2276" HPOS="1149"/>
<String CONTENT="America" HEIGHT="52" WIDTH="265" VPOS="2276" HPOS="1171"/>
<SP HEIGHT="52" WIDTH="28" VPOS="2277" HPOS="1437"/>
<String CONTENT="by" HEIGHT="68" WIDTH="73" VPOS="2277" HPOS="1466"/>
<SP HEIGHT="68" WIDTH="24" VPOS="2277" HPOS="1540"/>
<String CONTENT="Walter" HEIGHT="53" WIDTH="224" VPOS="2277" HPOS="1565"/>
<SP HEIGHT="51" WIDTH="27" VPOS="2278" HPOS="1790"/>
<String CONTENT="B." HEIGHT="51" WIDTH="67" VPOS="2278" HPOS="1818"/>
<SP HEIGHT="55" WIDTH="27" VPOS="2276" HPOS="1886"/>
<String CONTENT="Gibson" HEIGHT="55" WIDTH="215" VPOS="2276" HPOS="1914"/>
</TextLine>
<TextLine HEIGHT="70" WIDTH="1794" VPOS="2353" HPOS="192" STYLEREFS="StyleId-09A9549F-B967-424A-A845-BCE89E3F33E3-" CS="1">
<String CS="1" CONTENT="&#8230;"/>
<SP HEIGHT="52" WIDTH="68" VPOS="2355" HPOS="192"/>
<String CONTENT="New" HEIGHT="52" WIDTH="138" VPOS="2355" HPOS="261"/>
<SP HEIGHT="51" WIDTH="31" VPOS="2355" HPOS="400"/>
<String CONTENT="York," HEIGHT="68" WIDTH="181" VPOS="2353" HPOS="432"/>
<SP HEIGHT="66" WIDTH="26" VPOS="2355" HPOS="614"/>
<String CONTENT="The" HEIGHT="51" WIDTH="123" VPOS="2355" HPOS="641"/>
<SP HEIGHT="53" WIDTH="26" VPOS="2353" HPOS="765"/>
<String CONTENT="Magicians&#8217;" HEIGHT="70" WIDTH="338" VPOS="2353" HPOS="792"/>
<SP HEIGHT="50" WIDTH="29" VPOS="2355" HPOS="1131"/>
<String CONTENT="league" HEIGHT="67" WIDTH="197" VPOS="2355" HPOS="1161"/>
<SP HEIGHT="35" WIDTH="32" VPOS="2373" HPOS="1359"/>
<String CONTENT="of" HEIGHT="54" WIDTH="63" VPOS="2354" HPOS="1392"/>
<SP HEIGHT="52" WIDTH="28" VPOS="2354" HPOS="1456"/>
<String CONTENT="America" HEIGHT="54" WIDTH="267" VPOS="2354" HPOS="1485"/>
<SP HEIGHT="48" WIDTH="39" VPOS="2373" HPOS="1753"/>
<String CONTENT="[" HEIGHT="34" WIDTH="13" VPOS="2387" HPOS="1793"/>
<String STYLE="superscript" CONTENT="c" HEIGHT="21" WIDTH="17" VPOS="2360" HPOS="1811"/>
<String CONTENT="1933]" HEIGHT="64" WIDTH="152" VPOS="2357" HPOS="1834"/>
</TextLine>
<TextLine HEIGHT="50" WIDTH="655" VPOS="2426" HPOS="199" CS="1">
<String CONTENT="140" HEIGHT="40" WIDTH="84" VPOS="2427" HPOS="199"/>
<SP HEIGHT="48" WIDTH="29" VPOS="2427" HPOS="284"/>
<String LANG="fr" CONTENT="p.," HEIGHT="38" WIDTH="59" VPOS="2438" HPOS="314"/>
<SP HEIGHT="49" WIDTH="29" VPOS="2427" HPOS="374"/>
<String CONTENT="1" HEIGHT="39" WIDTH="25" VPOS="2427" HPOS="404"/>
<SP/>
<String CS="1" CONTENT="l."/>
<SP HEIGHT="19" WIDTH="45" VPOS="2449" HPOS="489"/>
<String CONTENT="illus." HEIGHT="41" WIDTH="127" VPOS="2426" HPOS="550"/>
<SP HEIGHT="40" WIDTH="58" VPOS="2427" HPOS="678"/>
<String CONTENT="26" HEIGHT="41" WIDTH="57" VPOS="2426" HPOS="737"/>
<String STYLE="superscript" CONTENT="cm" HEIGHT="22" WIDTH="44" VPOS="2428" HPOS="798"/>
<String CONTENT="." HEIGHT="8" WIDTH="7" VPOS="2462" HPOS="847"/>
</TextLine>
<TextLine HEIGHT="50" WIDTH="1930" VPOS="2482" HPOS="200">
<String CONTENT="With" HEIGHT="42" WIDTH="133" VPOS="2482" HPOS="200"/>
<SP HEIGHT="40" WIDTH="33" VPOS="2484" HPOS="334"/>
<String CONTENT="this" HEIGHT="40" WIDTH="99" VPOS="2484" HPOS="368"/>
<SP HEIGHT="30" WIDTH="32" VPOS="2493" HPOS="468"/>
<String CONTENT="manual" HEIGHT="40" WIDTH="198" VPOS="2483" HPOS="501"/>
<SP HEIGHT="40" WIDTH="33" VPOS="2483" HPOS="700"/>
<String CONTENT="are" HEIGHT="30" WIDTH="82" VPOS="2494" HPOS="734"/>
<SP HEIGHT="29" WIDTH="33" VPOS="2495" HPOS="817"/>
<String CONTENT="supplied" HEIGHT="47" WIDTH="220" VPOS="2484" HPOS="851"/>
<SP HEIGHT="39" WIDTH="34" VPOS="2485" HPOS="1072"/>
<String CONTENT="the" HEIGHT="40" WIDTH="82" VPOS="2484" HPOS="1107"/>
<SP HEIGHT="29" WIDTH="32" VPOS="2495" HPOS="1190"/>
<String CONTENT="necessary" HEIGHT="36" WIDTH="257" VPOS="2494" HPOS="1223"/>
<SP HEIGHT="36" WIDTH="36" VPOS="2494" HPOS="1481"/>
<String CONTENT="appliances" HEIGHT="48" WIDTH="278" VPOS="2484" HPOS="1518"/>
<SP HEIGHT="40" WIDTH="33" VPOS="2484" HPOS="1797"/>
<String CONTENT="for" HEIGHT="40" WIDTH="80" VPOS="2484" HPOS="1831"/>
<SP HEIGHT="30" WIDTH="33" VPOS="2494" HPOS="1912"/>
<String CONTENT="all" HEIGHT="40" WIDTH="67" VPOS="2484" HPOS="1946"/>
<SP HEIGHT="38" WIDTH="35" VPOS="2485" HPOS="2014"/>
<String CONTENT="the" HEIGHT="40" WIDTH="80" VPOS="2483" HPOS="2050"/>
</TextLine>
<TextLine HEIGHT="51" WIDTH="1999" VPOS="2539" HPOS="131">
<String CONTENT="tricks" HEIGHT="41" WIDTH="152" VPOS="2539" HPOS="131"/>
<SP HEIGHT="30" WIDTH="35" VPOS="2550" HPOS="284"/>
<String CONTENT="explained" HEIGHT="48" WIDTH="256" VPOS="2540" HPOS="320"/>
<SP HEIGHT="40" WIDTH="38" VPOS="2540" HPOS="577"/>
<String CONTENT="in" HEIGHT="39" WIDTH="50" VPOS="2540" HPOS="616"/>
<SP HEIGHT="37" WIDTH="37" VPOS="2543" HPOS="667"/>
<String CONTENT="the" HEIGHT="39" WIDTH="82" VPOS="2541" HPOS="705"/>
<SP HEIGHT="39" WIDTH="34" VPOS="2541" HPOS="788"/>
<String CONTENT="form" HEIGHT="39" WIDTH="127" VPOS="2541" HPOS="823"/>
<SP HEIGHT="30" WIDTH="39" VPOS="2550" HPOS="951"/>
<String CONTENT="of" HEIGHT="40" WIDTH="51" VPOS="2540" HPOS="991"/>
<SP HEIGHT="40" WIDTH="36" VPOS="2540" HPOS="1043"/>
<String CONTENT="colored" HEIGHT="39" WIDTH="189" VPOS="2542" HPOS="1080"/>
<SP HEIGHT="39" WIDTH="40" VPOS="2542" HPOS="1270"/>
<String CONTENT="ribbon," HEIGHT="50" WIDTH="182" VPOS="2540" HPOS="1311"/>
<SP HEIGHT="38" WIDTH="42" VPOS="2552" HPOS="1494"/>
<String CONTENT="sheets" HEIGHT="40" WIDTH="162" VPOS="2541" HPOS="1537"/>
<SP HEIGHT="30" WIDTH="39" VPOS="2551" HPOS="1700"/>
<String CONTENT="of" HEIGHT="41" WIDTH="51" VPOS="2540" HPOS="1740"/>
<SP HEIGHT="48" WIDTH="36" VPOS="2540" HPOS="1792"/>
<String CONTENT="paper," HEIGHT="39" WIDTH="163" VPOS="2550" HPOS="1829"/>
<SP HEIGHT="37" WIDTH="41" VPOS="2552" HPOS="1993"/>
<String CONTENT="and" HEIGHT="40" WIDTH="95" VPOS="2540" HPOS="2035"/>
</TextLine>
<TextLine HEIGHT="52" WIDTH="1598" VPOS="2596" HPOS="135">
<String CONTENT="mounted" HEIGHT="39" WIDTH="225" VPOS="2598" HPOS="135"/>
<SP HEIGHT="38" WIDTH="29" VPOS="2598" HPOS="361"/>
<String CONTENT="envelopes" HEIGHT="47" WIDTH="253" VPOS="2596" HPOS="391"/>
<SP HEIGHT="30" WIDTH="29" VPOS="2607" HPOS="645"/>
<String CONTENT="containing" HEIGHT="47" WIDTH="282" VPOS="2597" HPOS="675"/>
<SP HEIGHT="45" WIDTH="28" VPOS="2599" HPOS="958"/>
<String CONTENT="tags," HEIGHT="46" WIDTH="120" VPOS="2599" HPOS="987"/>
<SP HEIGHT="36" WIDTH="31" VPOS="2607" HPOS="1108"/>
<String CONTENT="cards," HEIGHT="51" WIDTH="154" VPOS="2597" HPOS="1140"/>
<SP HEIGHT="39" WIDTH="31" VPOS="2609" HPOS="1295"/>
<String CONTENT="etc." HEIGHT="38" WIDTH="87" VPOS="2600" HPOS="1327"/>
<SP HEIGHT="32" WIDTH="61" VPOS="2606" HPOS="1415"/>
<String CONTENT="cf." HEIGHT="47" WIDTH="60" VPOS="2597" HPOS="1477"/>
<SP HEIGHT="38" WIDTH="30" VPOS="2607" HPOS="1538"/>
<String CONTENT="p." HEIGHT="38" WIDTH="44" VPOS="2607" HPOS="1569"/>
<SP HEIGHT="29" WIDTH="34" VPOS="2619" HPOS="1614"/>
<String CONTENT="[11]" HEIGHT="50" WIDTH="84" VPOS="2598" HPOS="1649"/>
</TextLine>
<TextLine HEIGHT="42" WIDTH="468" VPOS="2651" HPOS="205">
<String CONTENT="&#8220;Second" HEIGHT="42" WIDTH="212" VPOS="2651" HPOS="205"/>
<SP HEIGHT="39" WIDTH="28" VPOS="2654" HPOS="418"/>
<String CONTENT="edition.&#8221;" HEIGHT="41" WIDTH="226" VPOS="2652" HPOS="447"/>
</TextLine>
<TextLine HEIGHT="52" WIDTH="1994" VPOS="2707" HPOS="135">
<String CONTENT="&#169;" HEIGHT="51" WIDTH="52" VPOS="2707" HPOS="135"/>
<SP HEIGHT="51" WIDTH="29" VPOS="2707" HPOS="188"/>
<String CONTENT="Dec." HEIGHT="39" WIDTH="111" VPOS="2713" HPOS="218"/>
<SP HEIGHT="40" WIDTH="28" VPOS="2712" HPOS="330"/>
<String CONTENT="4," HEIGHT="44" WIDTH="40" VPOS="2712" HPOS="359"/>
<SP HEIGHT="43" WIDTH="31" VPOS="2713" HPOS="400"/>
<String CONTENT="1933;" HEIGHT="47" WIDTH="139" VPOS="2711" HPOS="432"/>
<SP HEIGHT="47" WIDTH="33" VPOS="2711" HPOS="572"/>
<String CONTENT="2c." HEIGHT="39" WIDTH="65" VPOS="2711" HPOS="606"/>
<SP HEIGHT="39" WIDTH="32" VPOS="2711" HPOS="672"/>
<String CONTENT="Jan." HEIGHT="40" WIDTH="109" VPOS="2711" HPOS="705"/>
<SP HEIGHT="39" WIDTH="30" VPOS="2712" HPOS="815"/>
<String CONTENT="2," HEIGHT="46" WIDTH="39" VPOS="2712" HPOS="846"/>
<SP HEIGHT="45" WIDTH="31" VPOS="2713" HPOS="886"/>
<String CONTENT="1934;" HEIGHT="46" WIDTH="139" VPOS="2712" HPOS="918"/>
<SP HEIGHT="35" WIDTH="33" VPOS="2723" HPOS="1058"/>
<String CONTENT="aff." HEIGHT="41" WIDTH="82" VPOS="2711" HPOS="1092"/>
<SP HEIGHT="39" WIDTH="31" VPOS="2713" HPOS="1175"/>
<String CONTENT="Jan." HEIGHT="40" WIDTH="108" VPOS="2713" HPOS="1207"/>
<SP HEIGHT="40" WIDTH="32" VPOS="2713" HPOS="1316"/>
<String CONTENT="23;" HEIGHT="46" WIDTH="81" VPOS="2713" HPOS="1349"/>
<SP HEIGHT="47" WIDTH="34" VPOS="2712" HPOS="1431"/>
<!-- cceid BD58F211-6C64-1014-8713-889FF4349C01 --><String CONTENT="A" HEIGHT="39" WIDTH="41" VPOS="2712" HPOS="1466"/>
<SP HEIGHT="40" WIDTH="28" VPOS="2712" HPOS="1508"/>
<String CONTENT="70062;" HEIGHT="47" WIDTH="170" VPOS="2712" HPOS="1537"/>
<SP HEIGHT="46" WIDTH="33" VPOS="2713" HPOS="1708"/>
<String LANG="fr" CONTENT="W." HEIGHT="39" WIDTH="73" VPOS="2713" HPOS="1742"/>
<SP HEIGHT="38" WIDTH="31" VPOS="2714" HPOS="1816"/>
<String CONTENT="B." HEIGHT="38" WIDTH="53" VPOS="2714" HPOS="1848"/>
<SP HEIGHT="40" WIDTH="33" VPOS="2712" HPOS="1902"/>
<String CONTENT="Gibson," HEIGHT="44" WIDTH="193" VPOS="2711" HPOS="1936"/>
</TextLine>
<TextLine HEIGHT="48" WIDTH="678" VPOS="2768" HPOS="204">
<String CONTENT="Solsbury," HEIGHT="48" WIDTH="244" VPOS="2768" HPOS="204"/>
<SP HEIGHT="46" WIDTH="28" VPOS="2769" HPOS="449"/>
<String CONTENT="Pa." HEIGHT="39" WIDTH="82" VPOS="2769" HPOS="478"/>
<SP HEIGHT="48" WIDTH="70" VPOS="2768" HPOS="561"/>
<String CONTENT="(34-7619)" HEIGHT="48" WIDTH="250" VPOS="2768" HPOS="632"/>
</TextLine>
<TextLine HEIGHT="66" WIDTH="714" VPOS="2858" HPOS="134" STYLEREFS="StyleId-A0A7024C-760D-427B-9069-E3F69C8AA0E2-">
<String CONTENT="Gluck," HEIGHT="65" WIDTH="201" VPOS="2859" HPOS="134"/>
<SP HEIGHT="63" WIDTH="37" VPOS="2861" HPOS="336"/>
<String CONTENT="Charles," HEIGHT="66" WIDTH="264" VPOS="2858" HPOS="374"/>
<SP HEIGHT="61" WIDTH="36" VPOS="2863" HPOS="639"/>
<String CONTENT="1885-" HEIGHT="50" WIDTH="172" VPOS="2862" HPOS="676"/>
</TextLine>
<TextLine HEIGHT="147" WIDTH="1998" VPOS="2935" HPOS="131" STYLEREFS="StyleId-09A9549F-B967-424A-A845-BCE89E3F33E3-" CS="1">
<String CONTENT="Permanent" HEIGHT="52" WIDTH="346" VPOS="2935" HPOS="200"/>
<SP HEIGHT="63" WIDTH="25" VPOS="2941" HPOS="547"/>
<String CONTENT="good" HEIGHT="68" WIDTH="147" VPOS="2936" HPOS="573"/>
<SP HEIGHT="52" WIDTH="26" VPOS="2936" HPOS="721"/>
<String CS="1" CONTENT="health;" HEIGHT="51" WIDTH="195" VPOS="2936" HPOS="748"/>
<SP HEIGHT="62" WIDTH="29" VPOS="2941" HPOS="972"/>
<String CONTENT="the" HEIGHT="52" WIDTH="95" VPOS="2937" HPOS="1002"/>
<SP HEIGHT="34" WIDTH="27" VPOS="2955" HPOS="1098"/>
<String CONTENT="control" HEIGHT="51" WIDTH="218" VPOS="2939" HPOS="1126"/>
<SP HEIGHT="51" WIDTH="28" VPOS="2939" HPOS="1345"/>
<String CONTENT="of" HEIGHT="54" WIDTH="63" VPOS="2936" HPOS="1374"/>
<SP HEIGHT="53" WIDTH="28" VPOS="2936" HPOS="1438"/>
<String CONTENT="our" HEIGHT="34" WIDTH="101" VPOS="2955" HPOS="1467"/>
<SP HEIGHT="34" WIDTH="28" VPOS="2955" HPOS="1569"/>
<String CONTENT="common" HEIGHT="36" WIDTH="258" VPOS="2953" HPOS="1598"/>
<SP HEIGHT="52" WIDTH="29" VPOS="2936" HPOS="1857"/>
<String CONTENT="foundation" HEIGHT="128" WIDTH="1974" VPOS="2936" HPOS="131"/>
<SP HEIGHT="34" WIDTH="22" VPOS="3031" HPOS="253"/>
<String CONTENT="of" HEIGHT="53" WIDTH="64" VPOS="3012" HPOS="276"/>
<SP HEIGHT="53" WIDTH="23" VPOS="3012" HPOS="341"/>
<String CONTENT="disease," HEIGHT="66" WIDTH="231" VPOS="3014" HPOS="365"/>
<SP HEIGHT="67" WIDTH="23" VPOS="3013" HPOS="597"/>
<String CONTENT="by" HEIGHT="68" WIDTH="74" VPOS="3013" HPOS="621"/>
<SP HEIGHT="69" WIDTH="27" VPOS="3012" HPOS="696"/>
<String CONTENT="Charles" HEIGHT="55" WIDTH="235" VPOS="3012" HPOS="724"/>
<SP HEIGHT="55" WIDTH="25" VPOS="3013" HPOS="960"/>
<String CONTENT="Gluck," HEIGHT="69" WIDTH="201" VPOS="3013" HPOS="986"/>
<SP HEIGHT="48" WIDTH="26" VPOS="3034" HPOS="1188"/>
<String CONTENT="m." HEIGHT="33" WIDTH="66" VPOS="3034" HPOS="1215"/>
<SP HEIGHT="32" WIDTH="25" VPOS="3035" HPOS="1282"/>
<String CONTENT="d." HEIGHT="32" WIDTH="47" VPOS="3035" HPOS="1308"/>
<SP HEIGHT="53" WIDTH="60" VPOS="3014" HPOS="1356"/>
<String CONTENT="New" HEIGHT="53" WIDTH="138" VPOS="3014" HPOS="1417"/>
<SP HEIGHT="52" WIDTH="28" VPOS="3015" HPOS="1556"/>
<String CONTENT="York," HEIGHT="68" WIDTH="181" VPOS="3014" HPOS="1585"/>
<SP HEIGHT="67" WIDTH="25" VPOS="3015" HPOS="1767"/>
<String LANG="fr" CONTENT="N." HEIGHT="52" WIDTH="68" VPOS="3015" HPOS="1793"/>
<SP HEIGHT="52" WIDTH="28" VPOS="3015" HPOS="1862"/>
<String CONTENT="Y.," HEIGHT="67" WIDTH="90" VPOS="3015" HPOS="1891"/>
<SP HEIGHT="66" WIDTH="27" VPOS="3016" HPOS="1982"/>
<String CONTENT="The" HEIGHT="52" WIDTH="119" VPOS="3015" HPOS="2010"/>
</TextLine>
<TextLine HEIGHT="70" WIDTH="1678" VPOS="3091" HPOS="132" STYLEREFS="StyleId-09A9549F-B967-424A-A845-BCE89E3F33E3-">
<String CONTENT="Permanent" HEIGHT="52" WIDTH="345" VPOS="3091" HPOS="132"/>
<SP HEIGHT="63" WIDTH="32" VPOS="3096" HPOS="478"/>
<String CONTENT="good" HEIGHT="67" WIDTH="148" VPOS="3092" HPOS="511"/>
<SP HEIGHT="52" WIDTH="33" VPOS="3091" HPOS="660"/>
<String CONTENT="health" HEIGHT="52" WIDTH="195" VPOS="3091" HPOS="694"/>
<SP HEIGHT="67" WIDTH="32" VPOS="3092" HPOS="890"/>
<String CONTENT="publishing" HEIGHT="68" WIDTH="336" VPOS="3092" HPOS="923"/>
<SP HEIGHT="50" WIDTH="34" VPOS="3110" HPOS="1260"/>
<String CONTENT="company" HEIGHT="51" WIDTH="280" VPOS="3110" HPOS="1295"/>
<SP HEIGHT="49" WIDTH="41" VPOS="3112" HPOS="1576"/>
<String CONTENT="[" HEIGHT="34" WIDTH="13" VPOS="3125" HPOS="1618"/>
<String STYLE="superscript" CONTENT="c" HEIGHT="21" WIDTH="18" VPOS="3098" HPOS="1635"/>
<String CONTENT="1934]" HEIGHT="63" WIDTH="151" VPOS="3095" HPOS="1659"/>
</TextLine>
<TextLine HEIGHT="50" WIDTH="1178" VPOS="3162" HPOS="203" CS="1">
<String CONTENT="xv," HEIGHT="38" WIDTH="75" VPOS="3173" HPOS="203"/>
<SP HEIGHT="46" WIDTH="31" VPOS="3165" HPOS="279"/>
<String CONTENT="19-322" HEIGHT="42" WIDTH="171" VPOS="3162" HPOS="311"/>
<SP HEIGHT="47" WIDTH="29" VPOS="3163" HPOS="483"/>
<String CONTENT="p." HEIGHT="36" WIDTH="43" VPOS="3174" HPOS="513"/>
<SP/>
<String CS="1" CONTENT="front."/>
<SP HEIGHT="48" WIDTH="29" VPOS="3164" HPOS="765"/>
<String CONTENT="(port.)" HEIGHT="48" WIDTH="169" VPOS="3164" HPOS="795"/>
<SP HEIGHT="47" WIDTH="40" VPOS="3165" HPOS="965"/>
<String CONTENT="plates." HEIGHT="47" WIDTH="169" VPOS="3165" HPOS="1006"/>
<SP HEIGHT="39" WIDTH="59" VPOS="3166" HPOS="1176"/>
<String CS="1" CONTENT="19&#189;c" HEIGHT="40" WIDTH="56" VPOS="3165" HPOS="1236"/>
<String STYLE="superscript" CONTENT="m" HEIGHT="21" WIDTH="28" VPOS="3167" HPOS="1341"/>
<String CONTENT="." HEIGHT="8" WIDTH="8" VPOS="3197" HPOS="1373"/>
</TextLine>
<TextLine HEIGHT="50" WIDTH="1930" VPOS="3219" HPOS="201">
<String CONTENT="A" HEIGHT="39" WIDTH="41" VPOS="3219" HPOS="201"/>
<SP HEIGHT="41" WIDTH="30" VPOS="3219" HPOS="243"/>
<String CONTENT="discussion" HEIGHT="40" WIDTH="271" VPOS="3220" HPOS="274"/>
<SP HEIGHT="28" WIDTH="31" VPOS="3231" HPOS="546"/>
<String CONTENT="of" HEIGHT="39" WIDTH="52" VPOS="3220" HPOS="578"/>
<SP HEIGHT="39" WIDTH="29" VPOS="3220" HPOS="631"/>
<String CONTENT="bichloride" HEIGHT="41" WIDTH="264" VPOS="3220" HPOS="661"/>
<SP HEIGHT="30" WIDTH="33" VPOS="3231" HPOS="926"/>
<String CONTENT="antisepticizing" HEIGHT="48" WIDTH="391" VPOS="3221" HPOS="960"/>
<SP HEIGHT="44" WIDTH="29" VPOS="3225" HPOS="1352"/>
<String CONTENT="treatments" HEIGHT="39" WIDTH="290" VPOS="3223" HPOS="1382"/>
<SP HEIGHT="37" WIDTH="32" VPOS="3225" HPOS="1673"/>
<String CONTENT="to" HEIGHT="37" WIDTH="48" VPOS="3225" HPOS="1706"/>
<SP HEIGHT="29" WIDTH="31" VPOS="3233" HPOS="1755"/>
<String CONTENT="nose," HEIGHT="36" WIDTH="128" VPOS="3233" HPOS="1787"/>
<SP HEIGHT="44" WIDTH="33" VPOS="3225" HPOS="1916"/>
<String CONTENT="throat," HEIGHT="42" WIDTH="181" VPOS="3224" HPOS="1950"/>
</TextLine>
<TextLine HEIGHT="39" WIDTH="463" VPOS="3277" HPOS="131">
<String CONTENT="teeth" HEIGHT="38" WIDTH="130" VPOS="3277" HPOS="131"/>
<SP HEIGHT="39" WIDTH="26" VPOS="3277" HPOS="262"/>
<String CONTENT="and" HEIGHT="39" WIDTH="95" VPOS="3277" HPOS="289"/>
<SP HEIGHT="39" WIDTH="27" VPOS="3277" HPOS="385"/>
<String CONTENT="mouth." HEIGHT="39" WIDTH="181" VPOS="3277" HPOS="413"/>
</TextLine>
<TextLine HEIGHT="53" WIDTH="1937" VPOS="3330" HPOS="136" CS="1">
<String CONTENT="&#169;" HEIGHT="51" WIDTH="57" VPOS="3330" HPOS="136"/>
<SP HEIGHT="51" WIDTH="22" VPOS="3330" HPOS="194"/>
<String CONTENT="Mar." HEIGHT="39" WIDTH="119" VPOS="3335" HPOS="217"/>
<SP HEIGHT="38" WIDTH="28" VPOS="3335" HPOS="337"/>
<String LANG="fr" CS="1" CONTENT="20," HEIGHT="46" WIDTH="68" VPOS="3335" HPOS="366"/>
<SP HEIGHT="45" WIDTH="27" VPOS="3336" HPOS="435"/>
<String CS="1" CONTENT="1934;" HEIGHT="40" WIDTH="115" VPOS="3334" HPOS="463"/>
<SP HEIGHT="46" WIDTH="30" VPOS="3334" HPOS="604"/>
<String CONTENT="2c." HEIGHT="41" WIDTH="66" VPOS="3334" HPOS="635"/>
<SP HEIGHT="30" WIDTH="29" VPOS="3345" HPOS="702"/>
<String CONTENT="and" HEIGHT="38" WIDTH="95" VPOS="3336" HPOS="732"/>
<SP HEIGHT="39" WIDTH="26" VPOS="3336" HPOS="828"/>
<String CONTENT="aff." HEIGHT="40" WIDTH="80" VPOS="3335" HPOS="855"/>
<SP HEIGHT="39" WIDTH="30" VPOS="3336" HPOS="936"/>
<String CONTENT="Mar." HEIGHT="39" WIDTH="120" VPOS="3336" HPOS="967"/>
<SP HEIGHT="38" WIDTH="29" VPOS="3337" HPOS="1088"/>
<String CS="1" CONTENT="23;" HEIGHT="40" WIDTH="55" VPOS="3336" HPOS="1118"/>
<SP HEIGHT="46" WIDTH="30" VPOS="3337" HPOS="1200"/>
<!-- cceid BD597C9B-6C64-1014-8713-889FF4349C01 --><String CONTENT="A" HEIGHT="38" WIDTH="41" VPOS="3337" HPOS="1231"/>
<SP HEIGHT="39" WIDTH="25" VPOS="3337" HPOS="1273"/>
<String CS="1" CONTENT="70772;" HEIGHT="40" WIDTH="143" VPOS="3336" HPOS="1299"/>
<SP HEIGHT="47" WIDTH="32" VPOS="3336" HPOS="1470"/>
<String CS="1" CONTENT="C." HEIGHT="8" WIDTH="7" VPOS="3369" HPOS="1545"/>
<SP HEIGHT="41" WIDTH="30" VPOS="3336" HPOS="1553"/>
<String CONTENT="Gluck," HEIGHT="45" WIDTH="167" VPOS="3336" HPOS="1584"/>
<SP HEIGHT="43" WIDTH="29" VPOS="3338" HPOS="1752"/>
<String CONTENT="New" HEIGHT="38" WIDTH="117" VPOS="3338" HPOS="1782"/>
<SP HEIGHT="38" WIDTH="27" VPOS="3338" HPOS="1900"/>
<String CONTENT="York." HEIGHT="39" WIDTH="145" VPOS="3337" HPOS="1928"/>
</TextLine>
<TextLine HEIGHT="48" WIDTH="250" VPOS="3391" HPOS="213">
<String CONTENT="(34-7623)" HEIGHT="48" WIDTH="250" VPOS="3391" HPOS="213"/>
</TextLine>
<TextLine HEIGHT="71" WIDTH="1066" VPOS="3477" HPOS="134" STYLEREFS="StyleId-A0A7024C-760D-427B-9069-E3F69C8AA0E2-">
<String CONTENT="Graham," HEIGHT="69" WIDTH="279" VPOS="3477" HPOS="134"/>
<SP HEIGHT="64" WIDTH="28" VPOS="3482" HPOS="414"/>
<String CONTENT="Frank" HEIGHT="53" WIDTH="198" VPOS="3482" HPOS="443"/>
<SP HEIGHT="52" WIDTH="29" VPOS="3483" HPOS="642"/>
<String CONTENT="Dunstone," HEIGHT="65" WIDTH="326" VPOS="3483" HPOS="672"/>
<SP HEIGHT="61" WIDTH="32" VPOS="3487" HPOS="999"/>
<String CONTENT="1890-" HEIGHT="50" WIDTH="168" VPOS="3486" HPOS="1032"/>
</TextLine>
<TextLine HEIGHT="69" WIDTH="1932" VPOS="3559" HPOS="200" STYLEREFS="StyleId-A0A7024C-760D-427B-9069-E3F69C8AA0E2-" CS="1">
<String CONTENT="Protective" HEIGHT="53" WIDTH="325" VPOS="3559" HPOS="200"/>
<SP HEIGHT="47" WIDTH="25" VPOS="3565" HPOS="526"/>
<String CONTENT="tariffs," HEIGHT="68" WIDTH="207" VPOS="3559" HPOS="552"/>
<SP HEIGHT="67" WIDTH="26" VPOS="3560" HPOS="760"/>
<String CONTENT="by" HEIGHT="68" WIDTH="75" VPOS="3560" HPOS="787"/>
<SP HEIGHT="68" WIDTH="28" VPOS="3560" HPOS="863"/>
<String CONTENT="Frank" HEIGHT="53" WIDTH="197" VPOS="3560" HPOS="892"/>
<SP HEIGHT="53" WIDTH="27" VPOS="3561" HPOS="1090"/>
<String CONTENT="D." HEIGHT="52" WIDTH="71" VPOS="3562" HPOS="1118"/>
<SP HEIGHT="55" WIDTH="32" VPOS="3561" HPOS="1190"/>
<String CONTENT="Graham" HEIGHT="55" WIDTH="257" VPOS="3561" HPOS="1223"/>
<SP HEIGHT="33" WIDTH="34" VPOS="3581" HPOS="1481"/>
<String CS="1" CONTENT="&#8230;"/>
<SP HEIGHT="54" WIDTH="77" VPOS="3561" HPOS="1573"/>
<String CONTENT="New" HEIGHT="54" WIDTH="140" VPOS="3561" HPOS="1651"/>
<SP HEIGHT="53" WIDTH="30" VPOS="3562" HPOS="1792"/>
<String CONTENT="York" HEIGHT="53" WIDTH="164" VPOS="3562" HPOS="1823"/>
<SP HEIGHT="53" WIDTH="30" VPOS="3562" HPOS="1988"/>
<String CONTENT="and" HEIGHT="54" WIDTH="113" VPOS="3562" HPOS="2019"/>
</TextLine>
<TextLine HEIGHT="70" WIDTH="1079" VPOS="3637" HPOS="131" STYLEREFS="StyleId-A0A7024C-760D-427B-9069-E3F69C8AA0E2-">
<String CONTENT="London," HEIGHT="66" WIDTH="257" VPOS="3637" HPOS="131"/>
<SP HEIGHT="66" WIDTH="27" VPOS="3637" HPOS="389"/>
<String CONTENT="Harper" HEIGHT="68" WIDTH="234" VPOS="3637" HPOS="417"/>
<SP HEIGHT="51" WIDTH="26" VPOS="3640" HPOS="652"/>
<String CONTENT="&amp;" HEIGHT="51" WIDTH="46" VPOS="3640" HPOS="679"/>
<SP HEIGHT="53" WIDTH="24" VPOS="3638" HPOS="726"/>
<String CONTENT="brothers," HEIGHT="69" WIDTH="278" VPOS="3638" HPOS="751"/>
<SP HEIGHT="63" WIDTH="30" VPOS="3644" HPOS="1030"/>
<String CONTENT="1934." HEIGHT="50" WIDTH="149" VPOS="3644" HPOS="1061"/>
</TextLine>
<TextLine HEIGHT="53" WIDTH="1929" VPOS="3710" HPOS="200" CS="1">
<String LANG="fr" CONTENT="xi" HEIGHT="40" WIDTH="52" VPOS="3710" HPOS="200"/>
<SP/>
<String LANG="fr" CONTENT="p.," HEIGHT="37" WIDTH="58" VPOS="3721" HPOS="285"/>
<SP HEIGHT="45" WIDTH="32" VPOS="3712" HPOS="344"/>
<String CONTENT="1" HEIGHT="38" WIDTH="25" VPOS="3712" HPOS="377"/>
<SP/>
<String CS="1" CONTENT="l.," HEIGHT="16" WIDTH="8" VPOS="3744" HPOS="473"/>
<SP HEIGHT="48" WIDTH="35" VPOS="3712" HPOS="482"/>
<String CONTENT="176" HEIGHT="40" WIDTH="84" VPOS="3711" HPOS="518"/>
<SP HEIGHT="48" WIDTH="34" VPOS="3711" HPOS="603"/>
<String CONTENT="p." HEIGHT="37" WIDTH="43" VPOS="3722" HPOS="638"/>
<SP HEIGHT="39" WIDTH="73" VPOS="3713" HPOS="682"/>
<String CS="1" CONTENT="19cm." HEIGHT="43" WIDTH="116" VPOS="3711" HPOS="756"/>
<SP HEIGHT="29" WIDTH="75" VPOS="3733" HPOS="873"/>
<String CONTENT="[Current" HEIGHT="49" WIDTH="226" VPOS="3713" HPOS="949"/>
<SP HEIGHT="38" WIDTH="31" VPOS="3716" HPOS="1176"/>
<String CONTENT="economic" HEIGHT="42" WIDTH="242" VPOS="3713" HPOS="1208"/>
<SP HEIGHT="38" WIDTH="35" VPOS="3724" HPOS="1451"/>
<String CONTENT="problems," HEIGHT="49" WIDTH="255" VPOS="3713" HPOS="1487"/>
<SP HEIGHT="38" WIDTH="35" VPOS="3724" HPOS="1743"/>
<String CONTENT="ed." HEIGHT="42" WIDTH="72" VPOS="3715" HPOS="1779"/>
<SP HEIGHT="42" WIDTH="36" VPOS="3715" HPOS="1852"/>
<String CONTENT="by" HEIGHT="48" WIDTH="61" VPOS="3715" HPOS="1889"/>
<SP HEIGHT="48" WIDTH="35" VPOS="3715" HPOS="1951"/>
<String LANG="fr" CONTENT="P." HEIGHT="40" WIDTH="50" VPOS="3715" HPOS="1987"/>
<SP HEIGHT="40" WIDTH="37" VPOS="3715" HPOS="2038"/>
<String CONTENT="T." HEIGHT="42" WIDTH="53" VPOS="3715" HPOS="2076"/>
</TextLine>
<TextLine HEIGHT="50" WIDTH="205" VPOS="3767" HPOS="131">
<String CONTENT="Homan]" HEIGHT="50" WIDTH="205" VPOS="3767" HPOS="131"/>
</TextLine>
<TextLine HEIGHT="42" WIDTH="419" VPOS="3822" HPOS="201">
<String CONTENT="&#8220;First" HEIGHT="42" WIDTH="164" VPOS="3822" HPOS="201"/>
<SP HEIGHT="37" WIDTH="25" VPOS="3827" HPOS="366"/>
<String CONTENT="edition.&#8221;" HEIGHT="40" WIDTH="228" VPOS="3824" HPOS="392"/>
</TextLine>
<TextLine HEIGHT="56" WIDTH="1906" VPOS="3875" HPOS="137" CS="1">
<String CONTENT="&#169;" HEIGHT="52" WIDTH="50" VPOS="3875" HPOS="137"/>
<SP HEIGHT="52" WIDTH="30" VPOS="3875" HPOS="188"/>
<String CONTENT="Feb." HEIGHT="38" WIDTH="108" VPOS="3881" HPOS="219"/>
<SP HEIGHT="38" WIDTH="30" VPOS="3881" HPOS="328"/>
<String CONTENT="21," HEIGHT="46" WIDTH="68" VPOS="3881" HPOS="359"/>
<SP HEIGHT="45" WIDTH="29" VPOS="3882" HPOS="428"/>
<String CS="1" CONTENT="1934;" HEIGHT="39" WIDTH="113" VPOS="3881" HPOS="458"/>
<SP HEIGHT="48" WIDTH="32" VPOS="3881" HPOS="598"/>
<String CONTENT="2c." HEIGHT="40" WIDTH="66" VPOS="3881" HPOS="631"/>
<SP HEIGHT="39" WIDTH="30" VPOS="3882" HPOS="698"/>
<String CONTENT="Feb." HEIGHT="40" WIDTH="108" VPOS="3882" HPOS="729"/>
<SP HEIGHT="38" WIDTH="30" VPOS="3883" HPOS="838"/>
<String CS="1" CONTENT="23:" HEIGHT="39" WIDTH="54" VPOS="3883" HPOS="869"/>
<SP HEIGHT="30" WIDTH="32" VPOS="3894" HPOS="951"/>
<String CONTENT="aff." HEIGHT="41" WIDTH="81" VPOS="3883" HPOS="984"/>
<SP HEIGHT="40" WIDTH="31" VPOS="3884" HPOS="1066"/>
<String CONTENT="Feb." HEIGHT="40" WIDTH="110" VPOS="3884" HPOS="1098"/>
<SP HEIGHT="40" WIDTH="28" VPOS="3884" HPOS="1209"/>
<String CS="1" CONTENT="24;" HEIGHT="39" WIDTH="56" VPOS="3884" HPOS="1238"/>
<SP HEIGHT="47" WIDTH="31" VPOS="3883" HPOS="1321"/>
<!-- cceid BD5A051C-6C64-1014-8713-889FF4349C01 --><String CONTENT="A" HEIGHT="39" WIDTH="41" VPOS="3883" HPOS="1353"/>
<SP HEIGHT="39" WIDTH="29" VPOS="3883" HPOS="1395"/>
<String CS="1" CONTENT="69563;" HEIGHT="40" WIDTH="141" VPOS="3883" HPOS="1425"/>
<SP HEIGHT="46" WIDTH="32" VPOS="3885" HPOS="1595"/>
<String CONTENT="Harper" HEIGHT="46" WIDTH="194" VPOS="3885" HPOS="1628"/>
<SP HEIGHT="40" WIDTH="28" VPOS="3885" HPOS="1823"/>
<String CONTENT="&amp;" HEIGHT="40" WIDTH="37" VPOS="3885" HPOS="1852"/>
<SP HEIGHT="40" WIDTH="27" VPOS="3885" HPOS="1890"/>
<String CONTENT="bros." HEIGHT="40" WIDTH="125" VPOS="3885" HPOS="1918"/>
</TextLine>
<TextLine HEIGHT="49" WIDTH="250" VPOS="3937" HPOS="213">
<String CONTENT="(34-7630)" HEIGHT="49" WIDTH="250" VPOS="3937" HPOS="213"/>
</TextLine>
</TextBlock>
</PrintSpace>
</Page>
</Layout>
</alto>