2350 4196
1126 4002 131 49 1106

201 384 319 67 Nevinson,
551 388 205 63 Henry
785 389 237 63 Woodd,
1057 390 168 50 1856-

205 463 1984 145 In the dark backward, by Henry W. Nevinson … New York, Harcourt, Brace
950 542 112 52 and
1090 558 276 50 company
1400 576 13 32 [
1419 546 17 22 c
1440 543 136 49 1934
1579 574 12 34 ]

277 614 64 47 xi,
369 614 89 40 282
480 625 43 37 p.
579 615 54 39 21c
654 617 27 21 m
687 648 8 8 .

281 670 1912 50 “Visions of the past … running in order of date from Troy to the
205 726 1985 50 great war … suggested by imagination or ancient records.”—Introd.,
207 795 40 36 p.
278 783 128 41 x-xi.

280 840 163 40 “First
470 840 226 42 edition.”

208 893 1981 52 © Aug. 23, 1934: 2c·. and aff. Aug. 25; A 74648; Harcourt, Brace & co..
273 954 88 39 inc·.
437 953 277 48 (34-28954)

201 1057 145 53 New
379 1057 160 53 York
572 1058 216 66 (State)
871 1058 184 67 Laws,
1086 1062 256 61 statutes,
1372 1063 101 47 etc.

338 1134 1849 67 … The Code of criminal procedure of the state of New
206 1213 188 66 York;
432 1215 234 65 chapter
697 1218 117 62 442,
847 1214 136 52 laws
1016 1213 63 52 of
1112 1217 148 63 1881,
1292 1212 296 68 including
1621 1216 132 49 1933
1789 1213 400 67 amendments,

207 1291 1980 67 edited by Henry J. Lee … Brooklyn, N. Y., Eagle library
207 1368 395 69 publications,
632 1376 17 21 c
655 1373 148 49 1933.

281 1442 96 48 150,
415 1443 53 48 [7]
503 1452 42 37 p.
605 1442 54 38 21½
693 1444 43 21 cm
743 1474 7 7 .
821 1442 123 47 (The
976 1442 149 47 Eagle
1155 1441 197 46 library,
1414 1442 90 38 vol.
1694 1473 8 9 XLVII.
1735 1451 74 29 no.
1842 1440 38 39 2.
1942 1440 144 40 serial
2118 1451 74 31 no.

209 1497 109 47 314)

279 1555 158 39 Blank
463 1566 145 37 pages
635 1556 78 38 for
741 1554 368 41 “Memoranda”
1147 1555 67 49 ([7]
1260 1557 51 37 at
1336 1554 117 44 end)

279 1612 314 48 Advertising
619 1615 205 37 matter:
856 1623 43 37 p.
929 1612 55 50 [2]

208 1666 1982 52 © June 6, 1933: 2c. and aff. Sept. 1, 1934: A 74727: Eagle library, inc.
287 1726 278 49 (34-28976)

200 1827 1992 71 New York laws affecting business corporations … Revised to
271 1908 140 68 May
453 1910 82 66 26,
582 1912 148 50 1934.
831 1909 130 51 15th
1005 1908 82 52 ed.
1184 1910 53 52 J.
1285 1911 64 50 B.
1394 1910 68 51 R.
1510 1907 206 62 Smith,
1760 1909 199 51 editor.
2052 1909 137 51 New
272 1985 178 68 York,
485 1986 248 67 Albany,
768 1987 217 54 United

1023 1987 186 54 States
1245 1987 364 67 corporation
1643 2005 278 49 company
1963 1990 189 63 [c1934]

277 2062 23 38 5
328 2072 42 36 p.
432 2092 7 15 l.,
467 2060 212 45 v-xxxii,
706 2059 87 41 484
818 2071 42 37 p.
915 2060 56 40 23
973 2062 44 21 cm
1023 2090 6 6 .

209 2114 1964 100 © June 18, 1934; 2c. and aff. June 19; A 73120: United States corporation co.
200 2274 1933 69 North eastern digest. August, 1934, cumulative pamphlet …
273 2351 80 55 St.
385 2355 164 65 Paul,
578 2355 160 52 West
765 2353 333 68 publishing
1128 2372 76 34 co.
1239 2357 191 63 [c1934]

276 2429 87 39 178
391 2440 41 36 p.
492 2427 55 39 24
550 2430 43 20 cm
601 2460 7 7 .

209 2481 1868 51 © Aug. 6. 1934: 2c. Sept. 17: aff. Sept. 19: A 75411: West pub. co.
1988 2537 118 42 7143

206 2587 240 64 Parker,
475 2586 231 55 Maude.

206 2660 1964 146 … Impersonation of a lady. Boston and New York, Houghton Mifflin company, 1934.
279 2816 29 37 4
334 2825 42 37 p.
440 2844 8 16 l.,
480 2813 177 50 [3]-270
682 2824 40 36 p.
780 2811 57 41 19½
867 2814 44 22 cm
917 2846 8 7 .

209 2866 51 52 ©
291 2872 118 46 Aug.
437 2870 68 46 28,
537 2869 139 46 1934;
708 2868 67 41 2c.
806 2870 94 38 and
931 2868 80 40 aff.
1046 2869 125 47 Sept.
1200 2871 53 45 4;
1287 2870 40 38 A
1356 2871 170 45 75134;
1560 2871 60 38 M.
1654 2871 49 39 P.
1735 2869 309 47 Pavenstedt,
2076 2869 116 39 New

279 2929 183 38 Haven.
534 2924 278 50 (34-25920)

203 3030 308 63 Pergande
536 3028 339 65 publishing
906 3045 302 48 company,
1239 3029 356 54 Milwaukee.

278 3103 261 55 Customs
575 3104 112 52 and
723 3104 335 68 immigrant
1093 3104 226 69 service,
1355 3106 312 68 inspectors
1703 3105 112 53 and
1852 3104 208 52 border
206 3121 1964 112 patrol;
401 3180 349 69 comprising
801 3181 77 52 all
930 3181 314 68 important
1297 3182 392 69 immigration
1741 3182 157 67 laws,
1953 3180 241 55 Chinese

206 3260 286 52 exclusion
521 3264 135 62 acts,
684 3263 242 48 customs
953 3259 155 67 laws,
1133 3259 286 68 questions
1444 3260 235 53 thereon
1709 3262 46 50 &
1783 3258 228 70 general
2039 3262 155 63 tests,

207 3356 29 33 a
278 3337 144 52 total
462 3335 63 54 of
565 3339 30 49 6
636 3335 430 68 examinations,
1107 3336 297 70 including
1442 3336 306 55 directions
1791 3336 94 54 for
1927 3335 266 70 marking

208 3430 204 50 papers
461 3413 111 53 and
625 3413 193 52 advice
871 3428 71 37 on
995 3413 382 54 examination
1431 3415 324 68 procedure.
1837 3412 357 67 Milwaukee,
207 3489 157 68 Wis.,
392 3491 123 52 The
541 3489 297 68 Pergande

868 3489 331 70 publishing
1228 3509 98 51 co.,
1356 3497 19 23 c
1379 3494 149 51 1934.

277 3562 56 40 80
355 3573 43 37 p.
458 3563 54 40 23½
547 3564 42 21 cm
595 3593 8 9 .
700 3563 70 39 (On
797 3571 161 32 cover:
987 3560 124 42 Civil
1142 3562 179 42 service
1349 3563 196 49 library,
1606 3574 42 31 v.
1677 3564 52 47 4)

212 3617 50 51 ©
295 3623 118 46 Aug.
448 3622 37 45 5,
520 3620 138 41 1934:
695 3620 64 39 2c.
796 3620 93 39 and
923 3620 78 39 aff.
1037 3621 118 46 Aug.
1188 3620 81 47 22;
1305 3623 40 37 A
1378 3622 169 47 74620;
1584 3623 250 47 Pergande
1867 3622 107 48 pub.
2011 3632 67 31 co.

288 3677 277 48 (34-29003)

205 3767 201 63 Perry,
439 3766 314 54 Frederick
784 3766 52 55 J.

278 3844 98 66 My
407 3850 171 60 story,
604 3844 74 66 by
705 3845 150 50 Fred
882 3845 55 53 J.
965 3845 207 65 Perry;
1205 3844 139 53 with
1371 3847 67 52 47
1465 3845 393 53 illustrations.
1932 3844 256 66 London,

212 3920 356 54 Hutchinson
597 3925 43 49 &
669 3939 95 46 co.,
793 3922 102 52 ltd.
951 3925 150 63 [1934]
