2350 4196
1091 4022 96 48 163

124 381 332 65 Bradbury,
485 382 222 52 Robert
735 381 174 62 Hart,
941 376 172 55 1870-

194 460 351 65 Laboratory
576 455 210 56 studies
815 458 60 51 in
906 453 301 67 chemistry
1237 459 57 46 to
1326 469 342 50 accompany
1699 451 94 52 the
1821 451 158 52 third
127 450 1969 139 edition
287 536 62 52 of
393 536 54 51 A
488 534 122 54 first
651 534 145 52 book
836 534 59 52 in
940 531 320 67 chemistry,
1303 531 72 67 by
1420 529 213 53 Robert
1676 529 74 55 IT.
1798 529 325 69 Bradbury,

123 633 94 34 ph.
242 634 47 32 d.
350 614 135 53 New
512 612 176 68 York,
712 612 68 51 D.
807 608 574 70 Appleton-Century
1406 625 295 50 company,
1725 608 399 67 incorporated

130 696 191 65 [c1934]

196 764 83 47 xii,
314 763 85 40 198
432 774 41 37 p.
508 762 108 40 incl.
650 762 164 47 front.,
850 760 128 40 illus.
1040 760 144 39 19½cm.

126 822 50 51 ©
204 826 110 38 Feb.
341 824 67 47 15,
436 824 140 44 1934;
605 823 66 39 2c.
700 823 96 38 and
823 820 80 40 aff.
933 820 108 39 Feb.
1071 820 81 46 19;
1181 820 44 38 A
1249 819 170 47 69492;
1450 820 57 39 D.
1534 819 479 48 Appleton-Century
2042 831 81 34 co.,

192 883 89 39 inc.
346 878 67 52 [©
441 882 208 46 changes
677 880 95 39 and
799 878 190 40 revised
1016 877 209 48 preface]
1299 876 249 48 (34-3516)

128 972 271 64 Bradley,
427 972 155 53 John
614 971 66 55 G.

195 1050 133 52 Into
356 1050 92 52 old
476 1048 223 53 Mexico
725 1048 73 66 by
827 1052 131 47 auto;
1018 1046 228 52 written
1276 1045 93 53 for
1394 1046 308 53 American
1729 1052 133 48 auto
1891 1048 233 53 tourists

127 1131 111 51 and
280 1127 295 53 dedicated
618 1132 56 46 to
717 1145 103 33 our
860 1125 164 52 sister
1067 1125 270 66 republic,
1380 1125 239 66 Mexico,
1660 1126 186 53 whose
1887 1126 238 66 history,

125 1206 220 68 legend,
386 1205 228 52 natural
651 1205 207 66 beauty
897 1204 111 52 and
1045 1204 322 52 wonderful
1405 1202 227 54 climate
1670 1220 94 36 are
1801 1205 223 65 worthy
2063 1204 63 53 of

128 1303 101 34 our
270 1283 364 66 admiration,
672 1283 74 66 by
785 1283 156 54 John
980 1282 67 54 G.
1092 1281 267 67 Bradley.
1461 1280 270 68 [Chicago,
1771 1283 240 52 Printed
2053 1283 73 67 by

127 1360 189 55 Gould
347 1362 111 52 and
488 1361 180 66 Lang,
698 1361 124 65 inc.,
908 1363 117 63 c1933]

202 1432 1057 51 1 p. l., [5]-76 p., 1 l. illus. 23 × 11½cm .
203 1490 144 41 “This
375 1492 205 46 journey
610 1500 99 30 was
740 1490 138 39 made
911 1490 49 38 in
991 1489 79 40 the
1101 1489 172 39 winter
1305 1489 51 39 of
1384 1488 442 41 1932-33.”—Pref.

129 1545 50 52 ©
219 1551 110 38 Dec.
369 1550 38 46 1,
446 1549 139 45 1933;
627 1548 65 39 2c.
733 1549 96 38 and
867 1547 82 41 aff.
989 1547 110 39 Feb.
1139 1547 67 46 26,
1247 1546 140 47 1934;
1430 1547 41 38 A
1509 1546 170 48 70377;
1724 1547 41 40 J.
1808 1548 50 39 G.
1902 1549 225 47 Bradley,

195 1606 334 48 Washington.
601 1604 251 48 (34-3533)

129 1695 253 64 Branch,
410 1696 174 62 Mary
609 1695 258 64 Sydney.

128 1770 2005 150 Women and wealth; a study of the economic status of American women, by Mary Sydney Branch … Chicago, Ill., The
131 1926 334 70 University
494 1925 65 55 of
586 1925 252 71 Chicago
866 1945 158 50 press
1075 1929 152 65 [1934]

199 2000 114 48 xvii,
345 1999 85 41 153
460 2010 43 37 p.
563 1999 146 41 23½cm.

199 2055 375 49 Bibliography:
607 2066 42 37 p.
679 2055 217 44 143-148.

132 2111 50 51 ©
214 2116 109 38 Jan.
352 2114 69 48 30,
453 2114 113 40 1934;
626 2116 65 38 2c.
724 2114 108 40 Feb.
865 2115 55 39 16;
981 2115 80 39 aff.
1095 2114 109 41 Feb.
1236 2117 54 38 17;
1351 2116 41 38 A
1422 2117 142 40 70243;
1629 2118 281 48 University
1944 2120 51 39 of
198 2117 1917 102 Chicago,
361 2172 221 47 Chicago.
655 2171 250 49 (34-3892)

135 2262 227 65 Brown,
393 2261 183 66 Alice,
608 2261 174 55 1857-

216 2339 1920 75 Jeremy Hamlin, by Alice Brown … New York, London,
129 2416 70 53 D.
229 2417 578 69 Appleton-Century
836 2437 298 50 company,
1162 2420 418 69 incorporated,
1609 2426 149 50 1934.

200 2490 542 49 3 p. l., 327 p. 19cm.
203 2548 161 40 “First
395 2547 259 49 printing.”

135 2602 50 51 ©
217 2606 108 40 Feb.
356 2606 68 46 23,
455 2606 139 46 1934;
627 2606 65 39 2c.
726 2606 110 39 Feb.
867 2606 55 39 26;
983 2606 80 40 aff.
1095 2607 108 39 Feb.
1235 2608 57 40 27;
1351 2609 41 38 A
1423 2609 169 48 69633;
1626 2612 53 39 A.
1712 2613 191 47 Brown,
1937 2615 196 38 Boston.

210 2663 250 49 (34-3727)

136 2741 335 67 Browning,
502 2745 240 65 Robert,
777 2748 326 51 1812-1889.

133 2821 1977 151 The reader’s Browning; selected poems, edited, with introduction, bibliography and notes, by Walter Graham …
134 2976 1927 78 New York, Cincinnati [etc.] American book company [c1 934]
203 3051 152 47 xxxii,
385 3050 88 40 486
501 3062 42 36 p.
604 3051 135 39 front.
783 3051 173 48 (port.)
1023 3052 118 42 19cm.

207 3107 246 41 “Selected
484 3107 366 49 bibliography”
868 3119 10 30 :
911 3119 42 37 p.
986 3109 302 43 xxvi-xxxii.

140 3161 50 51 ©
220 3165 110 39 Feb.
359 3166 68 46 14,
457 3165 114 39 1934;
629 3166 64 38 2c.
727 3166 108 39 Feb.
866 3166 80 46 19;
980 3167 80 39 aff.
1092 3168 108 40 Feb.
1231 3169 82 46 20;
1346 3170 41 38 A
1417 3171 169 47 70287;
1618 3174 160 41 Amer.
1809 3176 122 40 book
1961 3188 65 28 co.

214 3221 250 49 (34-3294)

142 3295 400 67 Brunstetter,
572 3298 140 52 Max
744 3300 250 65 Russell,
1028 3304 170 49 1902-

209 3373 399 53 Introduction
631 3379 57 47 to
716 3373 250 70 Spanish
992 3381 439 62 pronunciation
1458 3384 111 52 and
1596 3385 231 68 diction,
1853 3409 31 32 a
1909 3389 225 52 manual

142 3450 91 53 for
275 3452 95 52 the
413 3451 144 68 Erpi
605 3451 250 68 Spanish
899 3457 436 63 pronunciation
1381 3460 111 52 and
1539 3461 212 54 diction
1798 3466 224 52 records
2065 3466 72 68 by

146 3528 1993 70 M. R, Brunstetter … and Carlos V. Cusachs … conversation
144 3607 1995 82 units prepared by Alfredo Elías … recording speakers, Alfredo
142 3685 177 70 Elías,
344 3685 189 56 María
559 3686 181 53 Reina
768 3688 111 51 and
906 3687 198 55 Carlos
1128 3690 67 53 Y.
1225 3691 263 56 Cusachs.
1556 3697 266 70 Chicago,
1849 3701 120 53 The
146 3703 1965 129 University
384 3764 63 52 of
476 3764 249 68 Chicago
755 3783 157 49 press
945 3769 192 66 [c1934]

211 3850 44 32 x,
285 3839 54 40 69
369 3850 42 36 p.
469 3839 144 40 19½cm.

145 3891 50 51 ©
229 3896 108 39 Jan.
370 3896 38 47 9,
441 3896 139 46 1934;
616 3897 66 39 2c.
717 3897 107 39 Jan.
859 3898 81 46 12;
977 3898 80 40 aff.
1092 3900 108 40 Jan.
1234 3902 81 47 13;
1352 3904 41 38 A
1426 3905 169 48 68866;
1633 3909 282 51 University
1950 3915 51 39 of
213 3915 1910 85 Chicago,
373 3953 222 47 Chicago.
668 3953 250 48 (34-3475)
