2350 4196
1125 4005 99 49 662

186 371 373 66 Mississippi.
633 375 275 66 Supreme
943 380 172 47 court.

257 450 1916 68 Cases argued and decided … at the March term, 1933, and
188 526 328 67 September
542 534 160 61 term,
729 531 148 48 1933.
942 550 48 33 v.
1020 531 113 49 167.
1196 528 287 67 Reported
1507 528 74 66 by
1606 527 173 52 Louis
1805 525 63 54 M.
1911 528 260 67 Jiggitts.
188 604 314 69 Columbia,
538 608 132 64 Mo.,
706 608 66 52 E.

807 609 89 52 W.
935 606 276 67 Stephens
1245 605 334 68 publishing
1615 621 96 50 co.,
1747 608 148 48 1934.

258 679 94 47 xiv,
380 679 84 40 997
492 690 41 36 p.
592 679 53 40 23
650 681 43 21 cm
699 710 7 7 .

192 732 1984 51 © Mar. 16 . 1934; 2c. Mar. 21; aff. June 15; A 73088: Central states book
258 803 65 29 co.

183 892 233 67 Morris,
447 894 220 52 Homer
696 893 331 64 Lawrence,
1060 898 167 49 1886-

260 971 119 52 The
416 971 192 68 plight
643 970 63 53 of
741 972 94 51 the
871 970 346 53 bituminous
1256 971 121 52 coal
1412 969 199 67 miner,
1648 970 73 66 by
1757 971 217 51 Homer
191 972 1956 130 Lawrence

392 1046 1717 68 Morris … with a foreword by Joseph H. Willits …
189 1125 422 67 Philadelphia,
649 1124 334 69 University
1019 1125 62 52 of
1117 1124 420 68 Pennsylvania
1579 1142 183 49 press;
1801 1125 256 52 London.
2094 1126 61 51 H.

190 1200 263 70 Milford,
481 1201 229 56 Oxford
736 1203 318 67 university
1079 1221 171 49 press,
1281 1205 147 50 1934.

259 1274 96 49 xiv,
385 1275 84 40 253
499 1286 42 37 p.
601 1274 162 49 front.,
793 1276 127 39 illus.
951 1274 261 48 (facsims.)
1251 1276 170 46 plates.
1481 1273 55 41 23½
1570 1276 43 21 cm
1619 1306 6 7 .

261 1331 279 47 Appendix:
571 1333 221 46 England
822 1332 241 39 transfers
1092 1332 84 39 her
1206 1333 194 45 surplus
1429 1331 180 39 miners
1629 1341 7 27 :
1668 1341 41 37 p.
1738 1329 216 41 230-247.

191 1384 1966 100 © May 18, 1934; 2c. and aff. May 22; A 72469; University of Pennsylvania
428 1456 147 36 press.
648 1445 277 48 (34-14216)

182 1547 325 64 Mussolini,
536 1546 229 65 Benito,
799 1552 169 48 1883-

254 1625 117 51 Der
402 1625 364 66 faschismus;
799 1624 474 68 philosophische,
1306 1624 298 67 politische
1634 1625 117 52 und
185 1623 1960 131 gesellschaftliche
359 1703 401 67 grundlehren,

789 1721 110 33 von
928 1701 207 54 Benito
1162 1702 329 66 Mussolini;
1526 1701 282 53 übersetzt
1838 1704 117 51 und
186 1702 1960 130 eingeleitet
369 1798 110 33 von
509 1781 81 51 dr.

186 1778 1983 146 Horst Wagenführ … 5. tausend. München und Berlin, Beck [c1933]
259 1928 741 50 viii p., 2 l., 40, [1] p. 22 ½ cm .
189 1982 1984 51 © May 31, 1933; 1c. Mar. 30, 1934; A -Foreign 24299; C. H. Beck'sche
255 2043 569 47 Verlagsbuchhandlung
869 2043 180 47 (Oskar
1086 2042 151 46 Beck)
1316 2042 279 48 (34-15091)

180 2145 145 53 New
355 2146 159 52 York
549 2146 215 67 (State)
853 2146 177 52 Court
1061 2148 62 65 of
1152 2147 246 66 appeals.

252 2223 1920 68 Reports of cases decided … from and including decisions of
183 2301 317 52 November
527 2304 83 64 21,
642 2304 150 64 1933,
820 2308 56 45 to
906 2302 111 51 and
1045 2302 296 67 including
1369 2302 274 52 decisions
1675 2301 61 54 of
1766 2302 294 66 February
2089 2304 83 64 27,

185 2382 149 65 1934,
372 2379 140 52 with
550 2386 174 59 notes,
764 2379 311 53 references
1116 2380 110 51 and
1262 2380 188 51 index.
1529 2380 169 52 Louis
1737 2382 54 52 J.
1832 2378 339 68 Rezzemini,

181 2463 144 47 state
357 2463 271 56 reporter,
695 2474 49 38 v.
778 2459 115 49 263.
963 2457 247 62 Albany.
1241 2460 53 52 J.
1328 2460 67 50 B.
1428 2460 162 52 Lyon
1623 2476 294 43 company,
1952 2460 148 48 1934.

253 2532 120 45 xliii,
403 2531 84 39 824
514 2541 43 37 p.
613 2530 55 40 23½
701 2533 43 20 cm
751 2563 6 7 .

188 2584 51 51 ©
266 2589 127 38 June
417 2588 68 45 11,
513 2587 112 39 1934;
684 2587 64 39 2c.
778 2587 125 40 June
930 2586 54 39 16;
1042 2586 81 40 aff.
1154 2587 123 40 June
1305 2587 53 39 13;
1418 2588 39 37 A
1487 2587 168 40 72837:
1688 2587 211 39 Edward
1928 2586 42 39 J.
2002 2586 167 47 Flynn,

257 2647 244 44 secretary
534 2644 50 39 of
615 2644 80 39 the
726 2646 127 36 state
887 2643 49 39 of
967 2643 54 40 N.
1054 2643 52 39 Y.
1140 2644 47 37 in
1221 2647 127 36 trust
1379 2643 79 39 for
1491 2644 80 39 the
1603 2643 174 39 benefit
1811 2642 49 41 of
1893 2643 81 39 the
2007 2641 165 48 people

260 2701 50 38 of
339 2702 81 38 the
449 2703 140 43 state,
621 2700 202 46 Albany.

180 2801 312 66 Peckham,
528 2804 153 52 John
716 2800 326 66 Laimbeer,
1079 2806 167 48 1892-

312 2879 1859 68 … Archbishop Peckham as a religious educator, by John
181 2957 296 52 Laimbeer
515 2957 299 53 Peckham.
893 2958 304 66 Scottdale,
1234 2961 119 54 Pa.,
1391 2958 120 51 The
1552 2957 326 53 Mennonite

182 2956 1964 148 publishing
309 3037 189 65 house,
531 3039 147 48 1934.

258 3109 96 46 150,
386 3111 53 46 [1]
467 3118 41 37 p.
564 3109 54 39 23½c
668 3111 26 19 m
701 3140 7 7 .
773 3108 140 47 (Yale
941 3107 184 40 studies
1152 3108 47 38 in
1227 3108 216 47 religion,
1471 3119 73 29 no.
1574 3108 49 47 7)

255 3167 63 38 At
345 3166 123 38 head
496 3165 51 39 of
575 3163 133 41 title:
739 3164 267 40 Historical
1033 3165 308 46 monograph.

262 3222 126 40 “The
427 3223 177 38 results
644 3221 50 39 of
732 3221 96 39 this
868 3221 144 46 study
1051 3230 127 29 were
1215 3221 266 46 presented,
1524 3220 258 48 originally
1822 3218 118 40 with
1981 3221 190 46 greater

188 3274 1982 50 detail, to the faculty of the Graduate school of Yale university … for
186 3332 1412 50 the degree of doctor of philosophy … [1930]”—Pref.
257 3391 346 47 Bibliography
622 3401 7 27 :
659 3400 41 37 p.
730 3389 212 39 144-146.

190 3444 53 51 ©
270 3449 112 46 May
411 3447 38 46 9,
480 3446 138 45 1934;
651 3445 66 39 2c.
747 3446 112 45 May
888 3446 51 40 4;
973 3444 80 40 aff.
1085 3445 111 46 May
1226 3446 80 44 11;
1339 3446 41 37 A
1410 3444 167 41 72363;
1612 3444 41 40 J.
1686 3445 50 38 L.
1768 3443 254 46 Peckham,
2053 3443 118 38 New

258 3505 184 38 Haven.
517 3500 277 49 (34-14200)

181 3605 266 65 Perkins,
479 3606 273 61 Frances,
786 3607 169 50 1882-

256 3683 209 67 People
495 3689 58 45 at
579 3681 173 66 work,
780 3680 75 67 by
883 3681 245 51 Frances
1156 3680 255 53 Perkins.
1487 3681 137 51 New
1654 3679 178 65 York,
1861 3679 120 51 The
2011 3677 153 55 John

187 3760 645 67 Day company [ c 1934]
261 3830 96 42 287.
391 3832 53 48 [p
475 3842 41 37 p.
606 3830 25 39 19½
663 3831 43 22 cm
713 3862 7 7 .

192 3885 51 51 ©
273 3890 112 46 May
413 3889 68 45 24,
511 3887 113 40 1934;
682 3886 65 39 2c.
779 3887 114 45 May
921 3886 54 38 24
994 3896 7 28 :
1035 3884 80 40 aff.
1147 3886 112 46 May
1286 3885 55 39 25;
1401 3886 40 37 A
1471 3885 168 46 72492;
1674 3885 48 37 F.
1755 3882 216 46 Perkins,
260 3882 1892 110 Washington.
510 3942 278 49 (34-14217)
