2350 4196
1121 4018 63 48 31

144 366 213 62 Smith,
385 363 250 64 Thorne,
668 365 170 49 1893-

272 436 1866 67 … Skin and bones. Garden City, N. Y., Doubleday, Doran
144 524 43 48 &
215 537 295 50 company,
537 520 125 64 inc.,
693 521 150 49 1933.

211 593 87 41 viii
327 604 56 37 p.,
412 593 23 38 1
502 622 8 15 l.,
539 591 87 41 306
653 600 42 38 p.
753 589 57 41 19½
841 592 43 21 cm
890 622 7 7 .

231 650 147 39 ‘First
407 647 226 41 edition.”

145 703 51 51 ©
233 707 111 39 Dec.
381 706 68 40 27.
487 704 141 40 1933;
668 704 65 39 2c.
772 703 94 39 and
906 700 80 41 aff.
1026 701 109 39 Jan.
1173 700 37 47 2,
1250 698 140 48 1934;
1431 699 41 38 A
1510 698 169 46 68876;

1721 698 50 38 T.
1816 697 170 47 Smith,
2026 698 116 38 New

211 764 143 39 York.
427 760 221 49 (34-902)

144 865 311 62 Spectator
483 880 304 46 company,
815 864 138 50 New
985 861 178 53 York.

217 942 134 51 Fire
385 942 296 50 insurance
717 941 154 64 laws,
905 944 159 47 taxes
1099 938 110 51 and
1246 938 145 66 fees;
1429 937 334 68 containing
1797 956 30 32 a
1861 937 185 67 digest
2080 936 62 52 of

147 1021 95 51 the
280 1023 284 61 statutory
603 1018 405 67 requirements
1046 1017 60 51 in
1142 1017 94 51 the
1272 1016 218 54 United
1530 1015 188 54 States
1756 1016 112 51 and
1906 1015 234 55 Canada

147 1098 248 67 relating
434 1103 58 46 to
534 1094 99 56 fire
674 1097 300 51 insurance
1013 1093 323 69 companies
1380 1094 111 52 and
1535 1097 215 64 agents,
1844 1093 88 52 with
1972 1111 173 49 many

147 1175 324 68 quotations
517 1174 152 54 from
713 1175 95 51 the
853 1178 267 61 statutes;
1172 1174 114 50 also
1333 1191 31 33 a
1410 1172 372 67 compilation
1827 1171 63 54 of
1936 1175 209 64 county

149 1254 111 51 and
292 1252 315 68 municipal
635 1258 157 47 taxes
825 1253 111 50 and
968 1252 133 52 fees.
1178 1252 105 51 33d
1316 1251 212 52 annual
1560 1251 102 64 ed.,
1694 1251 219 51 revised
1946 1256 57 46 to
147 1251 1974 133 December

417 1328 1729 69 1, 1933 … Philadelphia, The Spectator company,
150 1412 149 50 1933.

215 1484 25 38 2
268 1494 42 37 p.
375 1506 8 17 l.,
413 1484 143 39 7-773
585 1494 41 36 p.
684 1483 55 39 24
744 1485 43 20 cm
793 1516 6 5 .

149 1536 51 51 ©
227 1541 110 39 Dec.
365 1541 68 40 26.
461 1539 139 41 1933;
630 1540 66 39 2c.
725 1541 95 38 and
848 1551 79 28 aff.
957 1540 111 39 Dec.
1097 1539 80 46 27;
1208 1539 40 39 A
1275 1538 144 40 68690
1437 1549 8 35 ;
1479 1538 254 47 Spectator
1761 1548 66 29 co.

153 1643 305 67 [Steward,
492 1643 222 54 Wilbur
744 1642 200 68 Albro]
982 1646 170 49 1892-

216 1719 119 52 The
368 1720 159 52 math
561 1737 181 51 pony;
779 1738 26 33 a
842 1719 150 54 table
1025 1718 63 53 of
1121 1720 213 66 partial
1369 1719 288 68 products,
1690 1717 332 69 containing
2053 1717 94 53 the

149 1798 268 67 products
445 1797 62 52 of
533 1797 76 52 all
637 1799 180 66 single
846 1796 207 68 figures
1081 1798 111 53 and
1220 1796 76 54 all
1325 1797 263 54 numbers
1619 1797 151 53 from
1798 1800 31 48 0
1857 1805 57 45 to
1947 1799 202 65 10,000,

147 1877 115 51 also
290 1877 149 53 rules
467 1875 110 52 and
607 1876 289 68 diagrams
921 1895 60 36 so
1008 1876 128 53 that
1163 1876 93 53 the
1283 1876 448 67 multiplication
1760 1876 111 54 and
1902 1875 243 55 division

146 1954 63 52 of
235 1954 262 53 numbers
526 1974 102 34 can
656 1954 65 52 be
749 1955 335 67 accurately,
1111 1953 228 69 quickly
1369 1954 110 52 and
1511 1956 176 67 easily
1717 1956 430 67 accomplished.

149 2032 356 68 Milwaukee,
533 2032 158 66 Wis.,
720 2032 120 52 The
865 2032 167 53 Math
1061 2050 150 51 pony
1246 2066 13 35 [
1264 2039 17 21 c
1287 2036 133 48 1933
1427 2066 13 35 ]

215 2105 25 38 1
275 2114 42 37 p.
385 2135 8 11 l..
425 2104 63 48 xi,
520 2104 85 40 200
637 2115 41 37 p.
740 2104 178 48 diagrs.
979 2105 56 40 18½
1067 2108 15 20 cm
1116 2138 8 8 .

152 2162 51 51 ©
239 2167 112 39 Dec.
386 2165 68 48 29,
491 2165 141 46 1933;
669 2166 67 39 2c.
774 2166 95 39 and
905 2176 81 29 aff.
1024 2166 108 38 Jan.
1170 2166 37 40 2,
1245 2165 141 48 1934;
1426 2166 40 39 A
1503 2167 169 47 67791;
1712 2169 71 39 W.
1822 2169 51 39 A.
1916 2169 234 47 Steward,

218 2223 302 39 Milwaukee.
587 2218 66 53 [©
688 2223 212 39 revision
934 2224 94 38 and
1061 2233 106 29 new
1199 2226 194 47 matter]
1470 2224 251 49 (34-1141)

151 2325 271 65 Wallace,
454 2326 219 63 Edgar.

222 2402 120 53 The
370 2422 132 33 man
532 2403 125 52 who
687 2403 256 68 changed
971 2404 89 53 his
1087 2423 179 33 name.
1349 2406 391 66 [Instalments
1767 2412 152 62 8-14]

230 2477 80 48 (In
339 2473 201 43 London
569 2473 148 43 News
746 2473 262 51 chronicle,
1037 2474 124 43 Nov.
1193 2477 70 48 10,
1296 2478 69 48 11,
1398 2478 164 50 13-17,
1594 2479 144 48 1933)

153 2529 1997 57 © 1c. each Jan. 6, 1934; A ad int. 18577; pubd. Nov. 10, 11, 13, 14, 15,
222 2590 67 47 16,
322 2590 68 47 17,
424 2591 139 46 1933;
599 2591 297 47 Doubleday,
931 2592 167 39 Doran
1131 2593 34 38 &
1196 2604 81 36 co.,
1311 2594 104 47 inc.,
1452 2595 194 41 Garden
1681 2597 123 47 City,
1839 2598 49 39 L.
1924 2598 50 46 I.,
2009 2598 55 40 N.
2098 2599 53 38 Y.

154 2680 265 63 Warner,
449 2681 276 53 Kenneth
757 2681 173 55 Oren.

152 2759 1969 143 … An introduction to some problems of Australian federalism ; a study of
671 2837 96 54 the
796 2837 375 67 relationship
1202 2838 248 52 between
1482 2838 94 51 the
1609 2837 335 53 Australian
1978 2843 172 48 states

155 2914 113 53 and
305 2913 95 54 the
438 2916 484 65 commonwealth,
961 2915 140 52 with
1138 2916 209 66 special
1387 2914 287 54 reference
1711 2920 58 47 to
1807 2916 233 65 finance,
2078 2916 73 65 by

152 2990 1974 145 Kenneth O. Warner … Seattle, Wash., University of Washington press, 1933.
223 3141 63 46 xi,
313 3142 85 39 312
424 3152 41 37 p.
521 3143 55 39 23
580 3145 15 20 cm
630 3174 7 8 .
704 3144 306 47 (University
1039 3144 50 40 of
1117 3143 321 48 Washington
1466 3142 325 49 publications
1821 3144 47 39 in
1899 3145 80 39 the
2008 3144 146 41 social

153 3197 225 41 sciences,
436 3210 43 29 v.
507 3199 50 48 9)

226 3255 128 40 “The
383 3257 399 39 commonwealth
814 3256 50 40 of
894 3256 251 40 Australia
1179 3257 318 39 constitution
1529 3256 106 40 act”
1657 3268 8 28 :
1698 3268 44 37 p.
1773 3256 217 42 271-302.

223 3311 347 48 Bibliography
590 3324 8 27 :
632 3324 40 36 p.
705 3313 215 40 255-270.

159 3363 51 51 ©
235 3368 110 39 Dec.
372 3369 67 41 15,
465 3369 140 46 1933;
633 3370 66 39 2c.
726 3370 108 39 Jan.
860 3370 39 45 2,
925 3370 141 46 1934;
1095 3369 80 40 aff.
1202 3371 110 39 Dec.
1341 3370 67 46 28,
1435 3369 142 47 1933;
1607 3371 40 38 A
1673 3370 170 47 68692;
1872 3371 283 46 University

227 3425 50 38 of
304 3426 335 47 Washington,
672 3426 197 41 Seattle.
941 3426 220 48 (34-906)

157 3523 200 56 Who’s
388 3528 131 53 who
546 3529 61 51 in
639 3529 223 52 colored
919 3530 293 68 America;
1248 3552 30 32 a
1310 3530 397 69 biographical
1739 3532 323 67 dictionary
2093 3531 63 53 of

227 3605 228 52 notable
480 3605 185 68 living
688 3624 234 50 persons
947 3608 63 52 of
1035 3608 247 53 African
1307 3610 225 51 descent
1555 3612 61 51 in
1641 3611 280 53 America.
231 3613 1927 121 1930-1931-1932

580 3685 98 63 (3d
707 3684 113 67 ed.)
907 3686 312 69 Brooklyn,
1248 3689 69 51 N.
1347 3689 90 55 Y..
1464 3689 197 53 Who’s
1689 3689 125 51 who
1844 3691 60 50 in
1932 3689 223 52 colored

228 3759 490 69 America [ c 1934]
226 3833 958 52 xiv p., 1 l., 499 p. inch ports. 27 cm .
160 3884 52 51 ©
250 3889 109 42 Jan.
396 3891 68 47 10,
501 3891 141 47 1934;
681 3893 68 40 2c.
787 3893 108 41 Jan.
934 3894 82 46 19;
1057 3894 79 41 aff.
1179 3895 108 40 Feb.
1326 3896 52 47 3;
1420 3896 41 38 A
1498 3896 170 44 69308;
1709 3897 211 40 Thomas
1959 3897 196 46 Yenser,

226 3944 261 50 Brooklyn.
