2350 4196
1132 3997 98 48 624

196 375 247 66 Winnig,
476 377 255 66 August,
767 376 166 53 1878-

266 453 126 53 Wir
428 456 173 52 hüten
642 456 99 51 das
781 454 95 53 feu
882 473 56 33 er
956 475 10 45 ;
1008 452 253 54 aufsätze
1298 454 110 51 und
1454 453 168 51 reden
1662 470 98 34 aus
1797 453 141 51 zehn
1976 452 199 66 jahren

208 531 390 68 (1923-1933),
644 551 110 34 von
801 533 227 66 August
1073 530 252 68 Winnig.
1401 530 320 66 Hamburg,
1767 530 410 53 Hanseatische

193 608 660 68 verlagsanstalt [ c 1933]
268 692 460 51 305, [3] p. 2 ½ cm .
271 750 117 40 ‘‘Die
414 751 202 39 meisten
645 751 221 39 aufsätze
893 751 107 39 sind
1027 750 48 39 in
1103 751 81 38 der
1214 750 232 39 ‘Berliner
1473 748 398 48 börsen-zeitung’
1901 750 277 39 erschienen

198 805 1979 105 Einige … sind anderweit erschienen, etliche in der längst eingegangenen halbmonatsschrift ‘Der Firn’, drei in den ersten jahrgängen
200 918 81 41 des
313 919 434 48 ‘Jungdeutschen’,
779 920 154 47 einige
963 921 197 38 wurden
1190 920 149 39 durch
1371 919 76 39 die
1479 918 426 48 ‘Knlturbeiträge’
1936 921 83 38 der
197 921 1965 101 Telegraphen-union
606 976 600 40 verbreitet.”—Vorwort.

199 1042 1982 52 © Nov. 21, 1933; 1c. Mar. 13. 1934; A -Foreign 24053; Hanseatische
268 1104 391 47 verlagsanstalt,
696 1115 103 36 a.-g.
872 1104 277 47 (34-13931)

196 1221 330 63 Wittstock,
563 1221 213 66 Erwin,
810 1225 169 49 1899-

190 1298 1966 146 … Bruder, nimm die brüder mit, roman. München, A. Langen, G. Müller, 1934.
261 1462 597 49 433, [1] p., 1 l. 19 ½ cm .
198 1530 1984 110 © Nov. 30, 1933; 1c. Mar. 30, 1934; A -Foreign 24281; Albert Langen-Georg Müller verlag, g. m. b. h. (34-13415)
191 1706 155 53 Wolf
349 1722 123 52 son,
501 1710 200 63 Harry
729 1710 287 64 Austryn,
1050 1714 166 50 1887-

268 1785 117 51 The
425 1786 341 68 philosophy
805 1785 61 53 of
907 1786 263 69 Spinoza,
1207 1786 309 68 unfolding
1552 1786 95 52 the
1684 1786 179 53 latent
1901 1804 277 49 processes

199 1862 1979 70 of his reasoning, by Harry Austryn Wolfson … Cambridge,
199 1939 185 68 Mass.,
411 1940 269 53 Harvard
712 1941 312 67 university
1058 1959 169 49 press,
1260 1943 148 50 1934.

266 2023 25 39 2
325 2035 40 29 v.
429 2024 54 40 23
487 2028 42 20 cm
536 2058 7 7 .

270 2081 136 40 “Into
434 2083 80 39 the
542 2082 157 41 fabric
728 2084 49 38 of
806 2083 97 40 this
933 2085 145 40 work,
1108 2085 156 39 which
1291 2085 50 39 in
1368 2086 125 39 form
1523 2086 190 40 follows
1743 2089 80 37 the
1851 2088 139 39 order
2019 2088 49 39 of
2096 2088 81 39 the

198 2138 208 48 ‘Ethics’,
437 2150 69 28 we
538 2140 121 39 have
689 2141 101 38 also
822 2150 165 30 woven
1018 2142 217 39 relevant
1264 2151 228 38 passages
1520 2143 127 39 from
1676 2144 81 39 the
1789 2146 139 37 other
1957 2145 221 47 writings

198 2195 51 39 of
277 2195 217 48 Spinoza,
521 2206 51 29 so
597 2198 108 38 that
729 2198 81 38 the
836 2197 142 47 study
1006 2198 50 38 of
1081 2197 76 40 his
1180 2197 286 49 philosophy
1492 2200 164 39 herein
1685 2203 253 44 presented
1964 2202 41 39 is
2034 2204 143 38 based

198 2262 126 37 upon
349 2252 75 40 his
451 2252 193 41 ‘Ethics’
672 2264 54 28 as
752 2253 108 39 well
885 2265 53 28 as
964 2265 126 36 upon
1118 2257 63 37 all
1208 2255 76 40 his
1312 2257 137 38 other
1475 2257 222 47 writings
1725 2258 46 38 in
1800 2269 50 29 so
1877 2259 81 38 far
1984 2270 53 28 as
2066 2260 110 46 they

197 2319 83 30 are
307 2311 185 39 related
519 2317 47 33 to
594 2311 81 39 the
706 2310 445 47 ‘Ethics’.”—Pref.,
1179 2322 43 37 p.
1249 2311 99 40 viii.

270 2367 132 40 “List
429 2367 50 39 of
507 2366 207 41 editions
743 2367 49 38 of
819 2370 128 37 texts
976 2367 142 40 used”:
1176 2368 90 40 vol.
1338 2400 8 16 II,
1374 2381 41 36 p.
1462 2369 233 49 [357]-364.

198 2437 50 50 ©
277 2442 111 46 Apr.
420 2441 67 46 18,
518 2440 113 41 1934;
689 2441 66 39 2c.
786 2441 117 39 each
932 2441 113 47 Apr.
1075 2441 53 39 23;
1188 2440 80 40 aff.
1302 2443 112 47 May
1444 2444 51 40 1;
1525 2444 41 38 A
1598 2443 141 40 72267;
1800 2445 254 40 President
2085 2445 94 41 and

264 2498 189 39 fellows
484 2498 48 38 of
564 2498 228 38 Harvard
822 2498 189 46 college,
1046 2497 296 47 Cambridge,
1376 2500 145 39 Mass.
1592 2500 278 49 (34-12012)

196 2613 324 65 [Woolfolk,
550 2613 204 54 Josiah
785 2614 154 53 Pitts]
994 2618 167 50 1894-

264 2692 362 67 Delinquent,
669 2693 74 65 by
790 2692 145 53 Jack
979 2691 320 55 Woodford
1372 2696 189 64 [pseud.]
1678 2696 138 51 New
1866 2696 178 66 York,
2090 2697 86 52 W.

192 2768 262 67 Godwin,
484 2770 127 64 inc.,
646 2773 149 49 1934.

265 2856 83 39 272
376 2867 41 36 p.
472 2854 57 41 19
531 2857 41 21 cm
578 2885 7 7 .

200 2921 54 51 ©
281 2927 112 45 May
419 2927 38 43 1,
488 2924 113 41 1934;
660 2925 65 39 2c.
757 2926 112 46 May
897 2927 27 37 4;
985 2925 79 41 aff.
1097 2926 110 47 May
1237 2927 25 39 3;
1322 2928 40 38 A
1393 2928 167 43 71489;
1595 2929 43 40 J.
1670 2929 49 40 P.
1751 2929 255 48 Woolfolk,
264 2930 1898 97 Jacksonville,
509 2982 99 38 Fla.
681 2981 278 47 (34-12032)

191 3096 291 62 Wootton,
512 3101 136 50 Mrs.
681 3099 263 52 Barbara
976 3099 250 62 (Adam)
1264 3101 169 52 1897-

261 3176 164 63 Plan,
466 3192 61 33 or
567 3192 70 34 no
679 3175 153 66 plan,
870 3175 73 66 by
985 3175 252 53 Barbara
1278 3178 286 52 Wootton.
1640 3180 255 66 London,
1936 3182 67 51 V.
191 3180 1965 123 Gollancz
381 3252 121 65 ltd.,
537 3254 147 49 1934.

265 3331 83 40 360
377 3342 42 36 p.
504 3331 26 39 19
533 3333 42 21 cm
582 3363 6 6 .

198 3398 1977 55 © 1c. Mar. 20. 1934; A ad int. 18765; pubd. Jan. 22; Barbara Wootton,
267 3459 210 38 London.
548 3458 247 47 (34-9587)

191 3576 215 64 Worts,
437 3576 224 64 George
692 3578 60 52 F.

265 3651 120 52 The
420 3652 169 51 house
627 3651 62 52 of
727 3652 264 68 creeping
1028 3653 217 67 horror,
1282 3654 75 67 by
1394 3655 222 69 George
1653 3658 64 50 F.
1756 3658 210 52 Worts.
2041 3658 136 51 New

197 3728 176 55 York.
401 3728 68 51 A.
500 3728 75 52 H.
606 3728 160 68 King
839 3732 149 63 [c1934]

262 3799 367 48 256 p. 19½ cm .
199 3868 51 52 ©
278 3874 112 46 May
417 3874 67 45 22,
514 3873 137 43 1934;
682 3874 63 39 2c.
776 3876 92 37 and
899 3874 79 40 aff.
1008 3877 112 45 May
1148 3876 51 39 23;
1257 3877 40 37 A
1326 3877 139 40 71732;
1524 3879 170 40 Alfred
1722 3881 61 38 H.
1812 3880 139 46 King.
1982 3880 89 38 inc.

277 3929 276 49 (34-12965)
