2350 4196
1182 4010 99 49 890

246 374 308 64 Bertrand,
586 376 195 65 Louis,
817 380 169 49 1866-

324 450 298 67 Cardénio,
645 452 260 54 l’homme
930 471 109 34 aux
1063 453 208 54 rubans
1293 452 224 53 couleur
1542 453 67 52 de
1633 452 113 68 feu,
1772 471 102 49 par
1898 453 173 53 Louis

252 453 1954 127 Bertrand
459 573 55 9 ...
549 528 377 55 illustrations
960 530 66 52 de
1058 530 68 54 A.
1162 529 237 54 Pécoucl.
1477 530 200 67 [Paris]
1715 530 279 52 Hachette
2034 565 11 33 [
2051 539 16 20 c
2074 534 130 48 1933
2211 565 12 34 ]

318 599 86 40 256
436 612 43 36 p.
543 599 127 43 illus.
733 601 57 40 18
791 603 43 21 cm
839 633 8 7 .

251 670 1849 52 © Nov. 22, 1933; 1c. June 12. 1934; A- Foreign 24783; Librairie
318 677 1895 94 Hachette.
561 731 276 47 (34-20043)

249 847 178 67 [Best,
458 851 137 51 Mrs.
626 848 208 54 Aliéna
864 849 394 67 (Champlin)]

319 924 155 68 Sojo,
504 925 94 53 the
630 932 157 62 story
818 926 62 53 of
911 927 149 52 little
1090 926 340 68 lazy-bones,
1460 925 74 68 by
1566 925 178 53 Erick
1776 927 184 67 Berry
2012 925 195 69 [pseud.]

249 1002 1755 63 Cleveland, O., The Harter publishing company [ c 1934]
333 1075 56 42 [40]
439 1087 44 38 p.
543 1077 126 42 illus.
729 1077 146 42 22½cm.

317 1132 286 41 Illustrated
639 1132 359 51 lining-papers.

253 1200 51 52 ©
333 1206 124 39 June
484 1206 68 44 28,
581 1206 138 45 1934;
750 1206 65 39 2c.
845 1206 115 46 July
988 1207 80 45 14;
1101 1205 79 40 aff.
1211 1206 115 46 July
1353 1206 81 45 13;
1465 1205 41 39 A
1535 1206 169 45 73478;
1736 1205 182 41 Harter
1946 1207 109 47 pub.
2083 1217 67 30 co.

333 1261 277 49 (34-39871)

247 1377 178 54 Bible.
499 1381 261 65 English.
835 1381 325 52 Selections.
1235 1383 152 49 1933.

323 1499 53 8 ...
420 1456 172 55 God’s
631 1458 157 51 word
824 1463 57 48 to
920 1476 132 32 man
1095 1499 53 9 ...
1197 1457 106 66 [bk.
1340 1460 49 63 2,
1427 1457 160 66 chap.
1630 1460 185 63 14-26]
1893 1456 187 69 Kings
2120 1457 111 51 and

246 1535 299 67 prophets;
591 1536 153 51 from
788 1535 244 67 Samuel,
1074 1536 97 50 the
1208 1534 175 68 judge
1425 1535 111 51 and
1578 1536 262 65 prophet,
1882 1541 60 46 to
1980 1535 249 52 Malachi

245 1612 95 54 the
369 1613 470 67 prophet—from
872 1613 154 67 Saul,
1054 1613 139 67 king
1222 1612 61 52 of
1312 1613 199 65 Israel,
1539 1619 57 47 to
1626 1614 346 53 Artaxerxes
2053 1656 10 23 II,
2091 1613 142 67 king

246 1690 1926 66 of the Persians. 1170 B. C. to 420 b. c. Harry F. Rector …
247 1769 204 52 author
485 1769 111 52 and
631 1769 284 66 compiler.
990 1769 154 51 Lock
1177 1771 221 63 Haven,
1433 1771 118 63 Pa.,
1588 1770 251 64 Century
1875 1769 61 51 of
1971 1787 261 48 progress

244 1845 851 63 publishing company [ c 1934]
318 1921 97 47 158,
450 1921 53 47 [2]
536 1931 42 37 p.
637 1920 57 39 16cm

253 1986 51 52 ©
334 1991 114 47 July
473 1990 69 46 20,
570 1989 113 40 1934;
738 1990 63 38 2c.
833 1989 113 47 July
973 1989 82 44 25;
1086 1988 78 39 aff.
1193 1988 119 47 Aug.
1340 1988 24 39 3;
1423 1988 41 38 A
1491 1988 142 39 74406;
1692 1988 213 47 Century
1933 1989 50 39 of
2012 1997 221 38 progress

319 2048 109 47 pub.
453 2058 64 29 co.

246 2163 161 66 Bills,
437 2164 233 53 Arthur
700 2162 243 65 Gilbert,
977 2165 170 49 1895-

317 2240 244 55 General
599 2240 408 68 experimental
1046 2240 365 67 psychology,
1447 2240 75 66 by
1560 2239 224 53 Arthur
1824 2238 225 56 Gilbert
2087 2238 146 54 Bills

252 2362 56 10 ...
385 2320 139 52 New
557 2318 178 67 York,
766 2319 241 52 London
1044 2323 135 61 [etc.]
1215 2320 344 64 Longmans,
1591 2318 185 54 Green
1808 2317 112 51 and
1952 2334 97 48 co.,
2083 2320 148 49 1934.

321 2406 32 28 x
388 2404 58 38 p.,
482 2394 24 38 1
581 2424 7 16 l.,
626 2392 86 40 620
746 2404 41 36 p.
854 2391 141 46 illus.,
1034 2390 178 48 diagrs.
1276 2391 117 39 22—.
1470 2389 297 50 (Half-title:
1805 2388 285 48 Longmans’
251 2399 1966 100 psychology
478 2449 173 47 series)

325 2508 160 40 “First
518 2505 224 42 edition.”

255 2575 50 51 ©
333 2579 127 39 June
483 2578 67 46 27,
578 2577 140 45 1934;
747 2577 66 38 2c.
844 2577 93 38 and
965 2574 80 42 aff.
1075 2575 122 39 June
1225 2574 82 46 29;
1337 2574 41 38 A
1406 2574 142 39 74047;
1606 2572 286 49 Longmans,
1922 2572 154 40 Green
2105 2571 36 40 &
2166 2581 66 30 co.

332 2634 277 49 (34-19680)

248 2752 250 54 Boulder
526 2754 134 52 dam
688 2751 224 55 service
939 2752 240 61 bureau,
1207 2751 109 53 inc.

329 2828 398 55 Construction
777 2827 62 52 of
892 2826 249 52 Boulder
1192 2825 145 66 dam,
1390 2823 279 69 prepared
1719 2822 61 51 in
1831 2820 403 53 collaboration

256 2908 139 52 with
432 2907 93 51 the
561 2906 372 67 Department
969 2904 63 52 of
1069 2904 94 53 the
1197 2902 252 68 interior,
1488 2902 227 52 Bureau
1753 2899 63 56 of
1851 2899 380 53 reclamation.

259 2984 321 68 Copyright
624 3027 55 9 ...
722 2983 74 66 by
836 2981 251 52 Boulder
1127 2981 129 52 dam
1296 2979 209 55 service
1543 2979 228 66 bureau,
1810 2978 107 55 inc.
1966 2974 266 70 [Boulder
257 3061 151 67 City,
440 3062 156 66 Nev.]
632 3069 16 20 c
655 3063 148 49 1934.

324 3133 58 40 48
415 3144 43 37 p.
525 3133 127 39 illus.
717 3132 55 39 17½c
805 3133 43 22 m
853 3161 8 8 .

325 3191 123 38 Plan
478 3201 59 29 on
565 3201 43 37 p.
641 3189 55 50 [2]
729 3190 50 38 of
808 3197 152 32 cover.

254 3262 51 51 ©
340 3266 124 39 June
497 3265 67 46 15,
597 3264 138 45 1934;
770 3263 67 39 2c.
870 3263 94 39 and
996 3261 81 41 aff.
1111 3262 123 39 June
1267 3262 81 46 25;
1384 3262 42 38 A
1459 3261 142 40 72990;
1664 3261 210 39 Boulder
1908 3261 111 38 dam
2052 3256 180 41 service

323 3323 196 45 bureau,
552 3322 101 45 inc.,
687 3320 209 40 Boulder
928 3319 121 47 City,
1081 3319 114 38 Nev.
1266 3318 277 48 (34-19644)

246 3439 278 62 Burgess,
556 3437 272 55 Andrew.

324 3512 418 56 Unkulunkulu
777 3511 60 52 in
871 3511 297 67 Zululand,
1201 3512 75 68 by
1309 3511 249 53 Andrew
1594 3510 247 65 Burgess
1882 3549 55 10 ...
256 3503 1952 155 Minneapolis,

476 3590 199 66 Minn.,
699 3590 120 50 The
843 3589 192 51 Board
1061 3589 62 52 of
1148 3589 225 67 foreign
1398 3588 257 53 missions
1690 3621 11 33 [
1707 3594 16 20 c
1730 3588 150 62 1934]

324 3662 83 39 263
436 3672 43 37 p.
505 3661 109 40 incl.
640 3662 162 46 front.,
831 3661 141 47 illus.,
999 3663 161 46 ports.,
1189 3671 149 38 maps,
1368 3661 153 47 diagr.
1575 3660 145 40 20½cm.

323 3719 285 39 Illustrated
633 3718 134 39 front
791 3717 321 48 lining-paper
1137 3719 92 38 and
1254 3728 136 36 maps
1414 3729 59 28 on
1496 3718 122 39 back
1640 3716 335 47 lining-paper.

321 3776 345 46 Bibliography;
726 3785 43 37 p.
802 3774 98 40 263.

253 3833 50 51 ©
329 3839 112 44 May
463 3837 68 45 21,
556 3835 112 40 1934;
721 3835 67 39 2c.
813 3836 93 38 and
933 3834 80 39 aff.
1040 3834 116 46 July
1177 3834 25 38 2;
1256 3835 40 37 A
1320 3833 143 40 74074;
1517 3833 161 38 Board
1704 3832 50 38 of
1777 3829 191 48 foreign
1992 3826 237 46 missions,

319 3892 287 47 Norwegian
635 3892 247 38 Lutheran
912 3890 178 40 church
1121 3890 51 39 of
1197 3890 237 45 America,
1465 3888 335 48 Minneapolis.

329 3948 277 51 (34-19830)
