2350 4196
1101 4053 131 45 1127

142 420 215 66 Oliver,
389 420 254 65 Jerome,
679 422 168 50 1886-

214 499 191 67 Khan,
442 498 275 68 phantom
755 514 258 50 emperor
1048 495 63 52 of
1149 498 150 62 1940,
1334 494 76 66 by
1447 494 227 53 Jerome
1712 491 214 55 Oliver.
2003 493 134 51 New

149 576 177 68 York,
353 577 55 54 J.
440 575 61 54 C.
531 577 214 51 Reklar
772 577 111 51 and
912 592 78 35 co.
1043 576 156 49 [c1934]

221 651 25 38 2
280 661 42 36 p.
380 683 6 6 l.,
453 649 161 40 [7]-337
651 660 41 36 p.
754 648 143 40 19½cm.
969 646 96 46 (On
1101 653 162 32 cover:
1298 643 359 48 Cosmopolitan
1696 640 350 50 publications)

150 717 51 51 ©
231 721 81 39 July
373 721 69 47 26,
472 720 139 47 1934;
642 720 65 40 2c.
739 720 115 45 Aug.
885 718 25 38 2
929 730 8 27 :
971 718 79 39 aff.
1082 718 117 45 Aug.
1230 717 51 46 1;
1315 716 40 39 A
1385 713 169 49 73702;
1589 716 42 39 J.
1663 715 47 40 C.
1744 714 182 40 Reklar
1958 715 35 39 &
2022 725 66 29 co.

229 777 279 47 (34-29546)

145 878 383 67 Oppenheim,
560 880 253 53 Edward
845 876 265 66 Phillips,
1143 881 168 50 1866-

216 957 121 53 The
383 963 232 63 strange
664 958 267 52 boarders
980 956 64 52 of
1090 956 206 53 Palace
1343 963 265 57 crescent,
1656 954 73 67 by
1780 956 65 50 E.
1896 953 250 69 Phillips

148 1033 376 71 Oppenheim.
601 1036 233 66 Boston,
870 1035 195 67 Little,
1104 1037 229 52 Brown,
1371 1033 112 53 and
1520 1051 299 49 company,
1857 1036 151 49 1934.

223 1106 638 49 3 p. l., [3]-308 p. 19½cm.
154 1165 51 51 ©
251 1168 127 47 Sept.
420 1169 37 40 7.
501 1167 112 39 1934;
685 1167 66 40 2c.
795 1167 92 39 and
930 1165 81 40 aff.
1057 1166 126 46 Sept.
1227 1166 54 37 11;
1352 1165 40 37 A
1435 1163 142 41 75243;
1650 1165 49 38 E.
1744 1165 50 39 P.
1839 1164 296 47 Oppenheim,

222 1225 199 46 Cagnes,
455 1225 52 38 A.
543 1225 76 45 M.,
653 1224 196 39 France.
922 1221 278 48 (34-29558)

148 1327 249 64 Oregon.
473 1329 278 66 Supreme
786 1333 172 46 court.

218 1404 1932 69 Reports of cases decided … Bryan Goodenough, reporter.
151 1503 49 34 V.
233 1487 114 48 146.
413 1485 174 50 From
617 1484 295 67 February
942 1489 47 62 6,
1021 1485 150 66 1934,
1199 1488 58 49 to
1286 1481 175 69 April
1492 1483 81 67 17,
1606 1486 150 49 1934.
1824 1484 117 55 San
149 1486 1978 137 Francisco,
344 1562 194 61 Calif.,
572 1561 584 62 Bancroft-Whitney
1188 1580 280 43 company
1548 1565 151 58 [c1934]

225 1638 103 45 xiii,
358 1637 86 39 756
471 1648 41 36 p.
572 1635 143 39 22½cm.

158 1690 1998 52 © Sept. 7, 1934; 2c. Sept. 15; aff. Sept. 22; A 75463; State of Oregon,
229 1751 171 45 Salem,
432 1750 78 40 Or.

154 1850 176 66 Pilar,
357 1851 253 68 princess
639 1854 64 65 of
728 1851 255 55 Bavaria,
1029 1856 169 51 1891-

225 1929 267 67 Bavaria,
520 1929 95 52 the
643 1928 422 69 incomparable;
1126 1948 69 34 an
1223 1929 433 68 unpretentious
1682 1931 183 52 travel
1893 1931 163 68 book,
2086 1932 67 68 by

157 2009 73 51 H.
257 2008 68 52 R.
351 2008 75 53 H.
453 2006 262 55 Princess
741 2008 162 52 Pilar
928 2007 64 52 of
1016 2008 250 52 Bavaria
1294 2009 113 53 and
1432 2008 194 67 Major
1651 2009 291 53 Desmond
156 2010 1978 142 Chapman-Huston;

611 2085 140 52 with
785 2084 214 54 sixteen
1031 2085 382 55 illustrations
1448 2086 152 53 from
1633 2086 96 54 the
1763 2088 290 69 drawings
2087 2089 72 68 by

156 2164 259 52 Princess
459 2163 179 52 Pilar.
713 2163 239 52 London
1016 2167 120 63 [etc.]
1184 2164 215 54 Cassell
1443 2165 113 52 and
1598 2182 298 52 company,
1938 2167 220 54 limited

163 2244 171 65 [1934]

229 2314 1113 49 6 p. l., 308 p. front., plates, port. 22cm.
165 2369 1999 53 © 1c. Aug. 10, 1934; A ad int. 19267; pubd. June 21; Princess Pilar
235 2431 50 39 of
344 2430 227 46 Bavaria,
633 2428 212 48 Munich,
906 2430 93 38 and
1059 2430 243 39 Desmond
1363 2430 480 50 Chapman-Huston,
1906 2434 257 41 Cranford.

233 2488 279 39 Hounslow.
547 2486 284 46 Middlesex,
864 2487 235 46 England.
1174 2486 279 48 (34-29327)

158 2587 373 66 Prokhanov,
593 2604 114 37 Īvan
740 2589 414 66 Stepanovīch,
1189 2593 172 52 1869-

232 2663 74 54 In
352 2664 96 53 the
496 2664 273 53 cauldron
815 2664 64 53 of
926 2665 224 69 Russia,
1199 2668 339 66 1869-1933;
1589 2667 464 73 autobiography
2102 2669 64 54 of

163 2741 2004 73 I. S. Prokhanoff … The life of an optimist in the land of
168 2820 331 68 pessimism,
526 2820 261 69 together
813 2820 140 53 with
982 2840 71 34 an
1083 2822 338 70 interesting
1449 2823 223 72 history
1700 2826 64 53 of
1792 2826 95 54 the
1919 2827 247 54 Russian

165 2898 348 69 evangelical
540 2896 295 55 Christian
862 2899 191 53 union.
1106 2900 138 53 New
1272 2901 180 69 York,
1478 2902 378 56 All-Russian
165 2905 1977 123 evangelical
286 2975 294 56 Christian
614 2975 198 70 union,
842 2978 152 53 1933.

235 3046 87 42 270
351 3060 41 37 p.
454 3048 163 44 front.,
650 3048 171 51 plates,
853 3052 149 45 ports.
1062 3050 114 41 21cm.

172 3103 50 52 ©
253 3108 115 39 Nov.
402 3108 68 47 15,
502 3107 140 47 1933;
676 3107 65 40 2c.
774 3108 129 39 June
930 3109 68 45 11,
1029 3108 140 48 1934;
1202 3110 80 40 aff.
1317 3112 117 47 July
1464 3111 82 48 21;
1580 3114 40 39 A
1652 3114 170 48 73628;
1856 3116 315 42 All-Russian

243 3165 297 46 evangelical
576 3164 251 40 Christian
860 3165 159 39 union.
1092 3167 279 50 (34-29349)

166 3267 168 65 Rast,
360 3267 165 56 Karl.

243 3341 389 54 Atomtheorie
668 3345 118 52 und
825 3344 284 69 atombau,
1146 3365 108 35 von
1294 3349 84 52 dr.
1418 3349 148 53 Karl
1605 3351 159 53 Rast.
1840 3352 113 53 Mit
170 3352 1977 137 abbildungen

421 3421 80 52 im
526 3426 136 47 text.
719 3421 257 71 Leipzig,
1004 3424 57 54 J.
1090 3423 70 54 A.
1190 3426 204 68 Barth,
1426 3430 149 51 1934.

240 3492 87 41 138
356 3504 43 37 p.
460 3493 178 47 diagrs.
699 3493 116 42 21cm.

242 3548 379 42 “Schrifttum”:
654 3560 43 38 p.
736 3551 246 50 [137]-138.

176 3603 1998 61 © Mar. 27, 1934; 1c. Aug. 6; A -Foreign 25324; Johann Ambrosius
244 3665 169 39 Barth.
485 3665 279 48 (34-29498)

171 3764 309 68 Rockwell,
511 3769 227 54 Donald
769 3770 339 68 Shumway,
1143 3778 170 50 1895-

245 3841 223 55 Bazaar
506 3843 65 54 of
605 3846 251 68 dreams;
900 3867 31 33 a
970 3849 295 54 collection
1306 3852 65 52 of
1411 3871 191 50 poems
1643 3856 113 52 and
1796 3857 183 52 travel
2019 3875 157 36 verse

174 3915 78 71 by
288 3920 131 53 Don
458 3921 290 55 Rockwell
799 3924 391 66 (Mohammed
1232 3929 219 69 Feisal)
1502 3932 326 55 illustrated
1867 3934 79 71 by
1986 3935 190 55 Tabea
