2350 4196
1144 3999 132 49 1094

226 443 215 69 theory.
534 444 119 53 The
711 446 322 52 cellulettes.
1128 444 383 69 Syncytioma.
1607 443 120 52 The
1787 459 426 51 pre-cancerous

226 522 329 52 carcinoids.
616 523 379 53 Teratomata.
1050 523 93 51 An
1167 521 323 53 illustrated
1515 520 203 52 review
1743 520 63 53 of
1830 538 148 35 some
2005 520 207 68 primal

228 598 383 69 embryology,
646 600 168 51 2-8th
848 599 168 68 week,
1050 599 298 68 including
1382 598 95 53 the
1511 600 222 50 normal
1772 599 111 51 and
1921 597 293 53 abnormal

228 674 1915 69 cancer cellule. By Frank A. Stahl … Chicago, Ill., c 1934.
297 748 660 51 153, [1] p. illus. 23½ cm .
300 804 145 41 “This
470 807 41 38 is
537 817 25 28 a
588 806 131 46 reply
747 808 46 37 to
820 817 26 28 a
871 806 122 39 book
1021 805 171 41 review
1218 803 208 49 opinion,
1453 801 128 52 1933,
1605 804 61 46 by
1692 815 27 28 a
262 802 1954 108 continentalist.”—p.·[2]

300 917 127 40 “The
455 920 192 44 present
676 918 297 46 publication
1003 918 42 39 is
1074 919 83 38 the
1182 916 166 47 eighth
1380 916 49 41 of
1460 925 28 30 a
1516 915 150 41 series
1696 916 50 40 of
1776 915 133 48 eight
1939 917 275 39 researches

229 976 287 46 concerning
539 976 81 39 the
642 976 187 46 history
854 977 94 37 and
973 976 282 47 physiology
1279 974 52 40 of
1354 975 83 39 the
1460 975 134 46 early
1619 984 167 36 ovum;
1814 974 142 40 2-8th
227 972 1989 107 week.”—p.
303 1033 53 47 [3]

233 1085 1866 51 © Aug. 1. 1934; 2c. and aff. Aug. 3; A 73706; F. A. Stahl. Chicago.
312 1145 276 47 (34-25338)

224 1231 292 66 Standing
546 1236 169 62 Bear,
746 1234 243 64 Luther,
1020 1236 228 51 Dakota
1278 1234 168 63 chief,
1481 1236 161 48 1888-

305 1309 214 54 Stories
546 1310 62 52 of
634 1310 94 53 the
758 1309 194 69 Sioux,
980 1310 74 68 by
1082 1308 168 55 Chief
1277 1308 288 67 Standing
1591 1308 175 65 Bear;
1796 1307 139 53 with
233 1307 1957 133 illustrations
427 1387 72 68 by
548 1388 243 51 Herbert
836 1374 228 65 Morton
1120 1386 218 67 Stoops.
1425 1386 213 52 Boston
1690 1385 107 52 and
1850 1385 135 52 New
2038 1384 175 54 York.

232 1465 312 68 Houghton
572 1463 202 55 Mifflin
802 1483 291 49 company,
1126 1466 146 49 1934.

304 1535 45 39 vi
381 1547 55 36 p.,
466 1537 25 39 3
521 1536 43 46 l.,
597 1536 144 49 [3]-79
772 1548 40 36 p.
871 1537 162 47 front.,
1064 1536 168 48 plates.
1290 1536 116 39 21cm.

301 1593 331 47 Head-pieces.

232 1650 1981 51 © Aug. 14. 1934; 2c. Aug. 24; aff. Aug. 22; A 75025; L. Standing Bear.
298 1712 308 46 Huntington
639 1711 141 39 Park.
816 1710 141 39 Calif.
1030 1709 277 45 (34-25525)

225 1799 241 66 Strunk,
498 1798 272 66 William,
805 1805 169 48 1869-

297 1876 1914 68 The elements of style, by William Strunk, jr. … and Edward
229 1954 1983 66 A. Tenney … Rev. ed. New York, Harcourt, Brace and
229 2052 278 49 company
585 2037 149 64 [c1934]

300 2108 25 39 3
352 2117 42 36 p.
419 2108 44 46 l.,
492 2107 54 39 62
572 2117 41 36 p.
674 2105 143 42 19½cm.

301 2162 123 41 Text
453 2175 59 28 on
537 2163 336 48 lining-paper.

231 2217 51 51 ©
310 2221 118 47 Aug.
459 2222 67 46 17,
556 2220 140 47 1934;
728 2220 66 40 2c.
825 2222 94 38 and
949 2220 78 39 aff.
1059 2221 116 46 Aug.
1207 2219 52 40 23;
1320 2220 40 38 A
1391 2219 142 40 74617;
1591 2220 259 38 Harcourt.
1884 2220 153 37 Brace
2067 2219 35 40 &
2130 2230 81 29 co·.

296 2278 91 40 inc.
457 2276 279 49 (34-25696)

223 2367 205 51 Texas.
504 2368 164 51 Laics,
719 2373 253 53 statutes,
1008 2373 96 46 etc.

292 2443 276 52 Vernon's
616 2445 305 50 annotated
968 2444 240 51 Revised
1254 2444 132 52 civil
1433 2449 238 46 statutes
1716 2443 63 51 of
1822 2445 95 50 the
1961 2447 145 47 state
2152 2442 62 52 of

224 2521 198 52 Texas,
458 2522 244 52 revision
738 2522 62 50 of
828 2525 156 50 1925.
1018 2522 296 67 including
1348 2523 334 65 subsequent
1717 2523 137 50 laws
1889 2521 62 52 of
1986 2522 228 66 general

224 2600 351 66 application
614 2600 250 67 through
905 2601 94 50 the
1041 2600 242 67 regular,
1325 2599 123 53 first
1490 2601 110 50 and
1642 2600 202 52 second
1886 2599 178 52 called
223 2618 1965 112 sessions
409 2679 62 50 of
506 2680 93 51 the
635 2680 135 49 43rd
807 2679 371 65 Legislature,
1214 2679 138 50 with
1388 2678 292 52 historical
1716 2683 156 47 notes
1911 2678 110 51 and
2057 2683 156 45 notes

224 2756 62 50 of
329 2756 274 51 decisions.
695 2773 48 34 v.
788 2759 45 47 2.
878 2757 143 50 Blue
1061 2756 103 65 sky
1205 2758 110 49 law
1356 2766 57 42 to
1459 2757 375 54 Commission
1875 2757 336 52 merchants,

225 2833 222 55 articles
492 2838 96 47 549
631 2839 56 48 to
734 2836 147 50 1287.
959 2834 382 52 Annotations
1387 2854 92 33 are
1521 2836 273 66 complete
1837 2841 56 45 to
1938 2837 147 51 June
2132 2837 81 54 12,

225 2915 150 54 1934.
410 2914 111 50 and
555 2912 224 51 include
814 2912 248 51 volumes
1100 2915 62 49 70
1199 2911 180 54 South
1413 2918 238 46 western
1685 2919 273 61 reporter.
1995 2913 217 54 Second

223 2990 167 53 series;
462 2995 62 48 70
562 2991 240 50 Federal
836 2995 272 61 reporter.
1150 2990 214 54 Second
1402 2992 193 51 series:
1640 2995 65 49 54
1744 2992 272 66 Supreme
2054 2995 159 47 court

221 3074 282 61 reporter:
551 3072 28 48 6
620 3068 239 51 Federal
901 3069 372 64 supplement.
1349 3070 223 51 Kansas
1618 3069 132 66 City,
1812 3071 109 50 Mo.,
1983 3070 229 51 Vernon

222 3148 108 50 law
360 3147 146 51 book
538 3163 294 49 company.
867 3149 146 47 1934.

298 3221 94 39 xvi.
423 3219 84 40 789
535 3230 40 37 p.
634 3218 113 40 26cm.

233 3273 50 51 ©
315 3278 116 46 July
456 3276 67 39 27.
553 3275 112 40 1934;
724 3275 64 39 2c.
820 3276 92 37 and
944 3274 78 39 aff.
1058 3275 124 46 Sept.
1213 3275 56 39 10;
1325 3277 40 38 A
1396 3277 139 39 75212;
1595 3278 192 38 Vernon
1816 3278 95 37 law
1940 3276 123 39 book
2092 3285 64 30 co.

221 3365 191 64 Turle,
444 3365 219 54 James.

293 3442 119 51 The
451 3441 269 67 England
757 3441 31 50 I
825 3442 124 50 love
986 3441 136 65 best,
1160 3441 71 65 by
1270 3441 192 57 James
1501 3441 201 66 Turle;
1743 3441 140 52 with
1921 3440 161 52 wood
224 3458 1965 129 engravings
537 3518 74 68 by
656 3518 197 51 Eileen
896 3517 187 52 Turle.
1165 3518 271 66 [London]
1488 3517 302 55 Constable
1832 3521 46 50 &
1919 3536 293 49 company,

226 3598 117 65 ltd.,
381 3600 147 48 1934.

297 3670 133 42 xviii.
460 3671 82 39 351
571 3680 42 36 p.
643 3669 107 40 incl.
778 3669 162 45 front.,
970 3668 127 39 illus.
1156 3668 142 40 19½cm.

301 3728 146 38 Deals
480 3726 118 40 with
637 3727 190 40 Sussex,
864 3725 307 47 Hampshire,
1205 3726 189 45 Dorset,
1434 3727 253 45 Somerset,
1723 3728 179 41 Devon,
1939 3726 94 39 and
228 3724 1967 98 Cornwall.

231 3835 1980 52 © 1c. Aug. 16. 1934; A ad int. 19279; pubd. June 21; J. Turle. Little
297 3895 142 46 Oaks,
473 3895 366 46 Crowborough,
874 3894 191 46 Sussex,
1098 3894 233 47 England.
1406 3895 276 48 (34-28955)
