2350 4196
1093 4122 99 47 213

139 491 254 55 Canada.
468 491 184 65 Laws,
679 495 258 61 statutes,
966 496 100 48 etc.

268 567 1864 67 … Income war tax act; the complete text of the “Income war
136 652 96 47 tax
260 646 122 53 act”
408 645 63 53 of
495 646 252 66 Canada,
773 644 298 68 including
1096 646 77 50 all
1198 646 388 51 amendments
1610 651 57 45 to
1694 647 111 51 and
1835 645 297 69 including

137 722 1993 68 1932-33 statutes, with appropriate notations … New York,
141 801 246 67 Chicago
428 807 136 61 [etc.]
604 802 324 54 Commerce
962 800 252 68 clearing
1244 802 190 65 house,
1467 800 125 67 inc.,
1623 802 178 52 Loose
1834 801 118 52 leaf
136 821 1972 108 service

245 877 247 54 division
522 878 63 52 of
617 880 94 50 the
742 879 383 67 Corporation
1155 884 147 47 trust
1332 896 297 49 company.
1658 885 17 20 c
1681 882 149 50 1934.

207 951 56 39 48
293 962 44 37 p.
396 951 55 40 23
455 953 43 21 cm
504 983 8 8 .

208 1008 64 40 At
298 1008 124 39 head
449 1008 50 39 of
526 1007 135 40 title:
692 1007 259 40 Dominion
980 1007 52 40 of
1058 1007 212 41 Canada.

142 1067 54 51 ©
217 1071 108 39 Feb.
351 1071 68 45 14,
444 1071 113 40 1934;
610 1071 65 39 2c.
702 1072 93 38 and
895 1104 7 6 aff.
928 1071 110 39 Feb.
1063 1072 81 40 21;
1171 1071 39 38 A
1235 1070 169 47 69549;
1433 1070 276 41 Commerce
1733 1070 217 49 clearing
1972 1073 163 47 house,

205 1128 88 39 inc.
369 1127 250 48 (34-4870)

138 1229 433 67 Chamberlain,
601 1231 205 53 James
835 1230 302 66 Franklin,
1172 1234 170 50 1869-

209 1307 253 67 Canada,
507 1310 95 51 the
648 1310 136 53 land
830 1309 64 53 of
937 1311 95 50 the
1077 1310 187 66 maple
1311 1310 135 66 leaf,
1491 1309 75 67 by
1611 1312 193 52 James
1851 1311 283 52 Franklin

137 1385 1997 147 Chamberlain … Los Angeles, San Francisco, Overland-outwest publications, 1934.
207 1536 737 50 215 p. incl. illus., pl. 18 cm .
209 1594 138 47 Maps
379 1606 59 28 on
468 1594 364 49 lining-papers.

210 1649 226 42 Lettered
463 1662 61 28 on
550 1662 167 30 cover:
746 1652 136 39 Land
910 1652 53 40 of
991 1652 82 39 the
1100 1653 157 47 maple
1283 1652 115 41 leaf.

143 1709 1998 52 © Jan. 20, 1934; 2c. Jan. 31; aff. Feb. 27; A 70407; Overland-outwest
208 1772 337 46 publications.
617 1772 250 48 (34-4352)

140 1874 276 66 Christie,
447 1877 138 51 Mrs.
616 1875 243 64 Agatha
891 1876 251 64 (Miller)

268 1949 1871 72 … Murder in the Calais coach. New York, Dodd, Mead &
137 2045 298 52 company,
468 2032 150 51 1934.

213 2101 60 48 vi,
303 2101 86 41 302
415 2113 44 37 p.
519 2102 56 40 20
579 2104 44 21 cm
627 2136 8 7 .

206 2156 64 42 At
294 2159 125 39 head
447 2158 52 40 of
524 2159 135 40 title:
688 2159 192 48 Agatha
910 2159 227 41 Christie.

145 2212 1997 54 © Feb. 28, 1934; 2c. Mar. 2; aff. Mar. 7; A 70549; Agatha Christie
212 2275 274 46 Mallowan,
512 2275 208 39 London.
794 2275 251 47 (34-4677)

142 2379 175 63 Coan,
351 2378 276 59 Clarence
659 2380 250 64 Arthur,
941 2377 172 55 1867-

212 2452 1926 72 A pilgrimage to Tsuru-ga-oka, by C. Arthur Coan … New
143 2532 176 68 York,
346 2532 256 68 London,
631 2532 66 54 G.
729 2534 62 51 P.
822 2533 294 54 Putnam’s
1144 2553 143 48 sons,
1319 2538 148 48 1933.

208 2604 85 39 224
320 2615 42 36 p.
417 2605 164 47 front.,
609 2606 170 46 plates.
837 2606 54 39 19½cm.

212 2662 225 41 “Edition
461 2663 188 40 limited
673 2666 47 37 to
745 2667 94 36 two
863 2665 221 39 hundred
1109 2666 94 38 and
1229 2665 111 48 fifty
1364 2664 173 50 copies,
1563 2666 53 40 of
1639 2667 156 40 which
1822 2667 97 40 this
1941 2667 41 40 is
140 2677 1981 82 number
251 2719 98 41 104.
415 2720 207 49 [Signed]
656 2721 48 40 C.
738 2721 186 39 Arthur
958 2721 173 41 Coan.”

212 2778 100 39 The
341 2780 134 44 story
503 2778 51 39 of
583 2778 80 39 the
694 2777 362 49 Chiushingura
1088 2780 93 39 and
1211 2781 82 38 the
1323 2780 157 48 prints
1510 2781 244 49 depicting
1784 2781 63 41 its
1876 2783 113 48 plot,
2020 2782 118 41 with

143 2835 270 41 references
452 2838 47 37 to
539 2835 64 40 its
640 2834 253 41 historical
932 2836 310 47 background
1282 2839 94 38 and
1415 2838 321 49 descriptions
1773 2840 52 39 of
1862 2841 80 39 the
1979 2842 160 46 places

144 2893 160 39 where
333 2894 81 39 the
443 2892 161 40 action
634 2892 41 40 is
706 2891 114 41 laid.

213 2950 348 48 Bibliography:
624 2961 42 37 p.
699 2949 218 41 222-224.

149 3008 1991 52 © Dec. 21, 1933; 2c. and aff. Feb. 26. 1934; A 70360; G. P. Putnam’s
214 3080 123 28 sons.
410 3067 249 49 (34-4714)

147 3173 314 63 Conquest,
490 3171 169 55 Joan.

212 3246 1930 72 Love triumphant, by Joan Conquest … New York, The
143 3325 302 68 Macaulay
476 3342 281 50 company
791 3357 13 33 [
808 3330 18 21 c
832 3326 136 50 1934
971 3357 13 35 ]

213 3396 616 50 5 p. l., 7-307 p. 19½ cm .
152 3452 1992 53 © Feb. 10, 1934; 2c. Feb. 14; aff. Mar. 2; A 70523; Mary Eliza Louise
219 3506 1533 54 Gripper Cooke, ℅ Ladies Army and navy club, London.
229 3569 250 49 (34-4858)

149 3672 409 66 Croft-Cooke,
587 3674 248 64 Rupert,
866 3675 172 50 1903-

277 3748 1866 71 … Release the lions. New York, Dodd, Mead & company.
150 3829 147 51 1934.

218 3898 611 49 6 p. l., 15-288 p. 19c m .
155 3953 1987 54 © Feb. 28, 1934; 2c. Mar. 2; aff. Mar. 7; A 70552; R. Croft-Cooke,
220 4016 266 41 Wrotham,
517 4015 142 44 Kent,
692 4015 234 45 England.
999 4013 249 48 (34-4678)
