2350 4196
1131 4017 131 50 1356

297 472 199 46 Twenty
527 473 168 38 letters
726 472 259 40 addressed
1019 475 49 36 to
1098 472 191 39 famous
1321 470 352 49 personalities,
1707 472 101 38 real
1840 471 92 39 and
1966 469 251 42 fictitious,

228 528 298 47 reassessing
553 528 126 39 their
709 529 302 46 reputations
1040 529 94 39 and
1165 528 289 39 characters.

298 584 163 40 “First
480 584 224 41 edition.”

231 636 51 51 ©
318 641 98 40 Oct.
449 643 39 44 4,
521 640 114 41 1934;
696 640 66 40 2c.
799 641 97 40 Oct.
931 642 55 39 18;
1050 640 78 40 aff.
1166 640 98 39 Oct.
1299 641 53 37 17;
1415 639 41 38 A
1491 638 167 45 76601;
1696 639 42 40 .J.
1772 639 53 40 B.
1862 638 177 47 Cabell,
298 637 1897 99 Richmond.
525 696 277 50 (34-34569)

224 797 200 66 Cabot,
458 799 255 53 Richard
746 798 226 65 Clarke,
1007 802 169 52 1868-

225 873 1958 149 Physical diagnosis, by Richard C. Cabot … 11th ed. Baltimore, W. Wood & company, 1934.
300 1025 129 50 xxiv,
461 1027 85 39 540
573 1037 40 36 p.
674 1028 161 47 front.,
865 1028 114 39 illus.,
1037 1028 174 45 diagrs.
1273 1026 54 40 23½
1361 1028 42 20 cm
1411 1059 6 5 .

232 1081 50 50 ©
318 1085 125 47 Sept.
475 1085 37 39 8.
546 1084 112 40 1934;
717 1084 64 40 2c.
820 1086 125 46 Sept.
978 1087 54 37 17;
1094 1084 78 40 aff.
1209 1084 126 47 Sept.
1368 1084 80 45 15;
1484 1084 40 36 A
1559 1083 166 45 75345;
1761 1081 240 40 Williams
2035 1081 37 39 &
297 1081 1898 100 Wilkins
437 1152 66 29 co.
575 1142 276 47 (34-34056)

225 1242 171 66 Cary,
428 1244 251 55 Melbert
711 1245 398 64 Brinkerhoff,
1147 1247 168 52 1852-

226 1318 1964 150 The woman without a country, by Melbert Cary … Boston, Meador publishing company, 1934.
299 1469 85 43 308
414 1482 44 37 p.
518 1471 55 40 19½
607 1474 44 21 cm
656 1504 7 7 .

232 1525 51 51 ©
314 1530 100 40 Oct.
442 1530 38 41 8.
510 1529 113 41 1934;
680 1529 65 41 2c.
777 1532 92 37 and
900 1531 78 38 aff.
1012 1529 98 40 Oct.
1139 1529 54 38 22;
1251 1530 41 37 A
1320 1528 141 40 76703;
1522 1530 61 38 M.
1613 1528 51 38 B.
1698 1528 139 47 Cary,
1913 1539 69 28 New
2014 1528 143 39 York.

309 1587 277 47 (34-34583)

224 1688 222 66 Chang,
477 1689 381 66 P‘êng-ch'un,
911 1696 168 49 1892-

298 1766 1916 68 China: whence and whither ? An outline of a high school
225 1842 1990 73 unit of study, by Peng-chun Chang … with the assistance of
225 1923 186 55 Helen
443 1923 127 67 Gay
600 1925 183 53 Pratt.
859 1925 56 52 A
947 1925 372 68 preliminary
1353 1924 163 54 draft
1548 1923 93 54 for
1676 1924 408 68 experimental
2120 1942 93 33 use

225 2000 1928 71 in the senior high schools of the territory of Hawaii …
225 2080 314 68 Honolulu,
570 2082 64 51 T.
665 2081 96 67 H.,
793 2082 273 53 Institute
1097 2081 63 54 of
1191 2081 210 53 Pacific
1435 2082 289 66 relations,
1760 2084 147 49 1934.

296 2154 86 40 130
407 2165 42 37 p.
508 2156 125 38 illus.
664 2155 130 47 (incl.
824 2157 161 47 maps)
1050 2155 53 41 23
1108 2158 43 20 cm
1157 2189 6 7 .

303 2211 134 40 “List
459 2211 51 40 of
535 2211 299 40 references”
862 2215 52 37 at
940 2213 90 39 end
1058 2213 49 39 of
1135 2212 114 39 each
1277 2212 199 48 chapter
1504 2215 167 44 except
1699 2211 199 47 chapter
1928 2212 37 38 1.

232 2263 51 51 ©
325 2268 127 47 Sept.
490 2269 39 45 4,
569 2268 113 40 1934;
748 2268 65 39 2c.
859 2268 125 48 Sept.
1023 2268 81 46 25;
1147 2268 76 39 aff.
1270 2269 125 47 Sept.
1436 2267 55 40 24;
1559 2269 41 37 A
1639 2268 167 45 76112;
1850 2268 50 39 P.
1941 2267 47 41 C.
2030 2266 180 47 Chang,

297 2324 233 40 Tientsin.
561 2324 165 41 China.
800 2325 275 47 (34-34560)

224 2411 320 67 Chapman,
576 2414 153 54 John
761 2417 264 61 Warner,
1062 2419 167 50 1859-

294 2491 321 68 Longevity
649 2511 62 34 or
743 2494 136 66 long
913 2492 104 54 life
1049 2493 138 51 with
1220 2494 211 66 health,
1466 2493 163 67 vigor
1666 2492 110 52 and
1811 2491 294 67 efficiency,
2136 2491 75 66 by

227 2568 155 53 John
408 2570 88 52 W.
529 2569 314 68 Chapman.
911 2571 265 68 Chicago,
1208 2571 365 54 Continental
1603 2570 319 68 publishers
1957 2603 12 33 [
1975 2576 17 20 c
1997 2573 134 48 1934
2136 2604 11 32 ]

296 2641 55 41 99
395 2653 43 37 p.
497 2640 134 42 front.
676 2643 167 47 (port.)
913 2644 54 39 15½
1002 2646 42 20 cm
1049 2676 7 6 .

297 2697 72 40 On
397 2709 139 29 cover:
594 2698 264 49 Longevity
888 2698 119 41 with
1033 2701 179 39 health.

230 2752 55 50 ©
310 2757 118 46 Aug.
455 2755 68 48 20,
553 2755 138 46 1934;
722 2756 63 40 2c.
818 2757 94 39 and
941 2757 79 38 aff.
1051 2758 118 46 Aug.
1198 2757 54 40 23;
1312 2759 39 37 A
1382 2759 139 39 74616;
1582 2758 309 41 Continental
1922 2757 286 48 publishers,

296 2813 128 39 John
451 2814 205 38 Warner
685 2813 247 47 Chapman.
977 2815 97 38 sole
1103 2824 171 36 owner,
1308 2814 219 48 Chicago.
1600 2815 277 48 (34-34407)

222 2902 216 66 Cicero,
469 2906 238 52 Marcus
731 2905 242 55 Tullius.

294 2981 184 53 Third
525 3000 135 49 year
709 2982 188 53 Latin.
991 2983 137 52 New
1177 2985 245 52 revision
1472 2984 64 53 of
1584 2984 256 67 Kelsey’s
1891 2981 195 56 Cicero
2136 2983 75 67 by

224 3060 1984 69 Bruno Meinecke … Text edition with lessons in composition.
224 3138 1548 70 Boston, New York [etc.] Allyn and Bacon [ c 1934]
295 3211 99 47 viii,
422 3211 54 39 228
532 3222 29 37 p.,
616 3214 25 36 1
691 3242 21 15 l.,
741 3212 55 40 27
821 3224 43 36 p.
919 3212 54 40 19
977 3216 43 20 cm
1026 3247 7 6 .

297 3269 67 38 “A
405 3269 226 47 teaching
670 3270 302 46 supplement
1013 3272 47 37 to
1102 3270 150 41 Third
1294 3282 114 37 year
1450 3273 145 39 Latin
1636 3273 62 45 by
1739 3272 176 46 Kelsey
1959 3272 92 38 and
223 3269 1969 96 Meinecke.”—Pref.

228 3377 50 50 ©
308 3382 118 45 Aug.
459 3381 67 46 25,
558 3381 113 40 1934;
731 3382 65 40 2c.
830 3384 92 38 and
955 3383 80 39 aff.
1069 3383 98 40 Oct.
1202 3384 24 39 8;
1288 3386 39 36 A
1360 3385 139 39 76405;
1562 3386 145 45 Allyn
1740 3385 35 38 &
1806 3385 176 37 Bacon.
295 3382 1897 102 [Copyright
449 3437 41 40 is
517 3439 202 38 claimed
745 3449 59 28 on
830 3439 205 39 Lessons
1060 3440 49 37 in
1135 3440 142 39 Latin
1305 3452 138 36 prose
1471 3441 341 47 composition;
1842 3437 369 49 English-Latin

293 3495 307 48 vocabulary]
673 3495 277 47 (34-34572)

216 3577 200 68 Davis,
450 3582 248 64 Gwilym
733 3584 242 64 George,
1011 3587 319 53 1857-1918.

289 3657 256 69 Applied
577 3667 294 60 anatomy;
905 3662 94 52 the
1032 3667 381 51 construction
1445 3666 62 52 of
1536 3666 95 51 the
1662 3665 212 51 human
1903 3661 149 66 body
219 3678 1965 109 considered
478 3739 60 50 in
576 3739 242 52 relation
857 3744 57 47 to
952 3741 73 50 its
1065 3740 306 69 functions,
1412 3744 241 51 diseases
1693 3741 111 53 and
1841 3739 258 68 injuries,
2134 3738 74 66 by

221 3811 1989 74 Gwilym G. Davis … 9th ed. reset, reillustrated and completely
218 3890 1928 75 rev. by George P. Muller … assisted by Bernard J. Alpers …
