2350 4196
0 0 0 0 88
193 472 1989 68 an introduction by Rev. Charles M. Sheldon … [Fort Myers,
192 551 142 67 Fla.,
364 551 120 52 The
515 550 222 54 Geddes
769 551 263 68 printing
1062 570 95 48 co.,
1189 555 150 62 1934]

265 623 1243 50 2 p. l., xi, 204 p. front., plates, ports. 21 ½ cm.
267 681 163 40 “First
459 681 231 48 printing,
725 681 258 40 December
1015 681 126 47 1933,
1174 683 184 40 limited
1392 685 49 37 to
1472 693 61 28 an
1567 681 184 41 edition
1783 681 50 40 of
1865 681 84 40 100
1983 682 198 47 copies.”

268 739 49 38 “I
346 739 207 47 adopted
580 740 81 39 the
689 739 112 48 plan
830 739 50 40 of
906 739 224 49 masking
1156 750 77 36 my
1261 740 298 47 personality
1589 739 152 40 under
1772 740 79 39 the
1882 741 132 45 story
2046 750 137 30 name

195 798 50 38 of
279 797 210 47 ‘Harvey
523 795 643 48 Vonore’.”—Explanatory
1199 800 123 37 note.

196 852 50 51 ©
277 856 107 39 Jan.
415 856 38 45 8,
483 855 139 46 1934;
655 855 65 38 2c.
752 856 93 37 and
875 855 80 39 aff.
987 855 107 39 Jan.
1125 855 79 41 15;
1236 855 40 38 A
1306 854 168 47 67979;
1507 855 59 38 H.
1598 856 55 38 D.
1687 855 139 46 Herr,
1859 855 120 38 Fort
2008 856 173 45 Myers,

265 913 100 39 Fla.
437 911 249 49 (34-1911)

198 1018 156 63 Holt,
382 1018 224 62 Henry.

266 1094 121 52 The
418 1096 204 50 scarlet
654 1112 317 50 messenger
1009 1094 109 68 [by]
1157 1094 200 68 Henry
1394 1094 160 51 Holt.
1625 1094 255 65 London,
1915 1093 142 52 Pub.
2095 1092 93 53 for

196 1173 93 51 the
322 1173 190 54 Crime
545 1172 144 67 club,
719 1172 121 67 ltd.,
872 1171 72 69 by
974 1173 89 52 W.
1096 1172 217 54 Collins
1343 1190 127 34 sons
1503 1175 45 49 &
1578 1190 96 48 co.,
1703 1172 104 51 ltd.
1864 1175 130 49 [1933]

265 1245 84 41 252
385 1256 43 38 p.
490 1244 114 41 19cm.

199 1300 1985 52 © 1c. Jan. 8, 1934; A ad int. 18614; pubd. Nov. 8, 1933; H. Holt, Hythe,
266 1362 142 46 Kent,
437 1361 233 46 England.
738 1360 248 48 (34-1821)

203 1451 224 65 Horler,
463 1452 255 63 Sydney,
758 1453 168 50 1888-

270 1527 120 52 The
429 1526 265 67 formula,
735 1546 32 32 a
800 1527 163 51 novel
1002 1525 62 51 of
1101 1526 217 68 Harley
1357 1530 184 63 street,
1580 1525 71 68 by
1692 1525 228 68 Sydney
1960 1525 225 53 Horler.

201 1605 252 66 London,
485 1604 54 53 J.
572 1604 178 67 Long,
782 1602 221 54 limited
1094 1606 116 64 [1934]

266 1676 87 39 288
384 1686 43 37 p.
487 1675 116 41 19cm.

267 1732 312 47 Advertising
610 1734 179 38 matter;
849 1742 42 38 p.
926 1731 215 41 287-288.

203 1791 1985 51 © 1c. Jan. 20, 1934; A ad int. 18622; pubd. Nov. 24, 1933; S. Horler,
269 1851 377 45 Bournemouth,
675 1851 173 45 Hants,
878 1850 236 46 England.
1180 1849 249 48 (34-2230)

272 1956 121 51 The
428 1961 176 47 secret
641 1960 184 62 agent,
862 1955 34 51 by
975 1954 214 68 Sidney
1224 1956 230 52 Horler.
1527 1956 161 67 chap.
1756 1959 119 48 1-11.

280 2031 79 47 (In
386 2025 471 52 Nottinghamshire
884 2025 259 52 guardian,
1170 2024 111 44 Jan.
1308 2026 42 50 6,
1378 2025 71 51 13,
1477 2026 72 50 26,
1575 2026 74 51 27,
1674 2024 118 44 Feb.
1821 2027 42 49 3,
1891 2026 71 50 10,
1991 2025 143 51 1934)

204 2083 1984 51 © 1c. each Mar. 2, 1934; A ad int. 18691; pubd. Jan. 6, 13, 20, 27, Feb. 3,
271 2143 67 47 10,
365 2143 138 45 1934;
535 2144 43 39 S.
604 2143 190 46 Horler,
821 2143 376 46 Bournemouth,
1226 2144 235 46 England.

208 2233 230 63 Hough,
467 2233 169 61 Lynn
665 2232 239 65 Harold,
935 2232 170 53 1877-

280 2308 1750 68 Vital control … [by] Lynn Harold Hough. New York,
205 2307 1961 132 Cincinnati
457 2393 136 61 [etc.]
630 2386 120 50 The
781 2385 307 68 Abingdon
1120 2404 154 49 press
1332 2389 173 64 [c1934]

275 2458 84 39 260
390 2469 42 36 p.
490 2458 114 40 19cm.
674 2457 197 47 (Forest
901 2467 179 37 essays.
1142 2459 73 40 1st
1245 2459 116 46 ser.)

277 2516 39 38 A
353 2515 248 40 Christian
638 2513 232 41 criticism
908 2515 51 39 of
996 2514 86 41 life
1119 2516 94 39 and
1251 2515 183 41 letters.

276 2571 345 48 Bibliography
657 2572 51 38 at
745 2572 83 38 the
862 2572 91 39 end
988 2572 52 38 of
1076 2573 116 38 each
1228 2573 211 46 chapter.

209 2629 50 51 ©
290 2633 109 39 Jan.
428 2632 68 46 15,
527 2633 17 37 3
557 2631 109 40 934:
700 2632 63 38 2c.
797 2632 94 38 and
922 2631 80 40 aff.
1034 2632 107 38 Jan.
1174 2631 80 47 19;
1288 2632 41 38 A
1359 2631 168 47 69122;
1561 2633 48 39 L.
1642 2633 60 39 H.
1735 2634 189 46 Hough,
1958 2633 235 42 Madison,

275 2686 53 42 N.
356 2687 41 41 J.
460 2688 249 48 (34-2074)

209 2779 199 64 Inglis,
440 2778 236 56 Ervine.

277 2856 1859 68 Sermons on the Ten commandments, by Ervine Inglis …
210 2934 273 66 [Lincoln,
517 2932 156 66 Neb.]
753 2933 148 52 Vine
931 2933 264 53 woman’s
1229 2933 336 53 association
1619 2937 175 64 [c1933]

273 3009 55 38 77
359 3018 39 37 p.
455 3007 113 39 22cm.

211 3061 50 50 ©
290 3066 111 37 Dec.
429 3063 67 42 35.
555 3063 109 41 1933;
696 3064 64 38 2c.
792 3066 94 37 and
916 3063 78 40 aff.
1027 3064 107 39 Jan.
1192 3064 39 47 13,
1262 3063 138 41 1934;
1433 3065 39 38 A
1501 3064 143 40 68857;
1704 3066 51 38 E.
1787 3065 164 47 Inglis,
1983 3064 211 46 Lincoln,

278 3122 112 38 Neb.
464 3120 248 47 (34-2036)

211 3210 161 53 Joint
418 3211 336 52 committee
800 3228 72 35 on
919 3211 100 53 the
1064 3211 280 63 five-year
1389 3228 276 47 program
1711 3214 63 52 of
1819 3230 219 47 survey
2079 3213 115 52 and

280 3289 391 62 adjustment.

276 3365 186 51 Home
491 3364 259 52 missions
782 3366 173 65 today
987 3366 111 51 and
1129 3372 329 59 tomorrow;
1494 3385 31 33 a
1557 3366 203 53 review
1792 3367 112 51 and
1937 3366 260 66 forecast,

208 3443 186 51 edited
430 3442 74 66 by
541 3441 297 52 Hermann
876 3443 68 50 N.
981 3443 203 67 Morse,
1223 3442 310 67 chairman,
1571 3444 164 53 Joint
1772 3445 317 51 committee
2127 3463 69 33 on

208 3519 269 58 five-year
531 3537 268 49 program
852 3519 63 51 of
966 3537 203 50 survey
1223 3520 111 51 and
1388 3519 364 68 adjustment.
1828 3520 137 53 New
2020 3520 176 67 York,

209 3598 67 51 N.
309 3597 88 66 Y.,
426 3597 185 51 Home
638 3596 259 53 missions
928 3597 235 66 council,
1194 3600 148 48 1934.

278 3672 95 44 xvi,
404 3671 87 39 439
518 3681 42 37 p.
620 3671 143 39 23½cm.

287 3727 1916 49 “The report … of the Joint committee on the five-year program of
211 3793 174 35 survey
416 3784 94 38 and
541 3782 679 48 adjustment.”—Foreword,
1252 3794 43 38 p.
1326 3784 64 38 xi.

285 3839 345 47 Bibliography:
691 3850 39 36 p.
762 3839 216 40 406-412.

214 3893 50 50 ©
294 3897 106 38 Jan.
428 3896 37 40 9.
493 3896 139 41 1934;
661 3896 66 39 2c.
756 3895 107 41 Jan.
892 3896 45 37 31:
1003 3896 80 40 aff.
1112 3896 106 40 Jan.
1247 3897 54 38 17;
1358 3896 39 38 A
1425 3896 169 46 69065;
1624 3897 154 39 Home
1805 3897 226 39 missions
283 3905 1896 87 council.
428 3952 248 46 (34-2038)
