2350 4196
1123 4056 130 49 1351

154 424 272 64 Vehling,
457 424 219 63 Joseph
708 424 329 60 Dommeis,
1072 418 169 53 1879-

293 489 1862 80 … Niedergang des deutschtums in Amerika. [Chicago]
158 581 331 66 Gutenberg
519 577 335 70 publishing
886 596 78 33 co.
1002 578 172 64 [1934]

228 653 69 48 38,
334 653 53 50 [2]
421 664 43 37 p.
525 651 55 41 20½
614 654 15 21 cm
664 685 7 7 .

231 711 63 40 At
322 710 124 40 head
477 709 51 41 of
554 708 109 41 title:
723 708 252 39 Dommers
1003 705 217 47 Vehling.

232 767 72 41 On
334 777 166 31 cover:
534 765 333 42 Denkschrift.

233 821 598 44 “Literatur-nachweis”:
869 833 41 36 p.
962 820 71 48 [40]

166 880 50 51 ©
246 884 101 40 Oct.
374 884 38 40 1.
440 882 113 38 1934;
609 880 65 40 2c.
706 880 100 40 Oct.
835 881 51 39 2;
917 878 80 40 aff.
1028 877 98 40 Oct.
1155 875 80 46 10;
1265 876 40 37 A
1332 875 168 46 75731;
1533 874 41 38 J.
1605 875 56 38 D.
1691 873 217 48 Vehling,
1940 872 221 48 Chicago.

244 939 278 50 (34-33814)

159 1013 224 65 Vestal,
413 1015 264 61 Stanley,
711 1011 169 54 1887-
1094 1026 176 46 comp.

234 1093 139 52 New
397 1110 222 34 sources
646 1091 61 53 of
732 1089 213 53 Indian
970 1089 239 65 history,
1236 1088 339 62 1850-1891;
1605 1085 95 52 the
1727 1085 168 67 ghost
1921 1085 246 51 dance—·

164 1163 1978 153 the prairie Sioux; a miscellany [by] Stanley Vestal … Norman, University of Oklahoma press, 1934.
239 1315 1932 55 xix p., 1 l., 351. [1] p. front., plates, ports., maps. 23½ cm . (Half-title:
168 1380 99 39 The
297 1378 298 40 civilization
626 1377 51 39 of
704 1378 82 40 the
817 1376 253 39 American
1101 1374 201 46 Indian)

241 1435 271 41 “Research
541 1445 176 38 among
745 1435 82 39 the
860 1433 148 40 Sioux
1040 1430 439 41 Indians.”—Pref.

173 1491 50 51 ©
255 1495 127 47 Sept.
411 1495 37 40 1,
478 1493 138 40 1934;
647 1492 67 40 2c.
745 1491 127 47 Sept.
899 1490 82 41 29;
1011 1489 81 40 aff.
1123 1489 100 40 Oct.
1252 1488 80 46 12;
1366 1489 39 38 A
1436 1489 168 41 75748;
1638 1490 283 46 University
1948 1491 52 38 of
240 1491 1909 100 Oklahoma
415 1561 147 36 press.
636 1548 279 48 (34-33815)

171 1625 256 65 Villiers,
458 1626 152 52 Alan
643 1627 70 60 J.,
749 1627 171 52 1903-

240 1705 262 53 Whalers
531 1702 64 55 of
622 1703 95 52 the
744 1701 295 69 midnight
1066 1720 131 48 sun;
1229 1720 30 33 a
1289 1706 155 62 story
1473 1700 64 55 of
1566 1702 232 53 modern
1832 1702 255 68 whaling
2115 1700 57 55 in

173 1779 2001 64 the Antarctic, by Alan Villiers … illustrated with woodcuts
174 1863 71 66 by
270 1861 235 55 Charles
529 1861 151 53 Pont.
774 1860 137 53 New
938 1858 180 66 York,
1139 1858 260 66 London,
1423 1857 61 55 C.
1513 1858 314 54 Scribner’s
1852 1878 146 37 sons,
2027 1864 147 49 1934.

244 1932 953 53 4 p. l., 3-285 p. front., illus. 22 cm .
247 1996 138 46 Maps
414 2004 58 29 on
500 1992 366 48 lining-papers.

180 2048 50 51 ©
257 2052 103 40 Oct.
384 2052 39 44 2,
450 2050 112 40 1934;
618 2050 64 40 2c.
712 2050 98 40 Oct.
839 2051 23 35 5;
921 2049 78 39 aff.
1029 2049 101 40 Oct.
1157 2048 53 39 19;
1265 2050 40 37 A
1332 2049 141 39 76325;
1528 2049 125 39 Alan
1680 2049 209 48 Villiers,
1918 2050 260 48 Brooklyn.

259 2107 279 50 (34-28406)

180 2182 263 67 Walling,
473 2184 222 53 Robert
726 2183 211 53 Alfred
967 2184 173 63 John,
1174 2186 170 50 1869-

245 2263 225 66 Legacy
499 2260 63 52 of
590 2260 188 67 death,
807 2260 72 68 by
908 2261 68 51 R.
1005 2261 69 52 A.
1103 2259 54 53 J.
1184 2260 274 67 Walling.
1535 2260 138 51 New
1702 2261 180 66 York,
1989 2304 8 9 W.
177 2262 1981 131 Morrow
321 2342 45 49 &
393 2356 297 50 company,
721 2341 149 49 1934.

249 2410 618 50 3 p. l., 3-307 p. 19½ cm .
185 2466 51 52 ©
264 2471 100 40 Oct.
422 2502 6 8 8.
455 2469 139 41 1934;
622 2472 66 37 2c.
716 2469 95 39 and
838 2469 79 39 aff.
947 2468 99 40 Oct.
1077 2470 53 37 17;
1185 2470 40 37 A
1281 2469 114 39 76590;
1452 2470 55 40 R.
1536 2470 52 39 A.
1619 2471 40 38 J.
1689 2470 225 46 Walling,
1945 2470 237 48 Plymton.

253 2529 179 40 Devon.
465 2528 235 45 England.
772 2526 279 49 (34-33871)

183 2603 357 65 Waterman,
625 2604 122 53 Earle
777 2604 243 65 Lytton,
1055 2607 168 49 1885-

254 2682 290 52 Elements
595 2681 62 53 of
708 2687 174 46 water
929 2682 212 67 supply
1191 2682 385 69 engineering,
1625 2683 73 66 by
1747 2683 174 52 Earle
1971 2683 211 67 Lytton

185 2758 2001 69 Waterman … New York, J. Wiley & sons, inc.; London,
186 2837 301 67 Chapman
518 2840 46 49 &
595 2837 159 67 Hall,
785 2836 240 67 limited,
1058 2841 150 49 1934.

259 2920 76 37 xv,
363 2909 85 42 302
475 2921 42 37 p.
579 2909 141 48 illus.,
750 2909 102 41 fold.
894 2920 125 38 map,
1048 2911 178 48 diagrs.
1286 2911 55 40 23½
1375 2914 44 21 cm
1424 2945 8 8 .
1572 2912 129 49 $3.50

260 2967 348 40 “References”
635 2969 52 38 at
713 2968 92 39 end
834 2967 50 40 of
910 2970 125 38 most
1063 2969 50 38 of
1139 2969 80 40 the
1245 2970 240 48 chapters.

193 3022 50 51 ©
276 3026 127 47 Sept.
432 3026 67 46 12,
530 3024 111 40 1934;
700 3024 67 41 2c.
800 3024 126 47 Sept.
957 3026 53 38 13;
1072 3025 78 39 aff.
1185 3026 126 48 Sept.
1344 3028 53 37 14;
1458 3028 39 38 A
1528 3028 167 42 74919;
1730 3031 50 37 E.
1813 3030 49 39 L.
1892 3031 296 41 Waterman.

265 3084 124 38 Iowa
423 3082 122 46 City,
578 3083 68 38 la.
719 3080 278 48 (34-33817)

189 3156 200 65 Webb,
420 3158 204 52 Hanor
653 3157 90 64 A.,
777 3160 171 51 1888-

192 3231 2002 154 An alphabet of science … [by] Hanor A. Webb … Columbus, O., New York, N. Y., American education press, inc.,
191 3394 17 20 c
213 3390 149 51 1934.

267 3460 56 41 39
352 3472 45 37 p.
457 3461 127 40 illus.
645 3461 57 38 21
706 3463 43 21 cm
754 3492 7 6 .

269 3516 1615 48 “Reprinted from volumes XV and XVI of Current science.”
201 3571 52 51 ©
287 3576 117 46 Aug.
439 3577 68 38 25,
544 3575 114 40 1934;
722 3578 66 39 2c.
825 3579 91 38 and
958 3578 80 40 aff.
1079 3580 125 47 Sept.
1240 3582 53 38 4;
1332 3582 40 37 A
1411 3583 140 39 75146;
1621 3583 322 40 Educational
1981 3582 218 51 printing

268 3633 162 40 house,
464 3633 73 39 inc.,
599 3633 272 47 Columbus,
906 3634 51 40 O.
1029 3635 278 49 (34-33827)

199 3692 283 67 Webster,
514 3692 191 67 Noah,
740 3694 325 57 1758-1843.

326 3771 1872 77 … Webster’s twentieth-century dictionary of the English
197 3849 281 68 language
503 3850 112 51 and
638 3851 275 66 complete
938 3853 144 52 atlas
1105 3853 64 51 of
1191 3854 96 53 the
1310 3856 198 67 world,
1530 3857 172 69 being
1723 3859 97 51 the
1843 3858 357 69 unabridged

199 3925 337 69 dictionary,
562 3926 78 68 by
664 3927 165 54 Noah
852 3929 276 65 Webster,
1228 3976 7 7 LL.
1301 3975 8 8 D.;
1371 3935 136 51 with
1536 3954 71 33 an
1634 3936 329 53 exhaustive
1992 3956 208 48 appen-
