2350 4196
1078 4050 129 48 1343

222 474 36 37 A
292 473 137 40 novel
460 473 49 38 in
540 483 149 30 verse.

156 511 1993 67 © Oct. 4, 1934: 2c. Oct. 6: aff. Oct. 5: A 76371 : F. E. Hill. cf The
222 588 200 47 Players
449 588 121 45 club,
596 588 116 38 New
738 588 142 38 York.
953 585 278 49 (34-33648)

150 689 233 66 Hirsch,
418 691 206 52 Edwin
657 690 242 63 Walter,
935 693 169 49 1892-

150 764 2003 149 The power to love; a psychic and physiologie study of regeneration, by Edwin W. Hirsch … New York, A. A. Knopf,
152 925 147 53 1934.

290 993 1096 53 xx p., 2 l., 3-363, ix, [1] p. plates. 22½cm.
222 1052 305 48 Descriptive
554 1053 283 47 letterpress
864 1064 58 28 on
951 1062 164 31 versos
1142 1052 166 47 facing
1334 1051 81 40 the
1443 1051 171 47 plates.

224 1109 162 41 “First
417 1108 227 41 edition.”

223 1165 349 48 Bibliography
590 1178 8 27 :
629 1176 43 38 p.
709 1165 248 51 [353]-363.

156 1222 50 51 ©
236 1226 118 47 Aug.
386 1225 67 47 13,
485 1225 141 46 1934;
660 1224 64 41 2c.
756 1226 120 46 Aug.
907 1226 81 45 16;
1023 1225 81 40 aff.
1136 1224 118 48 Aug.
1286 1225 82 41 17;
1403 1224 40 39 A
1474 1223 169 43 73936;
1679 1225 171 39 Alfred
1884 1226 53 39 A.
1971 1225 179 48 Knopf,

222 1283 88 39 inc.
384 1282 279 49 (34-29002)

146 1384 272 66 Howard,
449 1387 233 52 Russell
712 1387 253 63 Samuel,
999 1384 171 54 1887-

220 1461 1934 71 Units in chemistry, by Russell S. Howard … New York,
150 1540 75 52 H.
257 1541 148 52 Holt
435 1542 113 51 and
578 1559 281 51 company
936 1543 151 64 [c1934]

221 1613 99 48 viii,
347 1613 98 48 756,
476 1614 138 38 lxviii
642 1623 43 38 p.
743 1614 85 40 col.
856 1615 163 47 front.,
1048 1613 142 46 illus.,
1221 1613 179 48 diagrs.
1461 1612 115 42 20cm.

220 1669 149 41 Table
397 1681 60 30 on
490 1670 333 48 lining-paper.

222 1727 348 40 “References”
598 1730 52 38 at
676 1729 91 39 end
794 1728 52 40 of
872 1728 116 42 each
1018 1728 107 39 unit
1152 1728 170 46 except
1348 1727 82 40 the
1460 1726 111 42 last.

156 1783 50 51 ©
237 1787 125 47 Sept.
391 1788 68 44 11,
488 1785 139 41 1934:
657 1786 66 42 2c.
752 1787 98 40 Oct.
881 1787 51 40 5:
961 1786 81 42 aff.
1071 1787 100 40 Oct.
1200 1786 51 40 6:
1281 1787 40 38 A
1347 1786 168 41 75638;
1548 1787 135 39 Henry
1745 1787 118 39 Holt
1891 1787 37 41 &
1952 1796 80 36 co.,
2063 1787 88 40 inc.

233 1844 279 47 (34-33831)

146 1946 237 55 Illinois.
461 1949 182 64 Laws,
674 1954 258 59 statutes,
962 1955 100 48 etc.

221 2025 389 55 Smith-Hurd
673 2025 227 52 Illinois
962 2026 303 52 annotated
1329 2029 254 49 statutes.
1662 2027 345 50 Permanent
2068 2026 83 54 ed.

152 2103 367 68 Comprising
559 2103 95 52 the
695 2105 137 51 laws
875 2103 63 51 of
979 2123 27 32 a
1051 2105 226 66 general
1322 2105 110 51 and
1477 2111 331 59 permanent
1850 2108 202 48 nature
2092 2105 58 51 in

152 2182 153 52 force
346 2187 57 47 at
444 2182 94 53 the
581 2183 107 51 end
730 2181 63 53 of
833 2182 94 52 the
968 2180 359 68 fifty-eighth
1371 2180 245 55 General
1659 2181 295 67 assembly,
1993 2181 155 54 third

148 2261 209 67 special
388 2261 228 65 session,
645 2260 138 67 May
817 2263 81 61 11,
931 2263 149 49 1934.
1145 2260 155 66 Kept
1330 2264 59 48 to
1421 2260 129 52 date
1579 2260 72 67 by
1684 2260 344 53 cumulative
149 2278 1979 112 annual
316 2338 201 67 pocket
548 2342 186 62 parts;
769 2337 137 53 with
940 2338 361 52 annotations
1333 2337 151 53 from
1514 2339 97 52 the
1642 2356 148 36 cases
1823 2339 331 66 construing

156 2416 1990 69 or applying the laws and with tables and index … [v. 1-3]
154 2495 90 68 By
295 2497 93 50 the
441 2495 338 69 publishers’
833 2494 261 53 editorial
1152 2493 146 57 staff.
1389 2496 268 68 Chicago.
1710 2498 112 53 Ill.,
1874 2497 278 53 Burdette

158 2572 184 54 Smith
394 2591 308 49 company:
756 2574 81 53 St.
885 2575 165 56 Paul,
1095 2575 158 52 West
1299 2575 337 67 publishing
1681 2594 77 34 co.;
1863 2579 118 55 [etc.,
2028 2582 118 61 etc.]

155 2656 149 49 1934.

224 2728 24 37 3
276 2738 41 29 V.
374 2725 115 42 24cm.

225 2781 599 50 Contents.—chapters
875 2781 132 42 1-10.
1056 2784 628 40 Abatement-Arbitration
1732 2785 93 38 and
1874 2785 282 39 awards.—

154 2838 233 51 chapters
432 2838 225 42 10½-21.
703 2837 913 52 Architects-Cemeteries.—chapters
1664 2838 165 42 22-23.
157 2841 2001 97 Chancery-Charities.

159 2952 50 51 ©
246 2956 127 47 Sept.
407 2954 67 44 28,
508 2954 139 41 1934:
683 2955 64 39 2c.
781 2956 120 38 each
935 2957 95 37 and
1064 2954 105 40 affs.
1205 2955 101 41 Oct.
1341 2956 81 46 11;
1459 2956 41 38 A
1534 2954 346 48 76483-76485;
1918 2955 236 40 Burdette

229 3013 155 40 Smith
412 3024 64 27 co.,
518 3013 191 38 Vernon
736 3014 94 36 law
857 3012 122 40 book
1007 3023 65 30 co.
1102 3013 92 39 and
1222 3013 133 39 West
1382 3013 107 47 pub.
1519 3023 66 31 co.

237 3069 277 43 (34-33638)

158 3174 259 52 Indiana.
495 3174 183 55 Laws,
708 3180 256 52 statutes,
995 3181 100 45 etc.

227 3251 330 52 Annotated
598 3251 246 52 Indiana
889 3255 255 51 statutes,
1185 3254 150 55 1933,
1376 3251 333 66 containing
1747 3252 75 51 all
1864 3255 116 47 acts
2020 3251 63 52 of
2123 3269 28 32 a

159 3333 224 61 general
419 3329 110 51 and
564 3328 191 68 public
788 3334 201 47 nature
1022 3331 57 50 in
1115 3329 158 52 force
1306 3330 330 66 September
1670 3336 46 48 1,
1752 3332 150 63 1933,
160 3329 1968 146 including
300 3407 114 53 also
455 3408 95 51 the
592 3412 144 48 state
779 3408 107 50 and
933 3406 219 53 federal
1192 3408 417 57 constitutions,
1652 3413 161 47 court
1850 3408 148 51 rules
2043 3408 111 51 and

160 3486 211 52 certain
412 3486 238 52 selected
691 3485 220 53 federal
948 3486 155 54 laws,
1144 3486 75 51 all
1258 3485 337 67 completely
1637 3486 323 51 annotated.
159 3487 1969 129 Edited
323 3565 74 65 by
451 3564 279 51 Harrison
781 3565 207 51 Burns,
1038 3564 219 52 revised
1304 3564 74 66 by
1434 3564 302 65 Benjamin
1785 3566 63 49 F.
1896 3566 255 52 Watson.

160 3639 1994 149 This edition by the publisher’s editorial staff … v. 9. [Municipal corporations] Indianapolis. The Bobbs-Merrill company
167 3801 188 63 [c1934]

228 3881 42 32 v.
299 3872 111 38 1141
438 3882 42 37 p.
538 3871 113 39 26cm.

166 3923 50 51 ©
245 3929 99 39 Oct.
374 3928 67 43 20,
473 3927 139 44 1934;
644 3928 66 40 2c.
741 3928 117 39 Nov.
889 3927 79 41 10;
1003 3926 79 41 aff.
1116 3927 98 40 Oct.
1247 3927 80 42 25;
1361 3929 39 37 A
1430 3928 168 40 77175;
1632 3927 368 40 Bobbs-Merrill
2031 3938 65 30 co.
