2350 4196
1086 4019 132 49 1383

218 365 156 51 Pour
409 364 173 52 sortir
616 365 67 51 de
718 366 56 50 la
809 365 156 53 crise.
1035 365 84 51 La
1156 362 120 52 voie
1313 361 67 53 de
1415 362 168 68 salut,
1618 380 107 50 par
1757 380 79 35 un
1869 361 276 65 Français

151 458 214 51 moyen.
431 440 183 69 Paris,
643 441 82 52 La
756 441 371 52 Renaissance
1158 438 75 52 du
1260 437 161 66 livre,
1452 440 148 49 1934.

218 511 646 50 3 p. l., [9]-128 p. 18 ½ cm.
152 570 1993 51 © May 20, 1934: 1c. Aug. 14: A- Foreign 25415; Renaissance du livre.
229 629 279 48 (34-35439)

147 732 305 66 Richards,
487 734 233 55 Claude.

215 811 55 53 J.
314 810 222 55 Golden
577 811 289 67 Kimball;
908 811 95 53 the
1044 815 157 62 story
1241 809 64 53 of
1345 828 30 33 a
1415 809 207 67 unique
1662 811 371 67 personality,
2073 811 75 68 by

148 888 2000 67 Claude Richards … Salt Lake City, Utah, Deseret news
144 985 175 51 press,
351 971 151 50 1934.

220 1039 1199 51 2 p. l., vii-xi, 398 p. front., pl., ports. 22cm.
249 1100 298 39 "Tabernacle
590 1100 142 39 talks,
776 1099 232 47 abridged
1051 1099 59 46 by
1155 1097 182 41 Claude
1381 1097 242 40 Richards
1666 1098 94 39 and
1803 1098 242 47 approved
2091 1097 58 49 by

186 1189 7 7 J.
223 1156 185 40 Golden
433 1155 245 40 Kimball”:
736 1167 43 37 p.
811 1155 246 49 [139]-387.

154 1209 50 51 ©
239 1215 110 45 Apr.
415 1244 7 10 6.
456 1212 113 40 1934;
631 1214 67 39 2c.
733 1214 91 38 and
861 1223 79 28 aff.
976 1212 100 40 Oct.
1110 1211 53 38 12:
1226 1212 38 37 A
1298 1210 142 40 75758:
1503 1211 48 40 C.
1588 1210 254 49 Richards,
1881 1211 105 41 Salt
2021 1210 131 41 Lake

221 1270 120 47 City.
416 1269 280 47 (34-34754)

156 1369 1488 70 Roosevelt, Franklin Delano, pres. U . 1882-
280 1447 1217 70 … Unser weg. Berlin, S. Fischer, 1934.
220 1520 753 51 3 p. l., [ 9]-233, [2] p. 22½cm.
219 1578 65 40 At
307 1579 127 40 head
460 1578 52 40 of
538 1578 108 41 title:
702 1579 239 39 Franklin
965 1578 58 43 D.
1050 1577 271 41 Roosevelt.

223 1634 128 41 “Aus
377 1636 107 39 dem
512 1635 277 48 englischen
817 1646 93 29 von
936 1635 245 47 Dagobert
1210 1645 93 29 von
1330 1633 269 41 Mikusch.”

223 1690 169 42 “Erste
419 1692 74 40 bis
524 1693 150 40 dritte
706 1692 232 48 auflage.”

155 1745 1998 54 © June 5. 1934: 1c. Oct. 2: A -Foreign 25783; S. Fischer verlag a. g.
233 1807 279 47 (34-35462)

149 1910 213 65 Ryder,
393 1909 164 55 Alice
588 1912 240 55 Austin.

221 1986 193 53 Lands
439 1988 63 52 of
528 1988 297 68 Sippican,
849 2008 72 33 on
947 1989 290 52 Buzzards
1264 1989 128 67 bay,
1416 1989 76 66 by
1517 1988 163 52 Alice
1706 1988 212 52 Austin
1941 1988 214 67 Ryder.

151 2065 138 52 New
319 2065 282 68 Bedford,
631 2066 191 68 Mass.,
853 2066 290 68 Reynolds
1175 2066 279 68 printing,
1487 2068 151 51 1934.

221 2137 1934 51 3 p. l ., ix-xi p., 1 l., xiii-xvi, 368 p. front., illus. (map) plates, ports.
152 2194 144 43 23½cm.

226 2252 114 50 Map
376 2265 59 28 on
472 2254 136 40 front
644 2254 323 49 lining-paper
1003 2255 95 39 and
1136 2255 303 40 illustration
1476 2266 58 30 on
1575 2255 119 40 back
1731 2255 336 50 lining-paper.

227 2309 161 43 “First
417 2312 198 40 edition.
676 2311 206 41 Limited
912 2314 50 38 to
992 2323 87 29 one
1106 2312 221 40 hundred
1356 2312 203 48 copies.”
1618 2313 117 40 This
1764 2322 118 40 copy
1912 2317 83 37 not
153 2326 1983 84 numbered.

154 2424 1985 106 “Stories of former days … a panoramic history of the ‘lands', especially
330 2484 51 40 of
409 2485 82 39 the
521 2484 178 48 village
729 2483 51 40 of
811 2482 272 49 ‘Sippican’,
1113 2494 105 29 now
1249 2483 825 51 ‘Marion’.”—Acknowledgments.

225 2541 350 48 Bibliography:
636 2552 43 37 p.
713 2540 104 40 xiii.

159 2595 51 51 ©
239 2599 101 41 Oct.
396 2603 39 36 12.
466 2599 136 40 1934:
633 2598 66 41 2c.
728 2597 100 40 Oct.
857 2598 79 38 19:
966 2596 81 40 aff.
1076 2596 99 40 Oct.
1203 2599 53 38 17;
1314 2599 38 37 A
1383 2599 141 39 75855:
1583 2601 52 39 A.
1665 2602 52 37 A.
1749 2602 173 45 Ryder,
1954 2601 204 47 Marion,

227 2658 144 38 Mass.
445 2655 280 48 (34-34778)

150 2756 319 68 Saunders,
501 2759 278 52 Kenneth
812 2758 220 63 James,
1068 2761 169 49 1883-

223 2837 1935 66 The ideals of East & West, by Kenneth Saunders … New
154 2916 178 67 York,
370 2916 120 52 The
527 2914 336 54 Macmillan
900 2932 306 50 company;
1249 2916 365 68 Cambridge,
1652 2920 167 66 Eng.,
1857 2919 121 52 The
155 2920 1975 127 University
396 3013 175 50 press,
605 2997 150 49 1934.

231 3069 136 47 xxiii,
396 3069 97 42 246,
526 3068 39 49 [2]
611 3078 41 38 p.
711 3066 144 39 22½cm.

231 3128 73 37 An
328 3127 208 39 account
557 3124 50 39 of
633 3125 78 39 the
737 3124 180 39 ethical
943 3126 207 44 systems
1175 3124 51 39 of
1250 3126 81 38 the
1357 3126 119 39 East
1504 3127 95 38 and
1625 3127 148 39 West,
1801 3125 118 41 with
160 3127 1980 96 illustrative
279 3184 240 47 readings.

164 3237 49 51 ©
245 3243 125 45 Sept.
400 3240 68 39 25.
497 3238 139 39 1934:
668 3242 65 34 2c.
765 3239 94 37 and
889 3236 81 40 aff.
1002 3238 127 46 Sept.
1156 3239 54 37 26:
1268 3239 39 37 A
1335 3239 143 40 76128:
1537 3239 281 40 Macmillan
1874 3252 37 28 co.

240 3296 278 43 (34-34752)

157 3398 284 66 Schmidt,
476 3399 146 53 Karl
654 3399 208 51 Fatter
867 3412 125 49 son,
1029 3399 170 50 1890-

232 3477 214 53 ITomes
482 3475 112 54 and
629 3474 188 52 habits
852 3474 62 51 of
947 3473 137 52 wild
1121 3474 267 65 animals;
1430 3475 178 53 North
1656 3475 293 53 American
160 3495 1974 128 mammals,

362 3551 1801 73 by Karl Patterson Schmidt … illustrated by Walter
161 3635 160 52 Alois
357 3634 222 53 Weber.
676 3632 272 67 Chicago,
985 3631 140 53 New
1164 3632 179 67 York,
1380 3633 81 52 M.
1502 3633 69 52 A.
1611 3633 279 54 Donohue
1931 3637 45 50 &
159 3655 1977 125 company
363 3715 175 64 [c1934]

236 3784 54 39 64
321 3795 43 37 p.
424 3784 86 38 col.
541 3782 163 46 front.,
737 3781 128 39 illus.,
911 3782 86 40 col.
1028 3782 170 47 plates.
1258 3783 145 40 31½cm.

236 3840 288 41 Illustrated
552 3839 363 46 lining-papers.
1551 3862 5 4 ·

171 3898 48 51 ©
250 3903 100 40 Oct.
382 3901 68 45 10,
481 3898 113 42 1934;
652 3897 66 42 2c.
749 3899 95 39 and
873 3897 80 40 aff.
986 3897 100 40 Oct.
1117 3898 79 44 15;
1232 3899 39 37 A
1303 3897 141 41 76549:
1506 3900 62 38 M.
1598 3899 54 41 A.
1685 3900 233 41 Donohue
1949 3903 36 39 &
2013 3913 67 30 co.

248 3956 277 46 (34-34930)
