2350 4196
1196 4004 64 48 1646

216 355 315 66 Eberhart,
562 358 137 51 Mrs.
733 356 240 64 Mignon
1007 357 64 55 G.

216 426 1964 134 The cases of Susan Dare [by] Mignon G. Eberhart … Garden
354 507 152 69 City,
536 508 70 52 N.
640 508 90 67 Y.,
758 508 142 53 Pub.
934 508 93 52 for
1057 508 97 52 the
1185 507 191 54 Crime
1407 506 144 67 club,
1585 506 125 67 inc.,
1742 506 74 69 by
1848 505 355 70 Doubleday,

214 584 198 54 Doran
438 585 44 50 &
509 602 295 51 company,
833 585 127 68 inc.,
991 588 150 50 1934.

287 657 543 47 δ p. l., 303 p. 19 ½ cm.
289 714 159 39 ‘'First
480 713 224 41 edition.”

218 769 1987 50 © Nov. 21. 1934; 2c. and aff. Dec. 12; A 77632; M. G. Eberhart, Oak
285 829 141 46 Park,
457 830 72 37 Ill.
604 828 277 48 (34-11048)

220 904 295 65 [Edgerly,
544 905 289 66 Webster]
873 909 321 50 1852-1926.

284 980 342 68 Operations
668 981 64 53 of
771 983 94 51 the
907 984 160 50 other
1108 983 187 64 mind;
1338 981 236 67 making
1614 982 206 51 known
1863 982 92 50 the
2001 999 202 34 unseen

215 1077 213 48 powers
456 1059 63 52 of
544 1061 93 50 the
663 1059 257 54 universe
948 1060 59 52 in
1033 1059 148 53 their
1208 1060 216 51 control
1452 1077 131 34 over
1609 1060 212 51 human
1847 1058 122 67 life,
1998 1060 204 66 taught

206 1137 72 67 by
303 1138 270 54 Edmund
600 1138 381 67 Shaftesbury
1012 1137 227 67 [pseud.]
1302 1137 277 66 Meriden,
1604 1138 195 65 Conn.,
1823 1138 120 52 The
1966 1137 237 52 Paiston

210 1216 226 67 society,
470 1219 147 49 1935.

284 1290 85 38 445
399 1300 39 36 p.
498 1289 115 39 25cm.

316 1347 115 38 "This
459 1346 42 39 is
533 1345 80 39 the
642 1343 113 42 1934
787 1345 180 40 edition
1000 1344 50 41 of
1080 1345 81 39 the
1192 1345 230 39 Personal
1453 1344 288 47 magnetism
1775 1343 149 41 club.”

287 1402 69 40 On
384 1413 139 29 cover:
584 1402 149 40 Other
762 1402 146 39 mind.

220 1455 49 51 ©
299 1459 99 40 Oct.
427 1460 68 38 31.
524 1457 139 48 1934;
694 1459 65 39 2c.
834 1470 70 28 Nov.
932 1458 52 39 24;
1046 1458 80 40 aff.
1155 1459 115 38 Nov.
1299 1457 81 47 26;
1411 1459 40 37 A
1481 1458 141 39 78334;
1681 1458 206 39 Ralston
1915 1467 66 29 co.
286 1457 1904 106 [Copyright
441 1516 40 39 is
510 1516 202 39 claimed
743 1526 59 28 on
829 1516 210 47 preface]
1112 1514 277 48 (34-40701)

219 1590 412 66 Engelbrecht,
663 1590 283 54 Pelmuth
977 1592 188 64 Carol,
1196 1597 169 49 1895-

287 1666 1915 69 “One hell of a business”, by H. C. Engelbrecht … New
221 1746 173 67 York,
421 1746 66 51 R.
516 1746 78 51 M.
624 1745 276 53 McBride
927 1748 45 50 &
1000 1762 293 51 company,
1325 1748 149 49 1934.

285 1819 54 39 9Π
368 1831 39 36 p.
468 1819 141 40 19½cm.

287 1879 35 36 A
353 1877 311 47 compilation
689 1878 94 38 and
813 1876 374 48 interpretation
1215 1876 51 41 of
1295 1877 80 39 the
1403 1876 129 40 facts
1562 1875 237 41 disclosed
1828 1878 60 46 by
1918 1877 81 39 the
2031 1876 175 40 Senate

217 1934 343 47 investigation
588 1933 50 40 of
667 1934 81 38 the
776 1933 263 40 munitions
1067 1933 237 47 industry.

316 1991 130 38 "First
476 1989 223 40 edition.”

217 2043 51 50 ©
303 2046 100 40 Oct.
434 2046 68 40 27.
535 2048 17 37 1
565 2046 109 40 934:
710 2046 65 40 2c.
810 2047 110 40 Dec.
953 2046 80 39 10:
1069 2045 80 40 aff,
1183 2047 109 39 Dec.
1326 2047 53 38 1:
1414 2048 40 36 A
1487 2046 168 40 77565;
1692 2047 58 38 H.
1787 2046 48 41 C.
1870 2044 333 49 Engelbrecht.

284 2104 116 38 New
426 2104 141 39 York.
641 2102 277 48 (34-41028)

216 2179 278 64 Erdman,
526 2178 244 56 Charles
798 2180 366 63 Rosenbury,
1197 2185 170 49 1866-

282 2257 117 51 The
439 2256 221 67 Epistle
698 2265 56 44 to
793 2257 92 51 the
921 2256 298 67 Hebrews;
1264 2276 69 33 an
1374 2258 335 65 exposition,
1749 2258 71 65 by
1861 2257 233 54 Charles
2131 2258 67 51 R.

211 2334 1821 67 Erdman … Philadelphia. The Westminster press, 1934.
285 2409 352 46 137 p. 17 ½cm.
217 2460 50 51 ©
307 2464 101 40 Oct.
443 2464 68 45 24,
551 2463 137 40 1934:
729 2464 65 39 2c.
833 2464 114 39 Nov.
988 2465 78 38 17:
1109 2463 78 42 aff.
1225 2464 118 40 Nov.
1381 2464 81 40 16:
1502 2465 42 37 A
1582 2464 167 40 78164:
1792 2464 46 40 C.
1880 2464 53 38 R.
1974 2464 227 40 Erdman.

282 2521 351 47 Philadelphia.
706 2520 277 47 (34-40711)

215 2596 205 63 Esher,
447 2594 285 65 Reginald
759 2596 184 52 Ealiol
969 2597 191 63 Brett,
1185 2597 75 52 2d
1289 2596 271 67 viscount,
1589 2600 324 49 1852-1930.

283 2673 174 51 From
489 2675 93 50 the
618 2675 183 50 Esher
831 2692 233 49 papers:
1102 2693 27 33 a
1165 2675 167 53 series
1365 2675 62 52 of
1461 2675 224 52 articles
1717 2675 171 53 based
1919 2693 155 49 upon
2104 2674 95 52 the

213 2749 122 54 first
362 2751 220 53 volume
611 2752 62 51 of
699 2752 155 51 Lord
881 2751 226 54 Esher's
1133 2752 192 53 letters
1351 2754 112 50 and
1489 2753 275 66 journals,
1791 2753 189 51 edited
2006 2753 73 66 by
2106 2753 94 50 the

215 2829 146 54 Hon.
390 2829 252 52 Maurice
728 2872 8 8 V.
766 2832 179 49 Brett.
1025 2833 112 48 1-8.

293 2903 75 47 (In
400 2899 200 42 London
624 2898 179 51 Times,
833 2898 127 42 June
988 2899 163 45 25-29,
1179 2899 117 51 July
1327 2902 102 48 2-4,
1461 2901 143 49 1934)

215 2955 51 50 ©
324 2972 35 28 1c.
389 2960 115 37 each
532 2960 118 44 Aug.
678 2960 66 38 21.
775 2957 138 41 1934:
945 2960 40 36 A
1013 2960 60 37 ad
1102 2960 82 38 int.
1214 2958 168 41 19294:
1415 2961 139 46 pubd.
1587 2961 125 39 June
1738 2959 69 46 25,
1838 2960 67 46 26,
1936 2959 68 47 27,
2034 2960 67 41 28.
2131 2957 69 49 29,

369 3028 27 33 July
429 3020 37 33 2.
501 3017 37 39 3.
572 3018 52 36 4:
663 3016 217 38 Maurice
911 3016 51 37 V.
998 3016 153 41 Brett.
1188 3016 233 42 Ghilston,
1454 3016 272 47 Wiukfleld,
1761 3017 168 46 Berks,
1965 3016 233 47 England.

282 3132 172 52 From
495 3134 93 51 the
631 3133 180 52 Esher
851 3150 221 50 papers.
1156 3133 263 66 [Articles
1456 3136 171 51 based
1665 3154 159 49 upon
1860 3136 97 52 the
1997 3135 202 52 second

209 3210 221 51 volume
456 3211 61 50 of
540 3211 93 52 the
658 3213 270 52 Journals
955 3212 110 50 and
1088 3211 191 55 letters
1304 3214 62 50 of
1390 3214 302 66 Reginald,
1715 3213 261 54 viscount
1999 3213 195 52 Esher.

210 3288 209 52 Edited
448 3288 73 65 by
550 3289 255 51 Maurice
892 3331 8 8 V.
934 3291 181 61 Brett]
1196 3294 114 48 6-8.

289 3361 77 46 (In
397 3358 199 42 London
622 3358 179 42 Times.
832 3358 106 42 Oct.
968 3360 70 46 20,
1068 3360 71 47 23,
1168 3360 70 48 24,
1269 3361 143 48 1934)

215 3414 49 50 ©
321 3430 34 27 1c.
383 3419 114 38 each
524 3419 109 40 Dec.
664 3420 66 37 17.
758 3418 139 38 1934:
927 3419 40 36 A
995 3419 60 37 ad
1083 3418 83 39 int.
1196 3417 168 41 19753:
1395 3421 140 46 pubd.
1567 3421 100 40 Oct.
1696 3419 68 40 20.
1793 3420 69 40 23.
1890 3419 82 47 24;
2004 3420 192 45 Antony

281 3475 234 42 Reginald
544 3475 177 38 Forbes
749 3475 157 38 Baliol
934 3475 152 44 Brett,
1117 3475 269 40 Callander.
1419 3477 240 46 Scotland,
1690 3478 127 38 John
1844 3478 177 37 Brown
2049 3476 146 40 Robb.

282 3531 213 40 Stirling.
535 3532 239 38 Scotland,
814 3531 93 37 and
946 3531 162 39 Oliver
1148 3532 196 46 Sylvain
1382 3534 158 40 Baliol
1577 3535 154 39 Brett,
1770 3534 221 39 viscount
2029 3532 166 40 Esher.

279 3588 208 38 London.

212 3648 200 62 Estey,
444 3650 256 61 Stephen
733 3649 223 54 Sewall.
992 3654 319 50 1861-1932.

291 3725 1837 69 “Laugh, and love, and lift", by Stephen Sewall Estey …
205 3802 1986 65 with an introduction by Charles M. Sheldon … New York
210 3888 134 58 [etc.]
380 3879 262 68 Fleming
670 3882 73 50 H.
775 3881 194 51 Revell
1000 3900 275 49 company
1328 3888 171 61 [c1934]
