2350 4196
1089 3997 97 55 875

150 361 241 63 Bryant,
423 360 263 54 Carrolla
713 360 72 55 A.

218 436 247 68 Pilgrim
509 439 191 51 homes
744 439 112 51 and
899 439 126 51 how
1069 437 133 66 they
1248 456 144 33 were
1433 437 166 65 built,
1640 437 76 66 by
1760 435 261 54 Carrolla
2065 438 71 52 A.

148 516 249 67 Bryant;
434 515 285 53 foreword
751 517 75 67 by
858 516 246 54 Gleason
1135 517 62 50 L.
1230 515 222 53 Archer
1490 560 55 8 ...
1631 515 175 66 [West
1839 515 300 67 Duxbury,
147 593 187 68 Mass.,
363 600 17 20 c
385 598 150 63 1934]

217 667 59 40 26
302 678 42 37 p.
402 667 129 40 illus.
585 667 56 40 25½
674 669 43 21 cm
723 699 9 9 .

219 725 128 38 “The
384 724 239 40 romantic
659 724 189 48 history
885 724 51 39 of
974 725 185 38 Delano
1198 725 191 46 cottage
1430 724 89 50 [by]
1562 722 209 41 Gleason
1810 722 51 41 L.
1900 722 211 40 Archer”:
147 792 41 37 p.
220 781 158 41 18-21.

152 833 50 53 ©
238 838 125 40 June
396 837 68 48 25,
501 837 140 47 1934;
679 838 67 40 2c.
783 838 94 39 and
912 837 83 40 aff.
1031 837 125 39 June
1188 836 54 40 29;
1308 837 41 38 A
1383 836 172 47 74044;
1593 836 49 40 C.
1677 837 54 39 A.
1768 835 202 48 Bryant,
2007 837 136 39 West

219 895 250 47 Duxbury,
502 895 143 39 Mass.
722 893 278 49 (34-19501)

143 997 324 67 Charteris,
498 998 209 66 Leslie,
739 997 171 54 1907-

215 1077 120 53 The
360 1076 371 54 misfortunes
755 1075 63 53 of
840 1078 109 52 Mr.
977 1076 137 52 Teal
1146 1075 90 68 [by]
1284 1074 184 54 Leslie
1496 1073 309 57 Charteris.
1880 1075 257 52 London,

147 1153 238 53 Hodder
413 1155 112 52 and
556 1155 341 68 Stoughton,
923 1154 223 53 limited
1180 1158 170 64 [1934]

218 1225 98 51 319,
348 1228 53 49 [1]
434 1239 42 37 p.
537 1227 55 40 19½
625 1230 43 21 cm
674 1261 8 8 .

497 1282 1644 49 CONTENTS. —The Simon Templar foundation.—The higher finance.—
149 1341 101 40 The
281 1343 78 38 art
388 1342 50 39 of
467 1341 131 42 alibi.

150 1395 49 52 ©1c.
325 1400 126 39 June
480 1400 67 46 16,
578 1399 114 40 1934;
748 1400 41 38 A
817 1401 61 38 ad
908 1399 87 40 int.
1024 1398 142 40 19053;
1224 1399 142 47 pubd.
1398 1399 115 47 May
1539 1399 25 39 3;
1626 1398 50 40 L,
1709 1396 266 50 Charteris,
216 1399 1909 105 Weybridge,
421 1456 234 48 England.
731 1456 279 48 (34-20030)

145 1547 190 54 Chase
365 1547 264 53 national
660 1546 156 54 bank
848 1547 63 53 of
942 1546 103 54 the
1077 1546 122 63 city
1228 1546 63 53 of
1321 1546 147 52 New
1498 1545 182 56 York.

215 1626 120 52 The
375 1625 265 52 Revenue
683 1631 90 47 act
814 1624 63 54 of
920 1627 153 64 1934,
1114 1625 140 52 with
1294 1623 256 53 effective
1592 1624 240 51 sections
1875 1622 62 53 of
1984 1624 157 66 prior

146 1708 117 48 acts
304 1704 112 52 and
458 1702 187 69 digest
684 1703 63 53 of
785 1721 124 34 new
948 1702 338 69 provisions.
1386 1702 139 52 [New
1568 1702 180 66 York]
1795 1702 121 52 The
1958 1701 183 55 Chase

145 1780 1448 69 national bank of the city of New York [ c 1934]
213 1854 99 48 207,
348 1856 53 48 [1]
431 1865 45 38 p.
536 1853 54 41 23
596 1856 43 21 cm
643 1885 9 9 .

217 1911 313 49 Advertising
556 1913 180 39 matter:
795 1923 44 37 p.
874 1910 112 51 [208]

149 1965 54 53 ©
228 1971 113 46 May
367 1971 68 46 14,
463 1969 114 40 1934;
631 1969 67 40 2c.
727 1970 114 46 May
867 1970 55 39 18;
979 1968 81 41 aff.
1089 1970 111 46 May
1227 1970 55 39 17;
1339 1970 41 38 A
1406 1970 145 39 72417;
1608 1969 157 41 Chase
1793 1970 117 39 natl.
1940 1971 129 39 bank
2092 1971 53 40 of

216 2028 81 39 the
335 2027 98 47 city
471 2027 51 40 of
558 2027 117 39 New
711 2027 145 39 York.
927 2026 281 49 [Copyright
1243 2027 41 39 is
1325 2026 204 40 claimed
1569 2039 60 28 on
1668 2029 132 38 trust
1837 2028 306 47 department

215 2084 381 40 advertisement
618 2095 60 28 on
701 2085 98 38 last
822 2094 134 38 page]
1029 2083 278 49 (34-14328)

212 2172 119 54 The
359 2175 263 51 Revenue
649 2179 89 46 act
765 2173 62 53 of
857 2176 151 64 1934,
1033 2173 140 52 with
1200 2170 256 55 effective
1481 2174 239 52 sections
1748 2174 63 52 of
1838 2174 160 67 prior
2026 2178 116 48 acts

143 2253 112 51 and
280 2250 187 69 digest
490 2252 62 51 of
576 2271 121 33 new
723 2251 336 68 provisions.
1140 2285 12 33 [
1158 2252 136 51 New
1321 2252 179 65 York]
1532 2253 121 51 The
1679 2252 183 55 Chase
1886 2252 258 52 national

142 2329 151 53 bank
317 2330 63 52 of
407 2330 95 52 the
530 2331 116 66 city
674 2329 63 54 of
765 2331 138 52 New
933 2330 162 53 York
1128 2363 11 33 [
1146 2336 17 20 c
1169 2333 148 63 1934]

219 2403 428 49 207, [1] p. 23 cm .
216 2461 314 47 Advertising
557 2462 179 38 matter:
795 2471 40 37 p.
870 2460 113 49 [208]

150 2514 51 51 ©
235 2519 112 46 May
380 2519 67 45 14,
480 2517 114 39 1934;
654 2518 66 39 2c.
753 2518 114 46 May
899 2517 54 39 18;
1015 2516 81 41 aff.
1131 2518 113 46 May
1277 2518 54 38 17;
1394 2517 39 38 A
1467 2517 146 40 72418;
1674 2517 156 40 Chase
1863 2517 117 39 natl.
2015 2516 129 40 bank

218 2575 51 39 of
302 2575 81 39 the
417 2575 99 46 city
549 2575 51 38 of
633 2574 120 39 New
785 2574 145 39 York.
994 2574 280 48 [Copyright
1309 2575 41 38 is
1388 2574 204 40 claimed
1629 2585 60 29 on
1725 2573 305 40 commercial
215 2573 1912 98 advertisement
556 2642 62 29 on
642 2632 96 39 last
767 2641 135 38 page]

143 2720 233 67 Collins,
412 2721 245 66 Gilbert,
692 2725 171 50 1890-

215 2801 189 51 Death
432 2805 171 47 meets
633 2801 95 52 the
757 2799 187 68 king’s
972 2818 334 50 messenger,
1331 2800 75 68 by
1437 2799 226 55 Gilbert
1694 2798 237 56 Collins.
144 2798 1975 146 London,
303 2878 68 55 G.
401 2879 151 66 Bles,
583 2881 153 50 1934.

214 2950 87 41 286
331 2962 43 38 p.
437 2951 54 40 19
495 2953 43 21 cm
544 2983 8 8 .

152 3003 49 52 ©1c.
325 3009 127 39 June
477 3010 38 45 1,
544 3009 114 39 1934;
715 3009 41 38 A
784 3010 61 38 ad
875 3009 85 39 int.
989 3008 143 40 19005;
1188 3010 142 46 pubd.
1360 3010 113 46 May
1503 3011 24 38 7;
1585 3009 298 47 Doubleday,
1914 3010 167 39 Doran
2110 3010 35 40 &

219 3076 79 36 сo.,
329 3066 104 47 inc.,
464 3066 195 40 Garden
688 3065 123 48 City,
843 3065 54 41 N.
929 3065 52 38 Y.
1054 3065 278 49 (34-19677)

145 3155 384 63 Corporation
561 3158 162 52 trust
756 3172 306 47 company.

217 3233 120 53 The
360 3252 123 33 new
508 3234 377 66 Bankruptcy
908 3234 125 67 law,
1059 3235 273 52 amended
1357 3236 150 53 June
1530 3236 49 65 7,
1606 3238 150 64 1934,
1782 3235 361 52 amendment

150 3313 271 51 amended
460 3312 149 53 June
649 3316 81 62 18,
769 3316 135 48 1934
946 3356 55 9 ...
1082 3312 299 67 Compiled
1421 3314 112 51 and
1573 3312 301 68 published
1914 3312 94 52 for
2046 3313 95 51 the

150 3388 301 53 assistance
477 3388 64 55 of
564 3390 241 67 lawyers
828 3389 75 68 by
928 3391 96 52 the
1052 3390 380 67 Corporation
1459 3396 149 47 trust
1632 3409 295 49 company.
2003 3392 138 51 New

152 3464 175 69 York,
355 3467 400 68 Washington,
786 3470 69 51 D.
887 3469 60 54 C.
984 3473 134 63 [etc.,
1147 3476 17 20 c
1170 3473 149 63 1934]

221 3541 550 48 2 p. l., 3-23 p. 23 cm .
224 3597 127 41 “The
373 3599 233 47 complete
629 3600 104 38 text
758 3598 51 40 of
832 3598 81 40 the
937 3599 309 39 amendment
1268 3600 48 38 to
1342 3599 81 40 the
1448 3598 319 48 Bankruptcy
1791 3599 91 46 act,
1910 3597 233 40 amended

151 3653 59 48 by
241 3655 82 40 the
354 3655 150 39 above
536 3656 91 45 act,
660 3665 36 27 w
693 3665 11 11 r
708 3664 54 30 as
791 3654 254 48 published
1079 3655 126 39 June
1238 3656 25 39 8
1295 3655 61 48 by
1389 3656 81 39 the
1504 3653 320 50 Corporation
1860 3656 130 39 trust
152 3664 1973 94 company
308 3710 50 40 in
393 3710 313 48 conjunction

740 3711 120 39 with
895 3711 81 40 the
1011 3713 233 38 amended
1283 3711 261 41 Securities
1581 3713 79 39 act
1695 3711 51 41 of
1781 3711 113 40 1933
1932 3711 95 40 and
2062 3710 82 41 the

151 3776 102 29 new
294 3767 261 41 Securities
594 3768 245 47 exchange
877 3770 78 37 act
993 3768 53 38 of
1081 3767 126 48 1934,
1220 3762 8 5 ’
1247 3769 153 39 under
1439 3769 82 39 the
1559 3769 109 39 title
1709 3768 129 39 ‘New
1876 3768 111 39 deal
2023 3769 121 38 laws

151 3823 50 39 of
234 3824 298 47 importance
568 3827 47 37 to
651 3824 333 48 corporations
1021 3825 94 39 and
1151 3824 307 48 corporation
1495 3824 212 41 officials’
1749 3855 46 9 ...
1835 3825 80 39 the
1952 3825 107 39 text
2091 3822 53 40 of

153 3880 80 39 the
264 3882 307 38 amendment
610 3912 45 8 ...
691 3880 42 40 is
769 3891 26 29 a
829 3883 112 45 part
973 3881 51 39 of
1060 3881 80 40 the
1173 3882 96 39 last
1304 3883 224 38 sentence
1564 3881 50 40 of
1648 3881 278 48 paragraph
1972 3879 76 49 (a)
2092 3879 52 41 of

152 3937 181 40 section
361 3937 192 40 4.”—2d
585 3937 187 48 prelim,
801 3937 114 40 leaf.
