2350 4296
1115 3979 133 56 1713

189 350 267 65 Agassiz,
488 352 307 54 Garnault.

254 424 124 55 Our
407 428 294 52 merchant
731 428 217 52 marine
981 428 111 52 and
1124 428 258 52 national
1413 428 345 68 prosperity,
1789 428 73 68 by
1898 427 286 54 Garnault

183 502 1286 71 Agassiz. New York, J. K. Fitch [ c 1934]
254 590 58 40 40
339 601 42 37 p.
443 591 127 40 ilius.
631 592 57 40 26
691 595 44 20 cm
741 623 6 6 .

189 646 50 51 ©
276 651 115 39 Nov.
427 651 67 46 15,
530 650 139 40 1934:
706 651 65 40 2c.
807 653 94 38 and
937 651 79 40 aff.
1053 652 115 37 Nov.
1204 652 80 44 17;
1322 651 39 38 A
1397 650 168 45 77267;
1605 651 124 40 John
1768 652 227 39 Knowles
2031 651 151 40 Fitch.

266 707 279 47 (34-42843)

192 811 222 64 Birren,
444 812 208 55 Faber.

254 888 170 54 Color
453 890 346 53 dimensions;
860 888 257 69 creating
1142 909 122 33 new
1295 889 311 68 principles
1636 889 63 52 of
1727 890 152 52 color
1909 889 279 66 harmony

184 968 109 50 and
331 985 26 32 a
394 969 275 63 practical
703 969 265 66 equation
1002 969 58 50 in
1097 969 151 50 color
1282 967 317 66 definition,
1633 968 75 65 by
1741 968 186 51 Faber
1963 968 224 50 Birren.

184 1042 268 68 Chicago,
481 1045 122 52 The
630 1045 264 54 Crimson
922 1064 173 48 press,
1128 1048 149 49 1934.

256 1114 25 40 5
306 1125 42 37 p.
409 1147 8 13 l.,
445 1116 68 47 57,
544 1115 54 50 [2]
627 1126 42 37 p.
733 1117 117 40 fold.
878 1118 85 39 col.
992 1117 164 47 front.,
1182 1116 115 40 ilius.,
1355 1116 177 47 diagrs.
1594 1113 55 42 28½
1683 1117 43 21 cm
1732 1147 7 7 .

261 1171 154 41 These
450 1173 227 46 chapters
713 1173 109 41 first
859 1175 239 46 appeared
1139 1174 47 38 in
1227 1174 80 39 the
1347 1173 173 40 official
1558 1183 150 37 organ
1748 1173 51 39 of
1838 1172 81 41 the
1957 1171 226 40 National

184 1228 294 40 association
507 1229 52 40 of
584 1231 219 47 printing
828 1230 83 39 ink
939 1231 204 39 makers.

188 1283 50 51 ©
271 1289 109 38 Dec.
413 1288 38 42 1,
485 1287 138 41 1934:
659 1289 64 39 2c.
759 1290 94 38 and
886 1289 79 39 aff.
1001 1290 108 38 Dec.
1144 1290 79 40 15:
1260 1290 40 37 A
1331 1289 170 45 78583;
1538 1290 48 37 F.
1623 1290 188 41 Birren,
1847 1288 221 45 Chicago.

265 1344 279 47 (34-42562)

183 1446 229 67 Bizzell,
443 1448 254 54 William
729 1450 276 63 Bennett,
1040 1452 169 52 1876-

254 1524 122 52 The
399 1525 271 53 relations
695 1524 64 54 of
783 1526 263 68 learning;
1104 1544 28 33 a
1161 1526 169 52 series
1358 1524 64 54 of
1448 1526 291 52 addresses
1767 1543 71 35 on
1866 1523 315 69 university

184 1600 299 54 education
519 1603 58 51 in
612 1622 30 33 a
677 1603 289 69 changing
1000 1604 180 52 world
1219 1603 109 69 [by]
1367 1603 262 53 William
1665 1603 251 52 Bennett
1950 1602 232 52 Bizzell.

185 1679 273 68 Norman,
483 1679 340 70 University
848 1680 64 53 of
938 1680 322 56 Oklahoma
1289 1699 174 50 press,
1495 1683 151 50 1934.

253 1752 50 40 ix
329 1764 57 37 p.,
416 1754 23 37 1
503 1786 7 15 l.,
539 1754 96 45 177,
670 1754 54 49 [1]
753 1764 43 37 p.
856 1753 55 42 23½
946 1756 42 21 cm
994 1787 7 7 .

256 1808 223 42 Includes
514 1812 81 38 ten
630 1811 366 40 convocational
1032 1811 255 40 addresses
1324 1809 244 42 delivered
1605 1813 53 37 at
1694 1812 80 39 the
1815 1809 279 47 University
2134 1810 49 40 of

184 1863 283 47 Oklahoma,
501 1865 276 43 1925-1934.

257 1923 164 40 “First
450 1923 227 40 edition.”

186 1977 50 51 ©
271 1983 105 38 Dec.
406 1982 67 41 12.
502 1982 139 46 1934;
673 1982 66 39 2c.
768 1983 93 38 and
892 1981 79 40 aff.
1001 1982 109 39 Dec.
1141 1983 52 38 17;
1251 1982 39 38 A
1321 1981 169 42 77719;
1525 1982 281 48 University
1836 1983 50 39 of
1915 1983 269 40 Oklahoma

255 2050 133 36 press
475 2038 280 47 (34-42855)

191 2143 298 66 Blanchet,
522 2143 230 55 Alfred.

186 2220 1970 138 … Les enterrés vivants; pamphlet sur l'après-guerre. Vincennes-Paris,
625 2299 917 67 La Vie contemporaine [ c 1934]
255 2372 753 49 2 p. l., [9]—279, [1] p. 18 ½ cm .
255 2429 72 40 On
356 2440 141 30 cover:
554 2430 216 39 Premier
798 2430 144 39 mille.

256 2487 40 39 A
326 2487 153 40 novel.

186 2540 1999 60 © May 12, 1934; 1c. June 6; A- Foreign 24829; Éditions de La Vie
252 2608 403 48 contemporaine.
730 2607 280 46 (34-42586)

187 2711 193 66 Bloch,
411 2714 178 63 Iwan,
622 2713 326 53 1872-1922.

252 2788 407 69 Ethnological
688 2788 113 52 and
829 2788 248 52 cultural
1106 2787 214 54 studies
1349 2790 63 50 of
1440 2788 93 52 the
1564 2805 95 35 sex
1686 2786 107 53 life
1820 2786 62 53 in
1910 2785 272 68 England

182 2866 326 53 illustrated
541 2885 60 34 as
632 2866 260 52 revealed
924 2866 62 52 in
1016 2866 77 52 its
1123 2865 175 54 erotic
1330 2866 113 52 and
1476 2865 233 53 obscene
1741 2864 296 52 literature
2071 2863 113 52 and

182 2949 90 48 art;
334 2945 141 52 with
501 2944 133 52 nine
664 2943 226 67 private
921 2943 250 52 cabinets
1201 2942 64 53 of
1292 2942 383 52 illustrations
1706 2942 75 68 by
1811 2942 98 52 the
1936 2945 250 64 greatest

183 3018 1979 135 English masters of erotic art [by] Dr. Iwan Bloch … translated
376 3099 114 54 and
530 3098 189 53 edited
757 3098 76 68 by
873 3097 256 53 Richard
1168 3096 296 54 Deniston.
1543 3096 299 69 Privately
1883 3097 187 53 issued
2110 3095 75 70 by

181 3177 385 69 subscription
613 3180 60 49 to
724 3175 259 53 cultured
1035 3175 189 53 adults
1275 3175 151 68 only.
1514 3174 138 53 New
1704 3174 181 67 York,
1938 3171 245 55 Falstaff

182 3274 175 49 press,
379 3256 108 52 inc.
521 3287 14 34 [c1
596 3255 103 51 934
702 3285 13 35 ]

255 3328 87 41 380
364 3338 58 39 p.,
449 3329 25 38 1
536 3358 9 17 l.,
572 3325 206 42 381-434
802 3335 43 38 p.
872 3326 110 40 incl.
1011 3325 163 49 front.,
1199 3325 173 48 plates,
1400 3324 215 40 facsims.
1678 3322 58 42 26
1738 3325 44 22 cm
1786 3354 8 9 .

255 3384 154 48 “Only
431 3386 138 39 three
591 3384 246 40 thousand
858 3384 160 46 copies
1041 3383 52 39 of
1113 3383 98 39 this
1234 3382 187 40 limited
1448 3382 184 42 edition
1654 3382 123 38 have
1801 3381 116 40 been
1943 3380 241 47 privately

186 3438 983 49 issued … This copy is … no. 1219.”
255 3498 263 40 Published
545 3496 102 41 also
672 3497 211 39 without
907 3497 82 40 the
1014 3497 171 46 plates.

257 3554 379 47 “Bibliography
662 3553 51 40 of
738 3553 247 40 reference
1010 3553 160 39 works
1196 3551 139 49 only”:
1392 3562 44 37 p.
1462 3550 216 41 375-380.

188 3610 50 51 ©
272 3615 108 38 Dec.
413 3613 68 47 14,
511 3611 140 42 1934;
684 3611 64 39 2c.
778 3612 109 39 Dec.
918 3612 54 39 17:
1032 3611 80 39 aff.
1143 3612 109 39 Dec.
1285 3611 81 46 18;
1399 3611 40 38 A
1468 3610 147 40 78608;
1672 3610 212 40 Falstaff
1915 3621 148 37 press,
2096 3611 88 39 inc.

265 3669 280 49 (34-42844)

316 3766 1869 71 … Sex life in England … New York, The Panurge press
188 3883 12 33 [
205 3855 19 21 c
229 3852 153 64 1934]

254 3918 641 52 6 p. l. , 17-356 p. 24½ cm .
