2350 4196
1126 4005 131 49 1854

224 388 144 51 New
397 385 160 54 York
592 385 215 66 (State)
891 385 182 64 Laws,
1102 388 254 60 statutes,
1386 387 100 46 etc.

358 457 1854 72 … The penal law of the state of New York, providing for the
229 542 366 67 punishment
636 540 61 53 of
740 539 185 52 crime.
1007 539 251 65 Chapter
1299 540 67 49 40
1408 536 62 52 of
1511 536 96 51 the
1649 537 385 52 consolidated
2076 539 138 50 laws

229 619 200 65 passed
463 617 61 52 in
561 619 149 62 1909,
745 617 139 51 with
923 619 131 48 1933
1093 615 400 52 amendments.
1566 613 214 52 Edited
1813 614 75 66 by
1921 616 202 56 Henry
2157 617 55 53 J.

226 690 1889 70 Lee … Brooklyn, N. Y., Eagle library publications, c 1933.
294 769 97 47 203,
424 770 53 47 [5]
507 780 42 36 p,
605 769 26 37 21½cm.

229 836 50 51 ©
309 841 126 39 June
463 839 38 40 6,
530 838 111 40 1933;
701 838 66 39 2c.
798 837 94 39 and
924 836 78 40 aff.
1039 836 124 47 Sept.
1195 836 39 46 1,
1265 832 139 48 1934;
1439 834 40 38 A
1512 833 168 46 74740;
1714 835 148 46 Eagle
1892 835 198 45 library,
2124 834 89 40 inc.

227 958 142 52 New
397 957 177 52 York.
650 953 416 65 Metropolitan
1096 970 266 36 museum
1391 952 63 53 of
1481 955 114 53 art.

354 1030 1787 68 … The Persian expedition, 1933-1934 … New York, 1934.
225 1103 1973 106 22 p., 1 l. illus. (incl. map, plan) 24½ cm . (Bulletin of the Metropolitan museum of art. Section II)
292 1221 65 39 At
381 1221 123 38 head
530 1219 53 40 of
606 1219 134 39 title:
768 1219 103 38 The
894 1217 347 47 Metropolitan
1266 1227 219 29 museum
1512 1217 53 39 of
1591 1219 89 38 art.

227 1287 50 51 ©
307 1292 109 38 Dec.
445 1292 37 45 7,
511 1289 139 47 1934;
680 1289 65 40 2c.
778 1290 94 38 and
902 1288 79 40 aff.
1012 1289 110 38 Dec.
1154 1289 80 45 11;
1266 1288 44 38 A
1335 1286 169 47 78479;
1537 1287 346 47 Metropolitan
1912 1296 220 30 museum
2163 1288 50 39 of

296 1351 88 36 art.

221 1452 146 50 New
391 1450 159 52 York
576 1452 159 51 state
759 1450 206 62 league
991 1448 63 53 of
1079 1448 242 63 savings
1347 1448 114 52 and
1484 1448 132 52 loan
1643 1447 406 56 associations.

352 1523 1859 70 … Papers, reports and official proceedings of the forty-sixth
222 1609 209 49 annual
462 1606 354 64 convention,
841 1604 377 55 Westchester
1248 1608 239 62 country
1517 1604 144 66 club,
1689 1605 140 65 Rye,
1857 1604 69 54 N.
1956 1604 90 65 Y.,
2074 1604 139 67 May

225 1685 82 64 24,
339 1685 83 64 25,
452 1686 84 62 26,
567 1685 150 63 1933,
750 1682 113 52 and
892 1679 198 57 official
1121 1681 224 53 records
1376 1681 95 53 for
1500 1682 96 51 the
1665 1699 97 34 year
1789 1684 142 64 July
1963 1687 47 61 1,
2042 1684 172 49 1932-

222 1759 1988 67 June 30,1933 … New York, N. Y., The New York state league
219 1838 63 51 of
307 1837 230 68 savings
565 1839 112 51 and
702 1842 132 49 loan
862 1837 362 53 associations
1298 1841 151 62 [c1933]

291 1910 1031 50 4 p. l., 272, [1] p. front. (port.) 23 cm .
291 1968 192 39 Earlier
507 1968 179 40 entries
712 1969 123 38 have
859 1967 134 41 title:
1021 1969 192 38 Annual
1242 1968 298 39 convention.

226 2020 1987 51 © Nov. 25, 1933; 2c. Jan. 6, 1934; aff. Dec. 1, 1933; A 67885; New York
288 2083 133 38 state
445 2083 171 45 league
644 2081 51 39 of
722 2079 194 49 savings
945 2082 94 39 and
1066 2083 110 37 loan
1206 2081 330 39 associations.

221 2180 256 66 Nichols,
506 2182 174 54 Clark
711 2182 239 65 Asahel,
983 2184 171 52 1875-

287 2258 255 68 Applied
568 2259 288 67 evidence;
888 2279 72 33 an
986 2261 394 65 encyclopedic
1404 2266 308 47 treatment
1737 2260 66 52 of
1826 2260 98 54 the
1947 2259 172 67 proof
2146 2260 63 54 of

224 2335 144 54 facts
408 2339 61 51 in
508 2337 264 53 evidence
807 2338 171 52 based
1019 2357 74 35 on
1129 2339 94 51 the
1263 2343 240 49 statutes
1544 2339 113 51 and
1697 2338 275 53 decisions
2012 2337 64 52 of
2114 2338 94 53 the

221 2418 170 48 states
426 2415 62 53 of
522 2415 269 66 Arizona,
825 2415 341 56 California,
1200 2417 299 65 Colorado,
1533 2417 202 58 Idaho,
1768 2417 243 65 Kansas,
221 2417 1963 141 Montana,
408 2493 252 66 Nevada,

695 2495 138 51 New
868 2492 240 67 Mexico,
1144 2494 336 67 Oklahoma,
1517 2495 247 66 Oregon,
1798 2494 177 66 Utah,
220 2493 1964 144 Washington
457 2571 110 51 and

600 2570 326 69 Wyoming,
961 2569 276 55 classified
1270 2572 304 67 primarily
1603 2574 61 51 in
1699 2573 338 51 accordance
2069 2572 139 52 with

221 2647 1987 70 the facts, by Clark A. Nichols … 1934 supplement. Chicago,
217 2726 319 66 Callaghan
566 2727 111 51 and
707 2745 295 48 company,
1032 2730 150 50 1934.

287 2798 515 48 2 p. l., 762 p. 26 cm .
222 2851 50 51 ©
307 2856 106 39 Jan.
446 2855 67 47 29,
547 2854 139 42 1934;
721 2857 64 38 2c.
821 2857 95 39 and
949 2856 80 39 aff.
1064 2857 107 39 Feb.
1206 2852 50 44 2:
1294 2858 39 37 A
1364 2857 168 40 70115:
1569 2857 270 47 Callaghan
1874 2855 38 40 &
1941 2866 65 29 co.

217 2972 163 53 Ohio.
507 2992 130 46 Laws,
665 2980 256 59 statutes,
950 2981 98 46 etc.

290 3049 148 52 Ohio
478 3068 376 37 conservancy
893 3056 105 51 act,
1037 3053 323 53 annotated.
1400 3056 148 51 1934.
1625 3052 326 61 Cleveland,
1986 3050 218 55 Banks-

215 3126 267 54 Baldwin
507 3131 108 49 law
643 3129 334 66 publishing
1005 3148 277 47 company
1317 3164 11 33 [
1336 3137 17 21 c
1357 3134 136 49 1934]

289 3201 53 39 70
371 3211 42 37 p.
472 3201 53 39 23
544 3213 30 27 x
591 3202 55 38 10½
679 3205 43 19 cm
727 3233 6 6 .

222 3253 1984 53 © Sept. 15, 1934; 2c. Sept. 19: aff. Oct. 15: A 76003; Banks-Baldwin
287 3314 94 38 law
410 3315 105 45 pub.
551 3325 63 28 co.

220 3414 211 66 Oliver,
459 3417 224 64 George
711 3418 69 54 A.
809 3418 55 54 S.

289 3488 368 70 Stenoscript,
689 3512 27 34 a
750 3494 200 65 simple
982 3497 108 51 and
1123 3495 202 61 legible
1356 3501 206 61 system
1592 3496 63 52 of
1688 3495 313 53 shorthand
2031 3493 166 53 based

218 3586 68 33 on
316 3570 93 51 the
436 3571 182 51 model
650 3571 63 51 of
739 3572 272 63 ordinary
1037 3571 408 69 handwriting,
1473 3575 240 51 reduced
1743 3579 59 47 to
1828 3572 232 53 reliable
2090 3572 109 52 and

218 3645 144 53 fixed
394 3647 306 65 principles
729 3668 59 33 as
817 3649 334 54 established
1182 3651 73 65 by
1285 3650 269 53 scientific
1584 3650 450 67 investigations,
2061 3649 136 52 with

219 3723 317 65 expression
569 3726 61 50 of
659 3735 156 45 exact
848 3727 205 52 vowels
1080 3729 52 50 in
1167 3728 203 64 logical
1397 3730 165 52 order
1590 3729 243 52 without
1860 3727 128 53 lifts
2016 3726 64 53 of
2105 3728 96 51 the

223 3816 123 48 pen,
383 3800 92 55 for
512 3809 236 59 private,
788 3804 368 57 commercial,
1193 3807 105 51 and
1341 3806 357 53 educational

1737 3823 273 49 purposes
220 3804 1957 144 (corresponding
596 3881 198 66 style),
828 3886 107 51 and
973 3882 94 52 for
1100 3884 92 53 the
1225 3902 96 34 use
1354 3883 64 53 of
1450 3884 95 52 the
1578 3889 256 62 reporter
1877 3882 322 69 (reporting
