2350 4196
1134 3998 98 48 269

177 356 120 52 The
335 354 283 66 practical
661 353 291 55 Standard
992 353 323 68 dictionary
1353 354 63 52 of
1453 354 95 53 the
1587 354 244 69 English
1870 356 298 66 language,

247 434 270 67 designed
554 438 58 47 to
649 431 130 69 give
816 432 94 53 the
948 432 410 68 orthography,
1397 432 456 68 pronunciation,
1891 431 283 68 meaning,

247 513 112 51 and
400 512 326 67 etymology
769 510 63 53 of
876 528 132 35 over
1051 512 222 65 140,000
1315 512 184 51 words
1543 512 112 51 and
1700 512 232 67 phrases
1976 510 61 52 in
2078 511 95 52 the

244 591 200 68 speech
477 591 111 51 and
620 590 298 51 literature
949 589 64 52 of
1044 589 97 52 the
1172 589 552 70 English-speaking
1755 591 246 67 peoples,
2034 589 140 53 with

245 687 323 50 synonyms,
610 673 318 62 antonyms,
968 668 112 51 and
1120 668 409 68 prepositions;
1571 669 333 69 containing
1943 669 117 53 also
2103 687 71 34 an

247 747 291 68 appendix
582 747 63 52 of
691 745 227 69 foreign
963 746 232 68 phrases
1241 748 135 51 used
1422 748 61 51 in
1526 748 247 68 English
1816 748 200 68 speech
2062 749 112 52 and

246 827 313 65 literature,
603 827 155 65 2,500
801 825 267 67 pictorial
1110 825 408 67 illustrations;
1565 826 275 69 abridged
1886 826 152 54 from
2079 828 95 51 the

246 904 171 52 Funk
449 906 50 49 &
533 902 300 69 Wagnalls
866 921 123 35 new
1024 902 291 55 Standard
1351 904 322 70 dictionary
1706 905 62 53 of
1800 907 96 52 the
1928 907 245 68 English

245 981 1931 71 language by Frank H. Vizetelly … New York and London,
246 1061 170 52 Funk
446 1063 45 50 &
521 1061 299 67 Wagnalls
855 1078 296 50 company,
1184 1063 150 50 1934.

248 1132 1022 51 2 p. l., iii-xxxiv, 1309 p. illus. 24 cm .
179 1203 51 51 ©
259 1208 119 38 Mar.
408 1207 38 42 2,
476 1206 140 47 1934;
646 1206 67 39 2c.
744 1207 92 38 and
867 1205 81 40 aff.
978 1206 122 39 Mar.
1129 1205 50 47 9;
1211 1206 40 38 A
1279 1206 169 46 70557;
1482 1207 141 39 Funk
1651 1208 37 39 &
1714 1209 250 46 Wagnalls
1993 1220 65 29 co.

267 1260 55 51 [©
347 1265 197 46 general
572 1263 226 48 revision]
875 1262 251 48 (34-5317)

175 1366 200 52 Punch.
470 1384 50 34 v.
552 1369 116 64 186,
693 1385 89 34 no.
811 1369 154 63 4833,
992 1366 134 52 Feb.
1155 1365 47 67 7,
1233 1369 149 51 1934.

180 1451 1993 51 © 1c. Apr. 2, 1934; A ad int. 18812; pubd. Feb. 7; Herbert Heather,
247 1512 209 39 London.

172 1616 378 63 Remington,
582 1615 241 54 Harold.

246 1692 1928 68 Remington on bankruptcy, for use during 1934 … [Pocket
173 1770 1972 148 supplements for] v. 2-6, 8, 9 … Rochester, N. Y., The Lawyers co-operative publishing company, 1933.
248 1926 25 39 7
301 1936 43 28 v.
401 1924 145 39 22½cm.

249 1981 296 41 Cover-title.

249 2039 155 39 These
434 2039 274 46 pamphlets
740 2047 82 29 are
855 2038 47 38 to
933 2037 56 39 be
1020 2035 139 40 fitted
1189 2036 102 39 into
1324 2036 81 38 the
1435 2035 197 47 pockets
1665 2036 51 38 at
1747 2034 81 40 the
1860 2035 120 39 back
2011 2034 54 40 of
2094 2035 81 40 the

179 2098 214 37 volumes
422 2095 52 39 of
500 2096 81 38 the
609 2096 73 38 set
711 2096 47 37 to
787 2092 159 40 which
975 2094 114 45 they
1116 2093 182 47 belong.

182 2149 51 51 ©
263 2153 110 39 Feb.
402 2153 68 44 14,
499 2151 113 40 1934;
670 2151 65 39 2c.
766 2151 118 39 each
913 2150 109 39 Feb.
1053 2149 54 39 16;
1166 2149 79 39 aff.
1277 2149 120 39 Mar.
1428 2148 25 39 8;
1511 2149 40 38 A
1580 2148 168 46 69764;
1782 2149 59 39 H.
1872 2146 302 47 Remington,

250 2210 117 38 New
391 2209 145 38 York.

179 2312 350 65 Rocheleau,
559 2311 256 56 William
847 2310 264 57 Francis.

182 2381 1969 154 Products of the soil … by W. F. Rocheleau. Rev. ed. Chicago, A. Flanagan company, 1934.
249 2537 85 41 192
359 2549 43 38 p.
455 2538 127 40 illus.
612 2537 134 48 (incl.
772 2539 163 46 maps)
970 2540 171 46 plates.
1193 2537 55 40 18½
1281 2539 15 22 cm
1330 2569 7 8 .
1410 2537 123 47 (The
1561 2536 148 40 Great
1735 2534 254 41 American
181 2535 1977 102 industries
330 2595 176 48 series)

184 2655 51 51 ©
263 2658 108 40 Feb.
400 2659 68 45 17,
497 2657 139 41 1934;
667 2658 66 38 2c.
761 2657 111 39 Feb.
900 2656 81 46 23;
1013 2654 79 41 aff.
1122 2655 109 39 Feb.
1260 2653 81 47 19;
1371 2654 41 38 A
1439 2653 170 46 70316;
1639 2653 54 39 A.
1722 2654 252 46 Flanagan
2001 2664 65 28 co.

262 2714 251 49 (34-5435)

183 2817 284 66 Rothery,
497 2819 204 63 Agnes
733 2815 305 66 Edwards,
1073 2818 169 50 1888-

253 2897 255 66 Sweden,
543 2897 96 51 the
669 2896 136 52 land
839 2897 112 52 and
983 2895 95 51 the
1112 2893 216 67 people,
1360 2892 75 67 by
1466 2892 193 66 Agnes
1691 2891 269 65 Rothery.
2039 2891 133 50 New

181 2973 178 68 York,
388 2976 120 51 The
535 2973 221 67 Viking
783 2992 174 48 press,
990 2976 148 50 1934.

252 3057 46 38 x,
327 3047 85 40 277
441 3057 42 38 p.
544 3046 172 48 plates.
777 3045 55 39 22
836 3048 44 21 cm
884 3078 8 7 .

254 3101 349 50 Bibliography:
663 3114 43 37 p.
735 3102 218 42 257-264.

185 3157 51 51 ©
265 3162 122 38 Mar.
416 3161 37 46 5,
481 3160 141 46 1934;
652 3160 67 39 2c.
748 3160 122 39 Mar.
897 3160 25 39 3;
981 3157 80 41 aff.
1092 3159 119 38 Mar.
1240 3157 24 39 6;
1323 3156 42 39 A
1391 3154 141 41 69743;
1591 3154 158 46 Agnes
1778 3153 214 46 Rothery
2022 3152 155 39 Pratt.

257 3217 295 47 University,
578 3217 86 39 Ya.
739 3215 251 49 (34-5302)

179 3320 287 65 Sabatini,
496 3320 231 55 Rafael.

249 3397 151 54 Joan
426 3399 96 51 the
546 3396 173 54 maid.
801 3397 189 66 [Final
1015 3395 348 64 instalment]

263 3473 83 47 (In
372 3468 201 42 London
600 3466 146 52 Daily
776 3467 132 51 mail,
937 3466 110 43 Jan.
1076 3468 41 48 6,
1147 3464 143 50 1934)

187 3514 1990 62 © 1c. Mar. 6, 1934; A ad int. 18785; pubd. Jan. 6; R. Sabatini, Clifford,
257 3584 392 47 Herefordshire,
681 3584 236 47 England.

185 3687 292 65 Sawyers,
504 3688 154 52 Matt
687 3685 328 65 Randolph,
1048 3685 170 53 1870-

255 3765 246 52 Famous
535 3764 220 53 friends
786 3765 64 51 of
879 3765 157 65 God;
1068 3761 302 54 hero-tales
1403 3761 63 51 of
1495 3760 95 50 the
1622 3755 168 66 faith,
1818 3754 75 66 by
1923 3753 153 51 Mott
2105 3752 70 52 R.

188 3832 1987 77 Sawyers … New York [etc.] Fleming H. Revell company
190 3951 12 33 [
207 3925 19 22 c
230 3923 151 64 1933]
