2350 4196
1120 4003 97 52 643

210 352 229 67 [Brown,
468 354 136 54 Mrs.
635 355 210 53 Zenith
878 355 263 66 (Jones)]
1177 357 169 50 1898-

264 430 107 53 Mr.
425 430 314 55 Pinkerton
788 449 131 50 goes
969 437 57 47 to
1077 430 271 54 Scotland
1398 429 161 69 yard,
1607 430 72 69 by
1732 429 191 54 David
1978 431 202 54 Frome

198 508 209 68 [pseud.]
464 508 322 55 illustrated
815 510 73 68 by
916 508 250 52 Edward
1198 507 251 55 Caiman.
1520 507 134 54 New
1690 508 175 56 York,
1895 509 212 53 Farrar
2137 511 42 50 &

195 585 292 65 Rinehart,
517 586 105 52 inc.
662 621 6 34 [
680 595 17 20 c
702 590 134 48 1934]

262 654 755 53 3 p. l., 3-300 p. plates. 20½cm.
192 713 51 51 ©
271 719 112 47 May
409 719 67 44 17,
505 717 139 48 1934;
675 720 53 39 2c
768 720 112 47 May
907 718 81 41 19;
1019 729 79 29 aff.
1129 719 111 46 May
1269 719 80 45 18;
1380 718 39 38 A
1448 716 170 48 72495;
1651 719 182 39 Farrar
1863 720 36 38 &
1927 719 252 48 Rinehart,

260 774 88 41 inc.
420 775 278 47 (34-13762)

184 874 239 68 Chafee,
455 877 342 60 Zechariah,
831 883 169 49 1885-

254 954 168 54 Cases
462 975 72 35 on
572 957 219 69 equity;
833 956 363 70 jurisdiction
1238 957 110 52 and
1389 955 223 70 specific
1651 957 413 67 performance,
2104 959 75 68 by

180 1034 1973 148 Zechariah Chafee, jr. … and Sidney Post Simpson … Cambridge, Mass., The editors, 1934.
255 1188 282 47 cover-title,
587 1188 218 49 [703]-976
835 1200 41 37 p.
934 1189 54 40 23½c
1039 1190 27 20 m
1075 1220 4 8 .

256 1244 324 48 Preliminary
610 1247 247 46 pamphlet
888 1257 73 28 no.
993 1246 38 40 3.

186 1297 50 51 ©
278 1303 100 46 May
379 1313 13 11 r
426 1302 68 42 10,
534 1302 139 46 1934;
716 1303 66 39 2c.
822 1304 95 38 and
956 1301 79 41 aff.
1077 1302 127 39 June
1240 1301 81 42 11;
1363 1301 40 50 A
1444 1300 169 46 72708;
1657 1301 46 40 Z.
1745 1300 195 48 Chafee,
1979 1301 62 47 jr.
2082 1304 95 38 and

256 1359 177 47 Sidney
461 1360 115 39 Post
609 1359 233 48 Simpson,
873 1358 299 48 Cambridge,
1204 1359 145 39 Mass.

182 1460 231 66 Collins,
444 1463 183 65 Dean,
661 1462 171 53 1887-

249 1539 1927 68 The cheddar box … Vol. I. Cheese cheddar. By Dean
179 1616 233 56 Collins.
488 1620 299 67 Portland,
819 1620 117 67 Or.,
969 1622 148 50 1933.

251 1692 1783 51 3 p. l., iii, [2] p., 1 l., 293 p., front. (facsim.) plates, ports. 17 cm .
255 1749 72 40 On
356 1760 160 30 cover:
550 1749 188 50 Oregon
767 1752 196 46 journal
994 1750 195 41 edition.

253 1807 286 41 Illustrated
571 1807 362 50 lining-papers.

256 1865 128 41 “The
414 1866 95 48 gist
541 1866 49 40 of
622 1867 81 39 the
735 1867 120 39 book
887 1866 41 39 is
959 1864 254 41 contained
1245 1866 49 37 in
1327 1866 80 39 the
1441 1865 200 47 chapter
1672 1863 236 50 headings
1938 1864 126 41 from
2096 1866 81 39 the

180 1922 140 48 diary
348 1923 50 40 of
424 1924 81 40 the
531 1923 98 48 trip
657 1924 49 38 in
735 1922 269 40 Tillamook
1031 1921 468 48 county.”—Introd.

184 1977 50 51 ©
266 1982 109 40 Dec.
409 1982 67 47 15,
508 1981 139 46 1933;
680 1982 67 39 2c.
779 1982 99 38 and
906 1980 80 40 aff.
1020 1981 112 46 May
1164 1980 66 46 14,
1263 1979 140 46 1934;
1437 1980 40 38 A
1509 1979 169 44 71598;
1714 1981 206 39 Journal
1953 1978 107 50 pub.
2092 1989 82 38 co.,

251 2039 246 39 Portland.
527 2038 77 41 Or.
676 2038 278 48 (34-13713)

177 2122 329 66 Comstock,
539 2126 137 51 Mrs.
710 2122 244 54 Harriet
985 2124 259 52 Theresa
1276 2121 257 66 (Smith)
1576 2125 168 50 1860-

310 2200 1868 70 … Karen’s destiny. Garden City, N. Y., Doubleday, Doran
178 2283 45 49 &
254 2298 296 50 company,
577 2282 130 65 inc.,
738 2282 152 50 1934.

252 2354 522 48 4 p. l., 311 p. 20 cm .
248 2412 63 39 At
337 2412 126 40 head
490 2411 51 40 of
568 2411 135 40 title;
733 2411 204 40 Harriet
963 2410 52 42 T.
1044 2409 266 42 Comstock.

254 2468 162 41 “First
444 2467 225 41 edition.”

181 2521 50 51 ©
267 2527 113 46 May
411 2525 68 47 16,
513 2525 140 41 1934;
689 2525 66 40 2c.
791 2525 93 39 and
919 2524 79 40 aff.
1034 2525 113 46 May
1180 2524 80 45 18;
1297 2524 40 38 A
1370 2523 169 47 71836;
1576 2524 60 39 H.
1671 2524 50 39 T.
1757 2522 269 49 Comstock,
2059 2522 116 39 New

250 2583 143 39 York.
465 2582 279 48 (34-13903)

173 2670 304 66 Coughlin,
512 2671 243 53 Charles
785 2670 271 66 Edward,
1088 2674 170 49 1891-

249 2750 183 68 Eight
476 2752 239 50 lectures
761 2767 73 34 on
877 2749 179 68 labor,
1101 2748 212 69 capital
1358 2749 113 52 and
1515 2748 222 69 justice,
1780 2748 75 67 by
1899 2748 95 52 the
2037 2748 139 51 Rev.

179 2825 1999 70 Chas. E. Coughlin … Royal Oak, Mich., The Radio league
176 2905 62 52 of
267 2906 95 52 the
390 2905 179 53 Little
599 2906 241 65 Flower,
874 2908 149 49 1934.

249 2980 25 38 2
301 2990 30 37 p
406 3010 8 16 l.,
442 2979 142 40 7-132
611 2989 29 37 p
710 2979 54 39 21
769 2981 15 21 cm.

179 3032 50 51 ©
257 3036 117 48 Apr.
410 3036 37 46 6,
482 3035 139 46 1934;
658 3036 66 40 2c.
761 3037 95 38 and
889 3035 81 40 aff.
1008 3037 112 46 May
1155 3036 79 41 23;
1272 3036 40 38 A
1347 3036 169 46 71738;
1556 3036 47 40 C.
1642 3037 51 39 E.
1731 3035 250 48 Coughlin,
2019 3036 154 46 Royal

245 3093 116 47 Oak,
394 3092 141 41 Mich.
609 3093 278 47 (34-13888)

174 3179 1997 68 Crimes and cases of 1933 … London, Rich & Cowan ltd.,
243 3263 148 49 1934.

247 3346 41 35 v,
320 3334 97 40 290.
454 3336 52 47 [1]
541 3346 40 36 p.
643 3334 55 39 22½
731 3336 44 21 cm
781 3367 7 7 .

243 3391 116 41 1933
386 3393 60 46 by
478 3392 189 39 Roland
698 3392 142 39 Wild.

177 3444 1992 52 © 1c. Apr. 26, 1934; A ad int. 18885; pubd. Mar. 1; R. G. Wild, London.
257 3504 278 49 (34-14336)

171 3595 182 63 Dana,
384 3597 244 61 Harvey
661 3597 255 62 Eugene,
951 3600 170 49 1888-

240 3671 53 52 A
323 3673 292 68 neglected
643 3672 289 68 predicate
962 3673 61 51 in
1048 3674 139 51 New
1217 3673 331 51 Testament
1577 3669 289 67 criticism,
1893 3668 74 68 by
1996 3669 75 51 H.
2101 3668 68 52 E.

171 3749 1660 71 Dana … Chicago, Blessing book stores, inc., 1934.
241 3824 54 39 50
328 3835 42 36 p.
431 3823 55 39 23c
506 3826 27 20 m
539 3856 7 6 .

174 3877 50 51 ©
256 3883 121 38 Mar.
406 3881 68 47 20,
505 3882 139 40 1934;
678 3882 64 39 2c.
767 3882 118 47 (Apr.
914 3881 82 47 20;
1031 3881 81 42 aff.
1147 3883 112 45 May
1291 3881 23 38 14:
1405 3881 40 37 A
1478 3879 167 47 72382;
1679 3880 60 39 H.
1773 3880 51 41 E.
1857 3880 155 39 Dana,
243 3880 1911 104 Seminary
416 3938 116 46 Hill,
564 3939 111 38 Tex.,
749 3937 279 47 (34-14199)
