2350 4196
1053 4087 97 48 195

123 444 210 64 Burke,
363 444 267 51 Harman
658 443 257 62 Burney.

187 519 236 53 Burke’s
463 521 275 65 complete
777 517 241 53 cocktail
1057 519 45 49 &
1140 515 274 69 drinking
1453 514 231 69 recipes,
1723 515 140 52 with
1903 516 212 68 recipes

119 598 91 52 for
242 597 135 53 food
407 598 112 52 bits
550 596 93 53 for
673 597 96 51 the
799 595 241 53 cocktail
1070 595 161 67 hour,
1260 595 74 66 by
1364 595 262 51 Harman
1660 595 231 67 Burney
1925 593 192 54 Burke

127 676 255 66 (Barney
408 674 220 67 Burke)
701 673 121 53 The
848 679 88 46 art
964 674 111 51 and
1103 672 267 68 etiquette
1396 671 64 53 of
1483 671 241 68 mixing,
1749 673 229 66 serving
2004 672 112 53 and

115 754 274 67 drinking
425 752 170 53 wines
633 753 111 52 and
782 752 228 67 liquors.
1087 750 136 51 New
1262 750 178 67 York,
1477 751 234 65 Boston,
1749 750 206 67 Books,
1991 748 125 69 inc.,

117 836 148 49 1934.

183 906 47 39 vi
258 917 57 36 p.,
343 906 24 38 1
431 936 7 16 l.,
467 903 112 41 9-93
607 914 43 37 p.
710 903 58 40 16½
798 905 44 21 cm
848 935 8 8 .

185 964 123 38 Text
338 973 56 29 on
425 961 362 48 lining-papers.

118 1030 49 51 ©
198 1035 108 38 Feb.
336 1035 68 45 12,
433 1033 139 39 1934;
604 1033 65 38 2c.
701 1032 110 38 Feb.
841 1030 54 40 19;
954 1030 81 40 aff.
1066 1030 110 39 Feb.
1206 1030 54 39 16;
1320 1030 39 38 A
1389 1029 136 39 69511;
1593 1030 172 45 Books
1797 1030 89 39 inc.

193 1091 250 47 (34-4222)

117 1193 314 64 Campbell,
463 1194 259 62 Eugene.

183 1271 121 52 The
330 1272 135 66 long
493 1270 172 67 whip,
696 1270 74 67 by
799 1271 232 66 Eugene
1059 1268 313 68 Campbell.
1449 1270 137 52 New
1617 1269 179 65 York,
1827 1270 61 54 C.
112 1269 1971 133 Scribner’s
285 1366 145 48 sons,
462 1352 148 50 1934.

185 1422 27 38 4
239 1432 43 38 p.
331 1453 22 16 l.,
382 1421 142 40 3-361
556 1432 42 36 p.
658 1420 55 40 19½c
762 1422 27 21 m
795 1453 8 7 .

116 1488 51 51 ©
198 1493 108 38 Feb.
337 1492 68 46 26,
436 1492 113 39 1934;
608 1492 66 39 2c.
705 1493 95 37 and
830 1491 81 39 aff.
944 1491 119 38 Mar.
1095 1492 51 44 1;
1179 1490 40 38 A
1249 1490 169 40 69649;
1453 1490 202 39 Charles
1691 1489 263 41 Scribner's
1987 1500 125 29 sons.

195 1549 249 49 (34-4195)

115 1652 266 64 Carfrae,
413 1652 327 55 Elizabeth.

182 1728 178 54 Life’s
399 1729 114 52 like
552 1730 144 66 that,
736 1730 75 67 by
852 1729 300 52 Elizabeth
1194 1729 259 55 Carfrae.
1530 1730 137 51 New
1711 1730 178 65 York,
1930 1729 67 54 G.
2042 1731 62 50 P.

112 1807 294 53 Putnam’s
436 1826 146 48 sons,
612 1812 149 49 1934.

183 1880 27 38 4
237 1891 42 37 p.
327 1912 21 16 l.,
379 1881 143 39 3-244
549 1892 44 36 p.
653 1880 54 40 19
712 1884 14 20 cm
761 1914 7 6 .

113 1948 51 51 ©
209 1953 109 39 Feb.
361 1952 68 40 23.
473 1951 140 46 1934;
658 1953 66 39 2c.
770 1953 95 39 and
910 1952 80 40 aff.
1036 1953 121 38 Mar.
1200 1952 52 40 2:
1300 1952 39 38 A
1382 1951 170 46 70435;
1601 1951 254 39 Elizabeth
1902 1950 206 40 Carfrae

182 2009 230 46 Cradock,
447 2010 191 47 Hadley
669 2010 164 47 Wood,
868 2010 283 46 Middlesex,
1185 2009 234 48 England.
1493 2008 251 48 (34-4187)

115 2110 308 66 Carmody,
456 2112 247 54 Francis
730 2113 238 66 Xavier,
1003 2112 324 53 1871-1928.

181 2190 56 52 A
281 2190 231 52 treatise
558 2208 71 33 on
676 2190 273 69 pleading
996 2191 112 51 and
1153 2191 247 67 practice
1447 2192 61 51 in
1555 2191 138 52 New
1742 2190 178 54 York,
1969 2189 138 51 with

113 2266 1970 133 forms. 2d ed. … By Francis X. Carmody … in collaboration with B.
110 2344 1997 149 G. Bonomi … and the editorial staff of the Lawyers co-operative publishing company, v. 6. Permanent ed.
173 2501 1935 70 … New York, Clark Boardman co., ltd.; Rochester and New
113 2580 177 68 York,
323 2581 120 52 The
475 2583 267 66 Lawyers
774 2582 384 67 co-operative
1187 2583 337 67 publishing
1556 2600 297 49 company,
1887 2585 148 48 1934.

176 2654 79 47 vii,
286 2655 114 39 1005
429 2666 43 36 p.
530 2656 55 38 24½
618 2658 44 20 cm
667 2689 7 6 .

113 2720 49 51 ©
190 2725 109 39 Feb.
326 2725 37 47 5,
390 2725 139 47 1934;
557 2726 67 40 2c.
651 2727 94 38 and
771 2726 80 40 aff.
880 2727 110 39 Feb.
1016 2727 82 40 14;
1127 2727 40 38 A
1191 2726 143 40 70223;
1392 2727 232 46 Lawyers
1648 2727 323 46 co-operative
1998 2726 106 47 pub.

177 2792 65 30 co.

112 2881 364 68 Castiglioni,
512 2886 245 63 Arturo,
796 2886 170 53 1874-

108 2962 1977 147 … The renaissance of medicine in Italy, by Arturo Castiglioni … Baltimore,
829 3044 122 51 The
984 3043 184 54 Johns
1201 3044 268 68 Hopkins
1506 3062 174 49 press,
1719 3046 150 49 1934.

111 3112 1979 99 3 p. l., v-xiv, 91 p. front. (port.) 20 cm . (Publications of the Institute
244 3171 50 40 of
324 3172 81 39 the
436 3172 191 48 history
657 3174 51 39 of
736 3174 247 48 medicine,
1017 3176 82 39 the
1130 3174 153 41 Johns
1314 3176 221 48 Hopkins
1566 3175 286 47 university.
1910 3175 60 39 3d
2003 3186 103 35 ser.,

108 3229 88 40 vol.
254 3232 14 46 I)

180 3287 127 41 “The
337 3287 189 48 Hideyo
555 3288 216 49 Noguchi
803 3290 251 40 lectures.”

112 3354 49 51 ©
191 3359 109 40 Jan.
329 3359 68 48 30,
427 3360 114 39 1934;
599 3362 66 38 2c.
697 3362 95 38 and
823 3360 81 40 aff.
935 3360 109 41 Feb.
1077 3362 24 38 5;
1161 3363 39 37 A
1230 3362 143 40 69447;
1435 3363 154 40 Johns
1619 3363 224 48 Hopkins
1874 3373 146 38 press.

187 3415 249 49 (34-4656)

111 3515 251 68 Church,
394 3520 283 54 Franklin
709 3520 218 68 Higby,
962 3525 171 51 1880-

177 3596 55 51 A
258 3599 230 50 manual
521 3598 63 52 of
613 3600 172 51 social
815 3600 240 54 diseases
1086 3602 92 51 for
1208 3603 96 51 the
1332 3604 247 65 layman,
1606 3603 75 65 by
1711 3601 283 54 Franklin
2023 3602 76 51 H.

112 3672 1988 74 Church … Civilization will not continue unless syphilis is
111 3753 1991 70 controlled … Salem, N. J., Printed for the S. D. publishing
108 3843 94 50 co.,
234 3835 17 21 c
257 3832 134 50 1934
394 3873 11 21 :

178 3900 56 40 37
264 3910 42 38 p.
369 3902 26 38 20
428 3904 44 21 cm
477 3934 9 8 .

112 3952 49 51 ©
185 3957 110 40 Feb.
320 3958 38 48 6,
383 3959 114 40 1934;
550 3962 66 38 2c.
642 3963 95 38 and
761 3962 79 40 aff.
869 3963 110 39 Feb.
1033 3965 52 38 14:
1113 3964 41 38 A
1178 3963 169 48 69417;
1377 3964 48 38 F.
1454 3965 58 38 H.
1541 3964 205 47 Church,
1777 3963 172 41 Salem,
1975 3963 56 40 N.
2059 3963 40 39 J.

188 4014 248 50 (34-4517)
