2350 4296
1057 4008 131 52 1841

146 363 1294 69 Alexander & Dowell, Washingt on, D. C .
223 440 275 68 Synopsis
552 443 62 52 of
667 445 96 50 the
815 444 109 52 law
977 444 111 51 and
1142 442 249 68 practice
1443 444 341 67 concerning
1836 445 312 66 procuring

145 517 1975 150 United States patents, trade-marks and copyrights … [Washington, D. C., Press of Byron S. Adams, 1933]
215 683 67 48 19,
316 685 53 48 [1]
400 695 43 37 p.
499 686 114 40 18cm.

150 750 50 51 ©
232 756 111 38 Dec.
376 756 38 46 1,
449 755 138 48 1933;
622 756 66 40 2c.
722 758 111 39 Dec.
866 756 82 48 26;
985 756 81 41 aff.
1100 757 107 39 Jan.
1241 756 69 48 13,
1344 756 139 47 1934;
1520 757 41 38 A
1594 756 169 48 67989;
1799 757 276 39 Alexander
2109 757 36 40 &

216 813 199 38 Dowell.

152 914 310 55 American
493 917 310 53 extension
832 917 350 66 university,
1210 918 111 54 inc.

191 993 485 53 Announcement.
737 995 307 51 American
1066 995 289 51 extension
1377 995 317 66 university
1727 994 419 67 (non-resident

142 1069 2001 70 instruction) Law … Chicago, American extension university,
143 1148 124 67 inc.,
296 1151 173 50 c1934.

217 1235 68 47 23,
316 1235 54 48 [1]
402 1245 41 36 p.
501 1233 113 40 22cm.

148 1300 50 52 ©
230 1305 116 47 July
376 1304 68 47 10,
475 1304 140 48 1934;
648 1305 65 40 2c.
747 1308 94 37 and
872 1305 81 40 aff.
986 1306 115 47 July
1131 1306 80 46 23;
1246 1306 40 38 A
1318 1306 169 46 73561;
1522 1307 157 38 Amer.
1712 1305 253 41 extension
2035 1306 107 49 univ.,

214 1362 88 39 inc.

149 1465 348 67 [Anderson,
525 1465 189 54 Lilian
744 1468 156 64 May]

221 1542 121 52 The
373 1542 152 67 glass
560 1541 120 68 fish,
717 1542 72 67 by
824 1541 145 55 Glen
1005 1541 229 54 Steuart
1275 1542 231 68 [pseud.]
1587 1541 253 66 London,
1875 1542 53 53 J.
1969 1542 175 68 Long.

151 1619 222 55 limited
434 1622 152 65 [1934]

218 1690 85 41 287
338 1701 43 37 p.
442 1690 116 40 19cm.

149 1760 1993 53 © 1c. Dec. 6, 1934; A ad int. 19735; pubd. Oct. 11; Lilian Anderson,
215 1822 295 44 Axminster,
536 1823 179 46 Devon,
746 1823 233 46 England.
1052 1820 249 50 (35-1883)

140 1925 247 66 Annett,
416 1923 229 67 Albert,
675 1929 171 50 1861-

213 2003 246 68 History
484 2004 63 52 of
572 2000 240 70 Jaffrey,
838 2005 138 52 New
1002 2002 366 68 Hampshire,
1454 2022 49 34 [v.
1532 2006 47 51 2.
1641 2004 122 51 The
1784 2006 359 65 generations

145 2082 63 51 of
255 2079 242 70 Jaifrey,
546 2083 138 52 New
732 2081 368 67 Hampshire,
1148 2082 281 65 arranged
1479 2081 150 54 after
1677 2082 148 52 their
1874 2081 267 54 families.

143 2157 242 70 Jaffrey,
412 2163 69 52 N.
510 2162 95 65 H.,
629 2160 313 51 Published
969 2160 74 66 by
1069 2161 97 51 the
1188 2163 171 63 town,
1387 2163 172 62 c1934]

216 2231 1928 52 xiii, [1] p., 1 l., 903 p. incl. front. (v. 2, port.) illus. (incl. coats of
146 2302 156 35 arms;
334 2291 179 47 forms)
580 2291 115 39 24cm.

214 2345 1108 48 Title from cover : vol. II has special t.-p.
217 2406 101 46 “By
344 2406 169 39 Albert
540 2405 185 38 Annett
749 2405 95 38 and
873 2403 134 41 Alice
1034 2404 51 37 E.
1115 2404 51 37 E.
1196 2401 279 42 Lehtinen.”

260 2464 242 38 Illustrated
535 2462 360 46 lining-papers.

214 2520 71 40 On
313 2530 139 29 cover
472 2531 8 27 :
512 2517 326 48 Genealogies.

147 2588 50 51 ©
231 2592 127 47 Sept.
389 2592 39 46 1,
461 2589 141 47 1934;
634 2588 66 41 2c.
736 2589 125 46 Sept.
893 2588 81 46 17;
1009 2587 79 40 aff.
1125 2587 124 48 Sept.
1282 2588 81 46 13;
1398 2588 41 38 A
1469 2586 170 48 74954;
1674 2588 147 39 Town
1854 2588 51 40 of
1938 2587 202 48 Jaffrey,

215 2649 116 39 New
360 2647 309 48 Hampshire,
700 2645 200 47 Jaffrey,
930 2646 55 38 N.
1016 2646 59 38 H.

145 2752 301 63 Anthony,
474 2750 155 53 John
657 2749 133 63 Jay.

215 2823 1926 69 Tax talk. “Thought moves the world.” Think! … Not
139 2907 273 52 intended
446 2905 93 52 for
570 2903 325 66 everydody
922 2903 268 66 [!]—only
1220 2904 159 53 those
1409 2903 125 52 who
1566 2920 104 34 can
1700 2902 197 53 think!
142 2904 1974 146 [Moscow,
302 2984 107 66 Id.,
433 2982 243 53 Printed
702 2982 75 65 by
804 2981 123 51 The
951 2979 227 54 Review
1205 2980 335 67 publishing
1568 2999 296 48 company,
1892 2984 172 62 c1934]

213 3057 68 47 39,
317 3058 53 49 [1]
403 3068 40 36 p.
505 3056 145 38 22½cm.

253 3114 256 41 Cover-title.

146 3182 50 51 ©
223 3187 113 46 May
359 3185 39 46 3,
423 3182 114 41 1934;
589 3181 66 40 2c.
681 3181 96 39 and
801 3178 81 40 aff.
906 3180 113 46 May
1044 3178 81 47 26;
1152 3178 41 39 A
1215 3178 144 40 72514;
1413 3179 42 39 J.
1484 3179 42 39 J.
1552 3179 241 47 Anthony,
1821 3181 221 40 Moscow,
2071 3181 68 37 Id.

141 3303 200 65 Asgis,
370 3301 210 54 Alfred
606 3299 175 56 John.

210 3381 96 52 An
334 3380 217 53 outline
579 3377 63 53 of
669 3377 194 51 dental
892 3375 485 53 socio-economics;
1441 3394 70 33 an
1539 3377 390 52 introduction
1959 3382 57 46 to
2045 3378 95 50 the

141 3457 429 54 fundamentals
600 3455 62 52 of
691 3455 228 66 general
950 3454 111 51 and
1091 3455 209 65 special
1330 3453 309 54 economics
1670 3453 232 67 applied
1929 3459 59 48 to
2019 3456 122 50 oral

141 3538 195 51 health
373 3535 212 53 service
615 3535 61 51 in
711 3533 99 51 the
843 3532 153 66 light
1029 3531 64 53 of
1129 3532 366 66 present-day
1532 3531 359 66 sociological
1928 3533 210 52 trends.

143 3609 1896 68 Illustrated with 10 tables and charts [by] Alfred J. Asgis …
143 3696 137 51 New
315 3691 178 65 York,
526 3692 70 51 N.
630 3691 91 63 Y.,
753 3688 123 53 The
906 3688 194 52 Allied
1136 3687 193 52 dental
1361 3687 237 66 council,
1632 3688 124 65 inc.,
1793 3691 148 49 1934.

211 3759 925 55 3 p. l., 72 numb. 1. diagrs. 27½cm.
214 3821 390 48 Mimeographed
636 3819 128 38 from
795 3816 327 49 type-written
1152 3828 128 36 copy.

146 3892 50 51 ©
222 3896 112 46 Apr.
358 3893 68 47 27,
450 3890 116 40 1934;
620 3889 65 40 2c.
712 3890 94 39 and
832 3887 80 40 aff.
939 3889 113 45 May
1077 3887 82 47 18;
1184 3887 42 39 A
1249 3886 170 51 71680;
1448 3887 157 44 Allied
1633 3887 164 42 dental
1823 3887 200 44 council,
2050 3890 92 39 inc.
