2350 4196
1137 4008 99 49 410

198 385 379 63 Montandon,
612 384 243 64 George,
891 381 170 54 1879-

332 459 1856 68 … La race, les races: mise au point d’ethnologie somatique.
200 539 156 54 Avec
389 543 28 48 8
450 537 362 69 graphiques,
845 540 65 49 20
943 535 224 70 figures,
1199 542 29 48 3
1264 544 176 48 cartes
1474 539 139 52 dans
1646 539 52 51 le
1728 543 169 63 texte,
1929 541 69 49 24

201 540 1961 142 planches et 1 carte hors texte … Paris, Payot, 1933.
273 687 1445 50 5 p. l., [13]-299 p. incl. illus., double tables, diagrs.
1779 687 55 39 24
1869 689 61 47 pl.
1964 699 58 29 on
2059 689 53 38 12
2181 720 8 15 l.,

201 744 1522 49 fold. map. 23 cm . ( On cover: Bibliothèque scientifique)
274 802 242 39 “Premier
545 801 168 48 tirage,
745 801 191 40 octobre
965 801 155 40 1933.”

275 857 417 49 “Bibliographie”
724 859 51 38 at
802 859 91 38 end
921 857 52 40 of
999 859 124 38 most
1153 857 49 39 of
1228 858 82 40 the
1338 856 221 41 sections.

206 912 50 51 ©
286 916 100 40 Oct.
413 916 69 47 25,
510 916 139 39 1933;
681 916 65 38 1c.
776 915 107 39 Jan.
912 915 67 40 17.
1009 913 139 48 1934;
1177 915 308 46 A-Foreign
1515 914 169 47 23561;
1717 915 167 46 Payot.

285 972 248 48 (34-8673)

208 1062 293 64 Muntsch,
534 1061 225 65 Albert,
793 1060 171 54 1873-

274 1136 1918 70 Cultural anthropology, by Albert Muntsch … New York,
202 1213 1811 69 Milwaukee [etc.] The Bruce publishing company [ c 1934]
275 1288 129 46 xxiv,
432 1288 84 39 421
545 1298 42 37 p.
648 1288 161 41 front.,
837 1288 172 50 plates,
1037 1289 146 46 ports.
1242 1286 54 39 22
1301 1289 43 20 cm
1349 1319 7 8 .
1427 1287 296 48 (Half-title:
1756 1286 192 41 Science
1978 1289 94 38 and
206 1287 1971 96 culture
338 1344 173 45 series)

277 1399 348 48 Bibliography
656 1402 51 38 at
738 1402 92 38 end
863 1400 52 39 of
945 1401 118 39 each
1094 1400 199 47 chapter
1326 1401 168 45 except
1528 1400 224 46 chapters
1786 1412 17 28 i
1838 1402 93 38 and
1965 1410 62 30 iv.

206 1455 55 51 ©
287 1459 109 40 Feb.
424 1458 39 46 9,
491 1458 141 45 1934;
663 1459 65 39 2c.
759 1460 94 37 and
883 1458 80 40 aff.
994 1460 119 37 Mar.
1143 1457 81 47 10;
1255 1458 41 38 A
1324 1458 168 40 69803;
1526 1459 159 39 Bruce
1711 1459 106 46 pub.
1849 1469 66 29 co.

283 1515 249 48 (34-7623)

275 1603 120 53 The
424 1621 128 36 new
582 1605 233 65 dealers,
843 1605 73 66 by
947 1601 297 57 Unofficial
1273 1605 274 51 observer.
1614 1607 137 53 New
1783 1604 177 67 York,
1994 1603 194 57 Simon

201 1683 112 51 and
344 1682 284 66 Schuster,
659 1686 148 50 1934.

278 1753 63 48 ix,
369 1754 87 39 414
479 1764 43 38 p.
582 1753 56 41 23½
670 1756 45 22 cm
720 1787 8 8 .

275 1809 242 41 Portraits
546 1821 60 29 on
634 1809 363 50 lining-papers.

207 1863 50 51 ©
287 1869 120 38 Mar.
436 1868 68 39 30.
533 1867 139 41 1934;
703 1868 66 39 2c.
798 1869 113 46 Apr.
941 1867 50 40 6:
1024 1867 79 40 aff.
1133 1868 110 47 Apr.
1275 1867 51 42 5;
1358 1868 45 39 A
1427 1866 168 48 70918;
1631 1867 163 41 Simon
1823 1869 93 38 and
1949 1867 242 42 Schuster,

276 1924 87 40 inc.
437 1924 249 48 (34-7597)

199 2013 144 53 New
372 2013 160 53 York
566 2015 216 66 (State)
867 2014 181 68 Laws,
1078 2020 253 62 statutes,
1363 2020 98 48 etc.

269 2092 117 51 The
420 2092 385 52 consolidated
836 2092 136 52 laws
1001 2092 62 51 of
1093 2093 136 52 New
1262 2093 177 55 York,
1472 2093 324 60 annotated,
1828 2111 58 33 as
1918 2092 272 53 amended

198 2176 59 46 to
309 2170 97 52 the
458 2171 141 51 close
653 2170 64 52 of
767 2171 92 51 the
915 2172 227 66 regular
1195 2171 207 51 session
1458 2170 62 51 of
1572 2171 96 52 the
1719 2170 353 68 Legislature
2128 2170 63 52 of

201 2250 151 64 1933,
393 2248 189 52 edited
620 2249 74 66 by
734 2250 192 51 Minor
968 2249 329 67 Bronaugh.
1339 2249 233 52 assisted

1612 2249 74 67 by
1727 2249 192 66 Ralph
1963 2249 224 55 Straub.

199 2326 162 52 Book
403 2329 79 49 61.
525 2329 179 51 Town
743 2329 126 49 law.
943 2327 339 67 Northport,
1324 2329 69 51 N.
1436 2329 90 52 Y.,
1568 2328 253 51 Edward
1863 2328 326 67 Thompson

199 2423 294 49 company,
528 2408 148 50 1933.

272 2479 98 46 xix,
400 2479 84 39 307
511 2488 42 37 p.
610 2478 54 40 23½
699 2481 43 20 cm
747 2510 7 7 .

274 2536 224 39 Lettered
527 2546 59 28 on
614 2546 138 28 cover
772 2546 7 28 :
810 2533 310 48 McKinney's
1149 2534 328 40 consolidated
1506 2536 119 38 laws
1655 2534 49 39 of
1732 2534 116 39 New
1876 2533 142 48 York,
203 2543 1972 88 annotated.

207 2645 50 51 ©
286 2649 119 47 Aug.
433 2648 39 46 9,
501 2648 112 39 1933;
672 2648 63 39 2c.
767 2649 92 38 and
890 2647 80 40 aff.
1000 2648 111 47 Apr.
1141 2647 66 41 19.
1237 2648 113 39 1934
1369 2658 7 28 :
1409 2648 39 37 A
1478 2647 138 40 71301;
1679 2647 210 40 Edward
1919 2647 272 45 Thompson

274 2716 66 30 co.

203 2796 145 51 New
377 2796 178 52 York.
630 2796 272 52 Museum
929 2794 62 53 of
1019 2795 241 52 modern
1288 2797 114 52 art.

271 2870 264 53 Machine
573 2875 106 62 art,
716 2870 201 53 March
959 2873 29 49 6
1023 2875 59 47 to
1119 2869 172 68 April
1329 2873 83 64 30,
1452 2873 148 49 1934.
1675 2870 137 52 New
1852 2870 178 55 York,
2070 2870 118 51 The

202 2946 259 54 Museum
488 2947 63 53 of
576 2948 235 52 modern
839 2953 89 47 art
981 2950 151 63 [1934]

277 3020 113 49 [115]
425 3031 43 37 p.
503 3020 107 40 incl.
648 3020 139 44 illus.,
822 3020 170 48 plates.
1053 3019 54 40 25½
1142 3021 41 22 cm
1188 3052 7 7 .

277 3075 1916 49 “Twenty-five hundred copies … were printed … by the Blanchard
203 3141 148 39 press,
383 3134 104 46 inc.,
517 3133 117 40 New
663 3132 172 40 York.”

277 3188 313 40 “Foreword”
637 3189 63 47 (p.
741 3188 168 50 [9-12])
955 3189 193 47 signed:
1186 3189 53 39 A.
1277 3188 60 40 H.
1375 3188 68 48 B.,
1479 3189 59 46 jr.
1615 3221 7 7 [i.
1661 3201 35 28 e.
1735 3188 168 40 Alfred
1942 3188 249 39 Hamilton

207 3242 167 51 Bari];
410 3245 230 49 “History
672 3246 51 39 of
752 3246 220 40 machine
1004 3245 105 41 art”
1152 3245 63 48 (p.
1253 3244 197 50 [13-17])
1492 3245 192 47 signed:
1720 3245 49 39 P.
1803 3244 42 41 J.
1884 3246 43 47 [i.
1963 3256 35 29 e.
2032 3244 159 47 Philip

205 3298 231 52 Johnson]

276 3355 174 42 “Short
479 3357 86 40 list
592 3357 51 40 of
670 3357 176 41 books”
866 3369 8 28 :
908 3367 42 38 p.
986 3358 83 49 [18]

207 3411 50 51 ©
290 3417 118 37 Mar.
442 3416 37 42 5,
512 3415 139 40 1934;
684 3416 65 39 2c.
783 3417 93 38 and
909 3416 80 40 aff.
1022 3417 119 38 Mar.
1174 3417 49 39 7;
1259 3416 39 37 A
1330 3416 168 39 70555:
1534 3417 220 38 Museum
1787 3416 51 39 of
1868 3416 196 38 modern
2097 3415 90 39 art.

285 3472 247 45 (34-7614)

200 3560 191 66 Nisot,
420 3564 136 51 Mrs.
590 3561 191 55 Mavis
814 3562 306 53 Elizabeth
1153 3561 326 65 (Hocking)
1520 3566 170 49 1893-

277 3637 232 69 Shortly
550 3638 195 53 before
782 3638 288 68 midnight…
1229 3638 74 68 by
1341 3638 299 53 Elizabeth
1679 3637 180 53 Nisot.
1935 3636 253 68 London,

208 3714 54 54 S.
294 3716 145 51 Paul
468 3717 44 49 &
540 3733 94 50 co.,
663 3716 101 53 ltd.
800 3718 170 66 [1934]

275 3786 84 40 288
391 3797 42 37 p.
496 3786 114 40 19cm.

208 3842 50 51 ©
298 3848 62 39 1c.
401 3848 118 37 Mar.
557 3847 39 40 3.
635 3846 138 39 1934;
814 3847 39 37 A
891 3848 60 38 ad
988 3847 86 40 int.
1113 3845 166 42 18798:
1320 3847 140 46 pubd.
1500 3847 108 39 Jan.
1647 3847 51 40 5:
1741 3847 155 39 Mavis
1936 3846 251 39 Elizabeth

277 3903 151 40 Nisot.
466 3903 204 40 Geneva.
709 3903 329 39 Switzerland.
1114 3903 247 48 (34-8986)
