2350 4196
1138 4011 132 49 1550

307 454 84 39 256
420 465 41 36 p.
519 453 53 39 19½cm

310 510 160 40 “First
500 511 252 46 published
784 511 46 38 in
863 512 112 38 Two
1007 512 120 39 book
1158 510 236 40 detective
1423 509 250 49 magazine
1705 511 126 39 issue
1866 512 49 37 of
1947 511 275 47 February-

240 568 178 44 March,
446 565 126 42 1934.
601 568 151 38 under
780 568 80 39 the
888 569 107 38 title
1022 568 112 39 ‘The
1162 568 144 39 death
1332 567 301 47 messenger'."

241 633 1983 50 © Nov. 1. 1934; 2c. and aff. Nov. 20: A 78198: Antliony Rud. Garden
309 694 121 46 City.
465 695 54 38 N.
553 695 51 36 Y.
678 694 277 40 (34-38720)

236 807 314 55 Saintsbury,
644 811 224 62 George
902 812 250 51 Edward
1183 811 309 62 Bateman,
1528 813 322 50 1845-1933.

307 886 402 68 Shakespeare,
750 889 73 65 by
864 888 219 68 George
1127 887 367 67 Saintsbury;
1539 888 139 51 with
1722 906 71 34 an
1834 887 388 67 appreciation

235 964 72 67 by
358 965 186 52 Helen
591 966 281 52 Waddell.
949 967 137 50 New
1137 965 175 55 York,
1362 966 120 51 The
1531 964 331 54 Macmillan
1915 983 303 48 company:

233 1040 360 70 Cambridge,
622 1045 165 65 Eng.,
818 1045 116 50 The
963 1043 333 66 University
1326 1061 172 47 press,
1530 1047 146 48 1934.

305 1116 79 38 131
422 1125 40 37 p.
525 1116 53 39 17
583 1119 42 19 cm
632 1148 7 7 .
711 1116 298 46 (Half-title:
1042 1117 100 38 The
1176 1114 286 48 Cambridge
1495 1116 294 45 miscellany,
1946 1115 12 44 XIV)

308 1172 1869 46 “This book contains the two chapters on Shakespeare contributed …
239 1231 45 36 to
318 1230 81 38 the
432 1229 111 38 fifth
577 1231 190 38 volume
800 1231 49 37 of
882 1231 80 38 the
997 1229 285 48 Cambridge
1313 1229 188 46 history
1539 1230 49 37 of
1622 1228 200 45 English
1856 1228 269 40 literature.
2187 1230 33 37 A

236 1285 94 39 few
357 1285 243 40 footnotes
628 1287 121 38 have
778 1288 115 37 been
921 1288 197 38 added."

238 1352 1968 108 © Nov. 13. 1934; 2c. and aff. Nov. 14: A 78069; Macmillan co. [Copyright is
533 1415 202 38 claimed
764 1426 57 26 on
853 1414 270 40 additional
1151 1415 335 38 introductory
1516 1413 240 48 material]
1830 1413 277 47 (31-38310)

233 1529 388 67 Schabacker,
657 1532 255 54 Richard
946 1532 269 65 Wallace,
1253 1535 167 49 1899-

306 1606 1919 70 Stock market profits, by R. W. Schabacker … New York
233 1685 132 68 city,
395 1686 66 52 B.
494 1685 59 54 C.
586 1686 210 53 Forbes
826 1686 335 68 publishing
1188 1703 279 51 company
1501 1718 12 33 [
1519 1690 17 22 c
1542 1687 149 63 1934]

305 1760 25 36 2
357 1768 41 37 p.
431 1760 7 36 l.,
500 1759 231 45 ix-xxvii,
759 1758 84 40 342
871 1768 41 38 p.
974 1759 162 45 front.,
1165 1758 177 47 diagrs.
1403 1757 54 40 23½
1491 1760 44 21 cm
1540 1790 9 8 ·

238 1826 1982 51 © Nov. 2. 1934; 1c. Nov. 7: aff. Nov. 8: A 77164: R. W. Schabacker.
305 1889 116 38 New
454 1889 141 38 York.
669 1888 277 46 (34-38504)

233 2004 308 65 Schubert,
577 2005 203 64 Marie,
819 2009 169 49 1890-

302 2080 1860 70 Famous paintings and their stories, by Marie Schubert …
231 2158 139 52 New
402 2159 179 67 York,
613 2158 231 55 Grosset
875 2160 44 49 &
950 2160 234 67 Dunlap
1221 2192 13 33 [
1239 2165 17 22 c
1261 2162 136 49 1934
1399 2192 12 34 ]

302 2231 26 37 48
386 2241 42 38 p.
492 2232 127 39 illus.
649 2233 134 45 (part
812 2232 112 40 col.:
957 2233 108 39 incl.
1098 2233 169 47 ports.)
1337 2231 55 40 25
1411 2241 31 29 x
1459 2231 54 40 31
1518 2234 43 21 cm
1566 2264 8 7 .

306 2287 70 41 On
406 2300 164 29 cover:
603 2289 132 40 With
767 2290 326 40 illustrations
1122 2292 92 36 and
1244 2293 137 36 notes
1411 2301 59 28 on
1501 2292 79 37 art
1607 2290 211 46 through
1848 2289 80 39 the
1960 2299 124 36 ages.

237 2358 1927 51 © Nov. 5, 1934; 2c. and aff. Nov. 8: A 77165: Grosset & Dunlap, inc.
314 2420 277 46 (34-38347)

232 2537 359 64 Sedgebury,
626 2538 260 55 Edwina.

299 2613 374 54 Realization,
723 2633 26 33 a
802 2615 160 51 novel
1013 2615 74 65 by
1136 2615 239 51 Edwina
1429 2615 345 67 Sedgebury.
1850 2616 137 51 New
2040 2615 178 65 York,

229 2690 326 54 Cincinnati
591 2697 135 62 [etc.]
759 2694 279 65 Benziger
1063 2692 274 55 brothers.
1367 2697 147 49 1934.

303 2765 62 40 ix.
396 2765 172 39 11-220
597 2776 40 37 p.
697 2764 53 39 19½
784 2767 42 21 cm
833 2797 7 7 .

236 2818 1900 50 © Nov. 14. 1934; 2c. Nov. 23: aff. Nov. 20: A 78224: Benziger bros.
313 2879 277 46 (34-38715)

231 2993 295 66 Shannon,
560 2995 313 53 Frederick
907 2996 298 57 Franklin,
1242 2998 169 52 1877-

300 3071 1893 67 Christ eternal, by Frederick F. Shannon … New York [etc.]
228 3149 1120 67 Fleming H. Revell company [ c 1934]
301 3222 362 47 153 p. 19½ cm .
234 3274 1927 52 © Oct. 13. 1934; 2c. and aff. Oct. 20: A 75879: Fleming H. Reveil co.
313 3336 277 39 (34-38547)

230 3448 424 67 Shoenherger,
684 3452 152 52 John
865 3453 89 62 H.,
987 3457 168 48 1851-

301 3525 169 53 From
505 3529 92 52 the
629 3529 176 54 Great
835 3529 153 52 lakes
1019 3535 56 45 to
1107 3529 92 51 the
1230 3528 236 55 Pacific:
1502 3529 333 67 pioneering
1867 3530 93 51 the
231 3529 1960 125 wilderness
396 3606 55 49 in
501 3608 150 51 1875.
696 3607 71 64 by
811 3609 53 51 J.
911 3608 74 50 H.
1035 3606 402 67 Shoenberger.
1484 3608 377 52 illustrations
1904 3608 74 65 by
2023 3607 190 64 Ralph

231 3679 255 53 Pereida.
565 3687 82 47 1st
688 3684 81 51 ed.
849 3682 114 54 San
1004 3684 270 54 Antonio,
1314 3686 117 50 Tex.,
1505 3686 120 51 The
1664 3686 217 66 Naylor
1920 3703 293 48 company.

232 3760 145 48 1934.

300 3829 1053 50 xvi, 211 p. front. (port.) plates. 21 cm .
234 3882 1783 51 © June 30. 1934; 2c. Nov. 9: aff. Nov. 12: A 78048: Naylor co.
310 3942 277 49 (34-38345)
