<alto xmlns="http://www.loc.gov/standards/alto/ns-v3#" xmlns:xlink="http://www.w3.org/1999/xlink" xmlns:xsi="http://www.w3.org/2001/XMLSchema-instance" xsi:schemaLocation="http://www.loc.gov/standards/alto/ns-v3# http://www.loc.gov/alto/v3/alto-3-0.xsd"><Description>
<MeasurementUnit>pixel</MeasurementUnit>
<sourceImageInformation>
<fileName>1934_v1_Part1.pdf</fileName>
</sourceImageInformation>
<OCRProcessing ID="IdOcr">
<ocrProcessingStep>
<processingDateTime>2019-01-10</processingDateTime>
<processingSoftware>
<softwareCreator>ABBYY</softwareCreator>
<softwareName>ABBYY Recognition Server</softwareName>
<softwareVersion>4.0</softwareVersion>
</processingSoftware>
</ocrProcessingStep>
</OCRProcessing>
</Description>
<Styles>
<ParagraphStyle ID="StyleId-FFFFFFFF-FFFF-FFFF-FFFF-FFFFFFFFFFFF-" ALIGN="Left" LEFT="0." RIGHT="0." FIRSTLINE="0."/>
<ParagraphStyle ID="StyleId-521E1FC6-FE7E-43A4-90E6-A9B61626A263-" ALIGN="Right" LEFT="0." RIGHT="0." FIRSTLINE="0." LINESPACE="13.30000019"/>
<ParagraphStyle ID="StyleId-639B624E-F6F5-47B6-BB1D-34E64B53022F-" ALIGN="Left" LEFT="0." RIGHT="0." FIRSTLINE="-27." LINESPACE="13.43999958"/>
<ParagraphStyle ID="StyleId-100905F9-D385-406B-A5BD-ED5B8FD85431-" ALIGN="Left" LEFT="0." RIGHT="0." FIRSTLINE="0."/>
<ParagraphStyle ID="StyleId-7C9F9BA2-EF3A-4B7F-8486-CCC7B7F49B39-" ALIGN="Left" LEFT="0." RIGHT="0." FIRSTLINE="-27." LINESPACE="18.71999931"/>
<ParagraphStyle ID="StyleId-350780E3-60F2-4605-88F5-BB54F9B87091-" ALIGN="Block" LEFT="0." RIGHT="0." FIRSTLINE="-27." LINESPACE="18.71999931"/>
<ParagraphStyle ID="StyleId-90B16C58-D795-4C77-9B89-30378C515D40-" ALIGN="Left" LEFT="0." RIGHT="0." FIRSTLINE="0." LINESPACE="14.39999962"/>
<ParagraphStyle ID="StyleId-17090E09-AFAF-4086-BD9B-4E99FAE6B057-" ALIGN="Right" LEFT="0." RIGHT="0." FIRSTLINE="-27." LINESPACE="14.39999962"/>
<ParagraphStyle ID="StyleId-8B87B633-89DB-4D72-B1FC-26E4ABD680BC-" ALIGN="Left" LEFT="0." RIGHT="0." FIRSTLINE="-27." LINESPACE="18.47999954"/>
<ParagraphStyle ID="StyleId-42DA7417-CA90-4D71-A57B-06556C38D752-" ALIGN="Left" LEFT="0." RIGHT="0." FIRSTLINE="0." LINESPACE="13.30000019"/>
<ParagraphStyle ID="StyleId-D8EE2A7E-42AE-4E35-98DB-F0F935637AA0-" ALIGN="Block" LEFT="0." RIGHT="0." FIRSTLINE="0." LINESPACE="6.599999905"/>
<ParagraphStyle ID="StyleId-33CD3121-D4F5-43B6-BA96-6382D166E6B8-" ALIGN="Left" LEFT="0." RIGHT="0." FIRSTLINE="0." LINESPACE="15.5"/>
<ParagraphStyle ID="StyleId-1CE52AFA-C319-4DD9-B4B1-F0EBFA2B3F0B-" ALIGN="Block" LEFT="0." RIGHT="0." FIRSTLINE="-21." LINESPACE="18.71999931"/>
<ParagraphStyle ID="StyleId-B74F1B65-92F1-49C5-A5FA-D20442F031F2-" ALIGN="Left" LEFT="0." RIGHT="0." FIRSTLINE="0." LINESPACE="17.70006076"/>
<ParagraphStyle ID="StyleId-79E2924A-215C-40B7-B577-7236BFBAA25E-" ALIGN="Center" LEFT="0." RIGHT="0." FIRSTLINE="0." LINESPACE="7.199999809"/>
</Styles>
<Layout>
<Page ID="Page557" PHYSICAL_IMG_NR="557" HEIGHT="4196" WIDTH="2350">
<TopMargin HEIGHT="379" WIDTH="2350" VPOS="0" HPOS="0">
</TopMargin>
<LeftMargin HEIGHT="3706" WIDTH="168" VPOS="379" HPOS="0">
</LeftMargin>
<RightMargin HEIGHT="3706" WIDTH="164" VPOS="379" HPOS="2186">
</RightMargin>
<BottomMargin HEIGHT="111" WIDTH="2350" VPOS="4085" HPOS="0">
</BottomMargin>
<PrintSpace HEIGHT="3706" WIDTH="2018" VPOS="379" HPOS="168">
<TextBlock ID="Page557_Block1" HEIGHT="66" WIDTH="112" VPOS="4019" HPOS="1123" LANG="en-US" STYLEREFS="StyleId-32FF693E-FB9C-445E-B65E-E54E9A3F6DB4-">
<TextLine HEIGHT="54" WIDTH="100" VPOS="4025" HPOS="1129">
<String CONTENT="557" HEIGHT="54" WIDTH="100" VPOS="4025" HPOS="1129"/>
</TextLine>
</TextBlock>
<TextBlock ID="Page557_Block2" HEIGHT="3655" WIDTH="2018" VPOS="379" HPOS="168" LANG="en-US" CS="1" STYLEREFS="StyleId-1C9882A5-64E9-454C-A32E-49EC34B85753-">
<Shape>
<Polygon POINTS="168,379 2186,379 2186,3946 667,3946 667,3947 666,3947 666,4034 168,4034 168,379"/>
</Shape>
<TextLine HEIGHT="49" WIDTH="996" VPOS="459" HPOS="248" CS="1">
<String CONTENT="&#8220;Typical" HEIGHT="47" WIDTH="227" VPOS="461" HPOS="248"/>
<SP HEIGHT="38" WIDTH="30" VPOS="462" HPOS="476"/>
<String CS="1" CONTENT="examinations&#8221;:" HEIGHT="40" WIDTH="385" VPOS="460" HPOS="507"/>
<SP HEIGHT="36" WIDTH="33" VPOS="472" HPOS="922"/>
<String CONTENT="p." HEIGHT="36" WIDTH="40" VPOS="472" HPOS="956"/>
<SP HEIGHT="39" WIDTH="32" VPOS="461" HPOS="997"/>
<String CONTENT="276-287." HEIGHT="41" WIDTH="214" VPOS="459" HPOS="1030"/>
</TextLine>
<TextLine HEIGHT="52" WIDTH="1993" VPOS="514" HPOS="180" CS="1">
<String CONTENT="&#169;" HEIGHT="51" WIDTH="54" VPOS="514" HPOS="180"/>
<SP HEIGHT="51" WIDTH="30" VPOS="514" HPOS="235"/>
<String CONTENT="Apr." HEIGHT="47" WIDTH="113" VPOS="519" HPOS="266"/>
<SP HEIGHT="39" WIDTH="33" VPOS="519" HPOS="380"/>
<String CONTENT="14," HEIGHT="45" WIDTH="68" VPOS="519" HPOS="414"/>
<SP HEIGHT="44" WIDTH="35" VPOS="520" HPOS="483"/>
<String CONTENT="1934;" HEIGHT="48" WIDTH="140" VPOS="518" HPOS="519"/>
<SP HEIGHT="47" WIDTH="36" VPOS="519" HPOS="660"/>
<String CONTENT="2c." HEIGHT="40" WIDTH="65" VPOS="519" HPOS="697"/>
<SP HEIGHT="40" WIDTH="36" VPOS="519" HPOS="763"/>
<String CONTENT="Apr." HEIGHT="47" WIDTH="110" VPOS="519" HPOS="800"/>
<SP HEIGHT="39" WIDTH="36" VPOS="518" HPOS="911"/>
<String CONTENT="28;" HEIGHT="46" WIDTH="81" VPOS="518" HPOS="948"/>
<SP HEIGHT="36" WIDTH="38" VPOS="528" HPOS="1030"/>
<String CS="1" CONTENT="aff."/>
<SP HEIGHT="39" WIDTH="34" VPOS="518" HPOS="1150"/>
<String CONTENT="Apr." HEIGHT="46" WIDTH="113" VPOS="518" HPOS="1185"/>
<SP HEIGHT="38" WIDTH="36" VPOS="518" HPOS="1299"/>
<String CS="1" CONTENT="27;" HEIGHT="39" WIDTH="54" VPOS="518" HPOS="1336"/>
<SP HEIGHT="47" WIDTH="35" VPOS="517" HPOS="1418"/>
<!-- cceid BF556C92-6C64-1014-8713-889FF4349C01 --><String CONTENT="A" HEIGHT="39" WIDTH="40" VPOS="517" HPOS="1454"/>
<SP HEIGHT="40" WIDTH="34" VPOS="517" HPOS="1495"/>
<String CONTENT="72238;" HEIGHT="47" WIDTH="169" VPOS="517" HPOS="1530"/>
<SP HEIGHT="46" WIDTH="38" VPOS="518" HPOS="1700"/>
<String CONTENT="A." HEIGHT="39" WIDTH="52" VPOS="518" HPOS="1739"/>
<SP HEIGHT="39" WIDTH="38" VPOS="518" HPOS="1792"/>
<String LANG="de" CONTENT="Freilich" HEIGHT="40" WIDTH="213" VPOS="517" HPOS="1831"/>
<SP HEIGHT="39" WIDTH="33" VPOS="520" HPOS="2045"/>
<String CONTENT="and" HEIGHT="38" WIDTH="94" VPOS="521" HPOS="2079"/>
</TextLine>
<TextLine HEIGHT="49" WIDTH="1926" VPOS="573" HPOS="248" CS="1">
<String CONTENT="Henry" HEIGHT="46" WIDTH="168" VPOS="576" HPOS="248"/>
<SP HEIGHT="46" WIDTH="41" VPOS="576" HPOS="417"/>
<String CONTENT="H." HEIGHT="37" WIDTH="57" VPOS="576" HPOS="459"/>
<SP HEIGHT="40" WIDTH="47" VPOS="575" HPOS="517"/>
<String CS="1" CONTENT="Shanholt," HEIGHT="47" WIDTH="250" VPOS="575" HPOS="565"/>
<SP HEIGHT="46" WIDTH="45" VPOS="576" HPOS="816"/>
<String CONTENT="Brooklyn," HEIGHT="47" WIDTH="258" VPOS="575" HPOS="862"/>
<SP HEIGHT="35" WIDTH="43" VPOS="585" HPOS="1121"/>
<String CONTENT="and" HEIGHT="38" WIDTH="94" VPOS="575" HPOS="1165"/>
<SP HEIGHT="39" WIDTH="43" VPOS="574" HPOS="1260"/>
<String CONTENT="Joseph" HEIGHT="47" WIDTH="180" VPOS="574" HPOS="1304"/>
<SP HEIGHT="38" WIDTH="42" VPOS="574" HPOS="1485"/>
<String CONTENT="P." HEIGHT="40" WIDTH="49" VPOS="574" HPOS="1528"/>
<SP HEIGHT="40" WIDTH="44" VPOS="574" HPOS="1578"/>
<String CONTENT="McCormack," HEIGHT="48" WIDTH="328" VPOS="573" HPOS="1623"/>
<SP HEIGHT="46" WIDTH="43" VPOS="575" HPOS="1952"/>
<String CONTENT="Bronx," HEIGHT="45" WIDTH="178" VPOS="575" HPOS="1996"/>
</TextLine>
<TextLine HEIGHT="48" WIDTH="487" VPOS="632" HPOS="247">
<String CONTENT="N." HEIGHT="40" WIDTH="55" VPOS="633" HPOS="247"/>
<SP HEIGHT="40" WIDTH="29" VPOS="633" HPOS="303"/>
<String CONTENT="Y." HEIGHT="39" WIDTH="52" VPOS="633" HPOS="333"/>
<SP HEIGHT="47" WIDTH="67" VPOS="632" HPOS="386"/>
<String CONTENT="(34-11405)" HEIGHT="48" WIDTH="280" VPOS="632" HPOS="454"/>
</TextLine>
<TextLine HEIGHT="65" WIDTH="715" VPOS="722" HPOS="180" STYLEREFS="StyleId-E604A854-B3C7-4F97-BB0D-39AA41E19181-" CS="1">
<String LANG="de" CS="1" CONTENT="Frobeni" HEIGHT="51" WIDTH="180" VPOS="723" HPOS="180"/>
<String LANG="en-US" CONTENT="us," HEIGHT="44" WIDTH="84" VPOS="739" HPOS="434"/>
<SP HEIGHT="60" WIDTH="31" VPOS="723" HPOS="519"/>
<String LANG="en-US" CONTENT="Leo," HEIGHT="64" WIDTH="136" VPOS="723" HPOS="551"/>
<SP HEIGHT="61" WIDTH="35" VPOS="726" HPOS="688"/>
<String LANG="en-US" CONTENT="1873-" HEIGHT="53" WIDTH="171" VPOS="722" HPOS="724"/>
</TextLine>
<TextLine HEIGHT="147" WIDTH="1971" VPOS="798" HPOS="174" STYLEREFS="StyleId-B88AA976-0607-48E3-98E2-4A980DC38E0F-" LANG="de" CS="1">
<String LANG="en-US" CS="1" CONTENT="&#8230;"/>
<SP HEIGHT="53" WIDTH="40" VPOS="801" HPOS="305"/>
<String CONTENT="Kulturgeschichte" HEIGHT="68" WIDTH="541" VPOS="800" HPOS="346"/>
<SP HEIGHT="51" WIDTH="29" VPOS="801" HPOS="888"/>
<String CONTENT="Afrikas;" HEIGHT="67" WIDTH="270" VPOS="799" HPOS="918"/>
<SP HEIGHT="49" WIDTH="35" VPOS="817" HPOS="1189"/>
<String LANG="en-US" CONTENT="prolegomena" HEIGHT="68" WIDTH="400" VPOS="798" HPOS="1225"/>
<SP HEIGHT="34" WIDTH="29" VPOS="817" HPOS="1626"/>
<String CONTENT="zu" HEIGHT="33" WIDTH="70" VPOS="818" HPOS="1656"/>
<SP HEIGHT="33" WIDTH="32" VPOS="818" HPOS="1727"/>
<String CONTENT="einer" HEIGHT="51" WIDTH="152" VPOS="800" HPOS="1760"/>
<SP HEIGHT="51" WIDTH="28" VPOS="800" HPOS="1913"/>
<String CONTENT="historischen" HEIGHT="130" WIDTH="1971" VPOS="800" HPOS="174"/>
<SP HEIGHT="50" WIDTH="27" VPOS="895" HPOS="343"/>
<String CONTENT="gestaltlehre" HEIGHT="68" WIDTH="364" VPOS="877" HPOS="371"/>
<SP HEIGHT="34" WIDTH="35" VPOS="898" HPOS="736"/>
<String CS="1" CONTENT="&#8230;"/>
<SP HEIGHT="32" WIDTH="86" VPOS="912" HPOS="826"/>
<String CONTENT="[Z&#252;rich]" HEIGHT="68" WIDTH="240" VPOS="876" HPOS="913"/>
<SP HEIGHT="65" WIDTH="33" VPOS="879" HPOS="1154"/>
<String CONTENT="Phaidon-verlag" HEIGHT="69" WIDTH="492" VPOS="875" HPOS="1188"/>
<SP HEIGHT="50" WIDTH="33" VPOS="894" HPOS="1681"/>
<String CONTENT="[" HEIGHT="33" WIDTH="12" VPOS="911" HPOS="1715"/>
<String STYLE="superscript" CONTENT="c" HEIGHT="20" WIDTH="17" VPOS="883" HPOS="1732"/>
<String CONTENT="1933]" HEIGHT="64" WIDTH="152" VPOS="880" HPOS="1754"/>
</TextLine>
<TextLine HEIGHT="51" WIDTH="1783" VPOS="948" HPOS="252" LANG="de" CS="1">
<String CONTENT="2" HEIGHT="39" WIDTH="25" VPOS="950" HPOS="252"/>
<SP/>
<String CS="1" CONTENT="p."/>
<SP/>
<String CS="1" CONTENT="l.," HEIGHT="17" WIDTH="8" VPOS="981" HPOS="420"/>
<SP HEIGHT="29" WIDTH="33" VPOS="970" HPOS="429"/>
<String CONTENT="[3]-652" HEIGHT="49" WIDTH="175" VPOS="950" HPOS="463"/>
<SP HEIGHT="48" WIDTH="29" VPOS="950" HPOS="639"/>
<String CONTENT="p." HEIGHT="37" WIDTH="41" VPOS="961" HPOS="669"/>
<SP HEIGHT="37" WIDTH="31" VPOS="952" HPOS="711"/>
<String LANG="en-US" CONTENT="inch" HEIGHT="39" WIDTH="108" VPOS="952" HPOS="743"/>
<SP HEIGHT="39" WIDTH="30" VPOS="951" HPOS="852"/>
<String CONTENT="front.," HEIGHT="46" WIDTH="164" VPOS="951" HPOS="883"/>
<SP HEIGHT="47" WIDTH="30" VPOS="950" HPOS="1048"/>
<String CONTENT="illus.," HEIGHT="46" WIDTH="141" VPOS="950" HPOS="1079"/>
<SP HEIGHT="47" WIDTH="31" VPOS="949" HPOS="1221"/>
<String CONTENT="164" HEIGHT="40" WIDTH="83" VPOS="949" HPOS="1253"/>
<SP HEIGHT="46" WIDTH="30" VPOS="951" HPOS="1337"/>
<String LANG="en-US" CS="1" CONTENT="pl." HEIGHT="37" WIDTH="62" VPOS="960" HPOS="1368"/>
<SP HEIGHT="28" WIDTH="30" VPOS="961" HPOS="1431"/>
<String LANG="en-US" CONTENT="on" HEIGHT="29" WIDTH="60" VPOS="960" HPOS="1462"/>
<SP HEIGHT="40" WIDTH="30" VPOS="949" HPOS="1523"/>
<String CONTENT="82" HEIGHT="40" WIDTH="54" VPOS="949" HPOS="1554"/>
<SP HEIGHT="39" WIDTH="30" VPOS="949" HPOS="1609"/>
<String CONTENT="1." HEIGHT="39" WIDTH="30" VPOS="950" HPOS="1640"/>
<SP HEIGHT="30" WIDTH="62" VPOS="959" HPOS="1671"/>
<String CONTENT="map." HEIGHT="37" WIDTH="124" VPOS="959" HPOS="1734"/>
<SP HEIGHT="40" WIDTH="59" VPOS="948" HPOS="1859"/>
<String CONTENT="22" HEIGHT="39" WIDTH="55" VPOS="948" HPOS="1919"/>
<String STYLE="superscript" CONTENT="cm" HEIGHT="20" WIDTH="43" VPOS="952" HPOS="1978"/>
<String CONTENT="." HEIGHT="8" WIDTH="7" VPOS="982" HPOS="2028"/>
</TextLine>
<TextLine HEIGHT="43" WIDTH="451" VPOS="1005" HPOS="251" LANG="de" CS="1">
<String CS="1" CONTENT="&#8220;1.-15." HEIGHT="42" WIDTH="169" VPOS="1005" HPOS="251"/>
<SP HEIGHT="37" WIDTH="32" VPOS="1010" HPOS="421"/>
<String CONTENT="tausend.&#8221;" HEIGHT="41" WIDTH="248" VPOS="1007" HPOS="454"/>
</TextLine>
<TextLine HEIGHT="48" WIDTH="1919" VPOS="1063" HPOS="254" LANG="de">
<String CONTENT="&#8220;&#220;bersicht" HEIGHT="41" WIDTH="286" VPOS="1063" HPOS="254"/>
<SP HEIGHT="39" WIDTH="51" VPOS="1065" HPOS="541"/>
<String CONTENT="&#252;ber" HEIGHT="39" WIDTH="117" VPOS="1065" HPOS="593"/>
<SP HEIGHT="39" WIDTH="54" VPOS="1066" HPOS="711"/>
<String CONTENT="die" HEIGHT="40" WIDTH="77" VPOS="1065" HPOS="766"/>
<SP HEIGHT="29" WIDTH="53" VPOS="1075" HPOS="844"/>
<String CONTENT="wichtigsten" HEIGHT="47" WIDTH="306" VPOS="1064" HPOS="898"/>
<SP HEIGHT="29" WIDTH="54" VPOS="1073" HPOS="1205"/>
<String CONTENT="Schriften" HEIGHT="40" WIDTH="238" VPOS="1063" HPOS="1260"/>
<SP HEIGHT="28" WIDTH="54" VPOS="1074" HPOS="1499"/>
<String CONTENT="von" HEIGHT="28" WIDTH="93" VPOS="1074" HPOS="1554"/>
<SP HEIGHT="39" WIDTH="52" VPOS="1063" HPOS="1648"/>
<String CONTENT="Leo" HEIGHT="40" WIDTH="93" VPOS="1063" HPOS="1701"/>
<SP HEIGHT="40" WIDTH="54" VPOS="1063" HPOS="1795"/>
<String CONTENT="Frobenius&#8221;:" HEIGHT="41" WIDTH="323" VPOS="1063" HPOS="1850"/>
</TextLine>
<TextLine HEIGHT="49" WIDTH="318" VPOS="1121" HPOS="183" LANG="de">
<String CONTENT="p." HEIGHT="37" WIDTH="39" VPOS="1129" HPOS="183"/>
<SP HEIGHT="30" WIDTH="30" VPOS="1140" HPOS="223"/>
<String CONTENT="[433]-434." HEIGHT="49" WIDTH="247" VPOS="1121" HPOS="254"/>
</TextLine>
<TextLine HEIGHT="52" WIDTH="1996" VPOS="1173" HPOS="180" LANG="de" CS="1">
<String CONTENT="&#169;" HEIGHT="52" WIDTH="50" VPOS="1173" HPOS="180"/>
<SP HEIGHT="52" WIDTH="32" VPOS="1173" HPOS="231"/>
<String CONTENT="Nov." HEIGHT="39" WIDTH="118" VPOS="1178" HPOS="264"/>
<SP HEIGHT="39" WIDTH="30" VPOS="1178" HPOS="383"/>
<String CONTENT="27," HEIGHT="47" WIDTH="70" VPOS="1178" HPOS="414"/>
<SP HEIGHT="45" WIDTH="32" VPOS="1180" HPOS="485"/>
<String CONTENT="1933;" HEIGHT="47" WIDTH="140" VPOS="1178" HPOS="518"/>
<SP/>
<String CS="1" CONTENT="1c."/>
<SP HEIGHT="38" WIDTH="35" VPOS="1180" HPOS="761"/>
<String CONTENT="Mar." HEIGHT="38" WIDTH="119" VPOS="1180" HPOS="797"/>
<SP HEIGHT="38" WIDTH="35" VPOS="1180" HPOS="917"/>
<String CONTENT="5," HEIGHT="45" WIDTH="38" VPOS="1180" HPOS="953"/>
<SP HEIGHT="45" WIDTH="33" VPOS="1180" HPOS="992"/>
<String CONTENT="1934;" HEIGHT="47" WIDTH="140" VPOS="1178" HPOS="1026"/>
<SP HEIGHT="46" WIDTH="34" VPOS="1179" HPOS="1167"/>
<!-- cceid BF55EB12-6C64-1014-8713-889FF4349C01 --><String CONTENT="A-Foreign" HEIGHT="48" WIDTH="312" VPOS="1177" HPOS="1202"/>
<SP HEIGHT="39" WIDTH="29" VPOS="1178" HPOS="1515"/>
<String CS="1" CONTENT="23930;" HEIGHT="41" WIDTH="146" VPOS="1177" HPOS="1545"/>
<SP HEIGHT="46" WIDTH="36" VPOS="1178" HPOS="1718"/>
<String CONTENT="Phaidon-verlag." HEIGHT="48" WIDTH="421" VPOS="1177" HPOS="1755"/>
</TextLine>
<TextLine HEIGHT="48" WIDTH="443" VPOS="1235" HPOS="248" LANG="de">
<String CONTENT="a.-g." HEIGHT="38" WIDTH="105" VPOS="1245" HPOS="248"/>
<SP HEIGHT="48" WIDTH="56" VPOS="1235" HPOS="354"/>
<String CONTENT="(34-12279)" HEIGHT="48" WIDTH="280" VPOS="1235" HPOS="411"/>
</TextLine>
<TextLine HEIGHT="67" WIDTH="467" VPOS="1310" HPOS="177" STYLEREFS="StyleId-E604A854-B3C7-4F97-BB0D-39AA41E19181-" LANG="de">
<String CONTENT="Fujikawa," HEIGHT="67" WIDTH="326" VPOS="1310" HPOS="177"/>
<SP HEIGHT="65" WIDTH="28" VPOS="1312" HPOS="504"/>
<String CONTENT="Yu." HEIGHT="55" WIDTH="111" VPOS="1312" HPOS="533"/>
</TextLine>
<TextLine HEIGHT="69" WIDTH="1868" VPOS="1388" HPOS="308" STYLEREFS="StyleId-B88AA976-0607-48E3-98E2-4A980DC38E0F-" CS="1">
<String LANG="de" CS="1" CONTENT="&#8230;"/>
<SP HEIGHT="54" WIDTH="47" VPOS="1389" HPOS="308"/>
<String LANG="de" CONTENT="Japanese" HEIGHT="67" WIDTH="285" VPOS="1389" HPOS="356"/>
<SP HEIGHT="33" WIDTH="40" VPOS="1409" HPOS="642"/>
<String LANG="en-US" CONTENT="medicine," HEIGHT="66" WIDTH="296" VPOS="1390" HPOS="683"/>
<SP HEIGHT="66" WIDTH="39" VPOS="1390" HPOS="980"/>
<String LANG="en-US" CONTENT="by" HEIGHT="67" WIDTH="76" VPOS="1390" HPOS="1020"/>
<SP HEIGHT="68" WIDTH="42" VPOS="1389" HPOS="1097"/>
<String LANG="de" CONTENT="Y." HEIGHT="52" WIDTH="71" VPOS="1389" HPOS="1140"/>
<SP HEIGHT="51" WIDTH="43" VPOS="1389" HPOS="1212"/>
<String LANG="de" CONTENT="Fujikawa," HEIGHT="68" WIDTH="323" VPOS="1388" HPOS="1256"/>
<SP HEIGHT="48" WIDTH="43" VPOS="1407" HPOS="1580"/>
<String LANG="de" CS="1" CONTENT="M." HEIGHT="10" WIDTH="10" VPOS="1431" HPOS="1681"/>
<SP HEIGHT="34" WIDTH="42" VPOS="1407" HPOS="1692"/>
<String LANG="de" CS="1" CONTENT="D.;" HEIGHT="48" WIDTH="39" VPOS="1408" HPOS="1773"/>
<SP HEIGHT="62" WIDTH="47" VPOS="1394" HPOS="1813"/>
<String LANG="en-US" CONTENT="translated" HEIGHT="51" WIDTH="315" VPOS="1390" HPOS="1861"/>
</TextLine>
<TextLine HEIGHT="70" WIDTH="1996" VPOS="1466" HPOS="181" STYLEREFS="StyleId-B88AA976-0607-48E3-98E2-4A980DC38E0F-" CS="1">
<String LANG="en-US" CONTENT="from" HEIGHT="50" WIDTH="150" VPOS="1469" HPOS="181"/>
<SP HEIGHT="48" WIDTH="32" VPOS="1471" HPOS="332"/>
<String LANG="en-US" CONTENT="the" HEIGHT="52" WIDTH="96" VPOS="1467" HPOS="365"/>
<SP HEIGHT="55" WIDTH="35" VPOS="1466" HPOS="462"/>
<String LANG="de" CONTENT="German" HEIGHT="55" WIDTH="251" VPOS="1466" HPOS="498"/>
<SP HEIGHT="52" WIDTH="32" VPOS="1468" HPOS="750"/>
<String LANG="en-US" CONTENT="by" HEIGHT="68" WIDTH="75" VPOS="1468" HPOS="783"/>
<SP HEIGHT="68" WIDTH="32" VPOS="1468" HPOS="859"/>
<String LANG="de" CONTENT="John" HEIGHT="54" WIDTH="156" VPOS="1468" HPOS="892"/>
<SP HEIGHT="52" WIDTH="35" VPOS="1468" HPOS="1049"/>
<String LANG="de" CONTENT="Ruhr&#228;h," HEIGHT="67" WIDTH="257" VPOS="1467" HPOS="1085"/>
<SP HEIGHT="48" WIDTH="33" VPOS="1486" HPOS="1343"/>
<String LANG="de" CS="1" CONTENT="M"/>
<String LANG="en-US" CONTENT="." HEIGHT="9" WIDTH="9" VPOS="1510" HPOS="1435"/>
<SP HEIGHT="33" WIDTH="36" VPOS="1486" HPOS="1445"/>
<String LANG="en-US" CS="1" CONTENT="D.," HEIGHT="25" WIDTH="29" VPOS="1509" HPOS="1520"/>
<SP HEIGHT="48" WIDTH="33" VPOS="1486" HPOS="1550"/>
<String LANG="en-US" CONTENT="with" HEIGHT="51" WIDTH="141" VPOS="1468" HPOS="1584"/>
<SP HEIGHT="50" WIDTH="36" VPOS="1469" HPOS="1726"/>
<String LANG="en-US" CONTENT="a" HEIGHT="33" WIDTH="30" VPOS="1486" HPOS="1763"/>
<SP HEIGHT="33" WIDTH="37" VPOS="1486" HPOS="1794"/>
<String LANG="en-US" CONTENT="chapter" HEIGHT="68" WIDTH="234" VPOS="1468" HPOS="1832"/>
<SP HEIGHT="33" WIDTH="36" VPOS="1487" HPOS="2067"/>
<String LANG="en-US" CONTENT="on" HEIGHT="33" WIDTH="73" VPOS="1487" HPOS="2104"/>
</TextLine>
<TextLine HEIGHT="71" WIDTH="1998" VPOS="1544" HPOS="177" STYLEREFS="StyleId-B88AA976-0607-48E3-98E2-4A980DC38E0F-">
<String CONTENT="The" HEIGHT="53" WIDTH="121" VPOS="1544" HPOS="177"/>
<SP HEIGHT="34" WIDTH="43" VPOS="1563" HPOS="299"/>
<String CONTENT="recent" HEIGHT="47" WIDTH="191" VPOS="1552" HPOS="343"/>
<SP HEIGHT="53" WIDTH="42" VPOS="1546" HPOS="535"/>
<String CONTENT="history" HEIGHT="69" WIDTH="223" VPOS="1545" HPOS="578"/>
<SP HEIGHT="49" WIDTH="45" VPOS="1565" HPOS="802"/>
<String CONTENT="of" HEIGHT="53" WIDTH="64" VPOS="1545" HPOS="848"/>
<SP HEIGHT="53" WIDTH="43" VPOS="1545" HPOS="913"/>
<String CONTENT="medicine" HEIGHT="53" WIDTH="279" VPOS="1545" HPOS="957"/>
<SP HEIGHT="52" WIDTH="42" VPOS="1546" HPOS="1237"/>
<String CONTENT="in" HEIGHT="51" WIDTH="61" VPOS="1546" HPOS="1280"/>
<SP HEIGHT="54" WIDTH="46" VPOS="1546" HPOS="1342"/>
<String CONTENT="Japan," HEIGHT="67" WIDTH="213" VPOS="1546" HPOS="1389"/>
<SP HEIGHT="67" WIDTH="43" VPOS="1546" HPOS="1603"/>
<String CONTENT="by" HEIGHT="67" WIDTH="76" VPOS="1546" HPOS="1647"/>
<SP HEIGHT="67" WIDTH="45" VPOS="1546" HPOS="1724"/>
<String CONTENT="Kageyas" HEIGHT="69" WIDTH="268" VPOS="1546" HPOS="1770"/>
<SP HEIGHT="52" WIDTH="46" VPOS="1548" HPOS="2039"/>
<String CONTENT="W." HEIGHT="52" WIDTH="89" VPOS="1548" HPOS="2086"/>
</TextLine>
<TextLine HEIGHT="72" WIDTH="2000" VPOS="1622" HPOS="176" STYLEREFS="StyleId-B88AA976-0607-48E3-98E2-4A980DC38E0F-" CS="1">
<String CONTENT="Amano" HEIGHT="53" WIDTH="224" VPOS="1622" HPOS="176"/>
<SP HEIGHT="33" WIDTH="31" VPOS="1642" HPOS="401"/>
<String CS="1" CONTENT="&#8230;"/>
<SP HEIGHT="33" WIDTH="29" VPOS="1642" HPOS="489"/>
<String CONTENT="with" HEIGHT="52" WIDTH="141" VPOS="1623" HPOS="519"/>
<SP HEIGHT="53" WIDTH="26" VPOS="1624" HPOS="661"/>
<String CONTENT="8" HEIGHT="49" WIDTH="29" VPOS="1628" HPOS="688"/>
<SP HEIGHT="52" WIDTH="24" VPOS="1625" HPOS="718"/>
<String CONTENT="illustrations." HEIGHT="53" WIDTH="397" VPOS="1624" HPOS="743"/>
<SP HEIGHT="53" WIDTH="74" VPOS="1624" HPOS="1141"/>
<String CONTENT="New" HEIGHT="53" WIDTH="137" VPOS="1624" HPOS="1216"/>
<SP HEIGHT="52" WIDTH="27" VPOS="1625" HPOS="1354"/>
<String CONTENT="York," HEIGHT="67" WIDTH="180" VPOS="1624" HPOS="1382"/>
<SP HEIGHT="66" WIDTH="25" VPOS="1625" HPOS="1563"/>
<String CONTENT="P." HEIGHT="52" WIDTH="66" VPOS="1625" HPOS="1589"/>
<SP HEIGHT="51" WIDTH="27" VPOS="1626" HPOS="1656"/>
<String CONTENT="B." HEIGHT="51" WIDTH="66" VPOS="1626" HPOS="1684"/>
<SP HEIGHT="52" WIDTH="26" VPOS="1625" HPOS="1751"/>
<String CONTENT="Hoeber," HEIGHT="68" WIDTH="245" VPOS="1625" HPOS="1778"/>
<SP HEIGHT="66" WIDTH="25" VPOS="1627" HPOS="2024"/>
<String CONTENT="inc.," HEIGHT="67" WIDTH="126" VPOS="1627" HPOS="2050"/>
</TextLine>
<TextLine HEIGHT="50" WIDTH="150" VPOS="1703" HPOS="178" STYLEREFS="StyleId-B88AA976-0607-48E3-98E2-4A980DC38E0F-">
<String CONTENT="1934." HEIGHT="50" WIDTH="150" VPOS="1703" HPOS="178"/>
</TextLine>
<TextLine HEIGHT="52" WIDTH="1925" VPOS="1773" HPOS="244" CS="1">
<String CONTENT="xiii," HEIGHT="48" WIDTH="103" VPOS="1773" HPOS="244"/>
<SP HEIGHT="45" WIDTH="30" VPOS="1776" HPOS="348"/>
<String CONTENT="114" HEIGHT="40" WIDTH="85" VPOS="1774" HPOS="379"/>
<SP HEIGHT="46" WIDTH="32" VPOS="1776" HPOS="465"/>
<String CONTENT="p." HEIGHT="37" WIDTH="41" VPOS="1785" HPOS="498"/>
<SP HEIGHT="38" WIDTH="74" VPOS="1775" HPOS="540"/>
<String CONTENT="illus.," HEIGHT="48" WIDTH="143" VPOS="1775" HPOS="615"/>
<SP HEIGHT="38" WIDTH="32" VPOS="1786" HPOS="759"/>
<String CONTENT="plates," HEIGHT="47" WIDTH="170" VPOS="1777" HPOS="792"/>
<SP HEIGHT="38" WIDTH="34" VPOS="1786" HPOS="963"/>
<String CONTENT="ports." HEIGHT="46" WIDTH="146" VPOS="1777" HPOS="998"/>
<SP HEIGHT="37" WIDTH="75" VPOS="1777" HPOS="1145"/>
<String CONTENT="17" HEIGHT="39" WIDTH="55" VPOS="1777" HPOS="1221"/>
<String STYLE="superscript" CONTENT="cm" HEIGHT="20" WIDTH="44" VPOS="1778" HPOS="1279"/>
<String CONTENT="." HEIGHT="8" WIDTH="8" VPOS="1806" HPOS="1327"/>
<SP/>
<String CONTENT="(Half-title:" HEIGHT="48" WIDTH="299" VPOS="1776" HPOS="1423"/>
<SP HEIGHT="40" WIDTH="34" VPOS="1777" HPOS="1723"/>
<String CONTENT="Clio" HEIGHT="40" WIDTH="101" VPOS="1777" HPOS="1758"/>
<SP HEIGHT="28" WIDTH="34" VPOS="1788" HPOS="1860"/>
<String CS="1" CONTENT="medica;" HEIGHT="41" WIDTH="184" VPOS="1778" HPOS="1895"/>
<SP HEIGHT="35" WIDTH="39" VPOS="1790" HPOS="2108"/>
<String CONTENT="a" HEIGHT="29" WIDTH="21" VPOS="1791" HPOS="2148"/>
</TextLine>
<TextLine HEIGHT="49" WIDTH="1440" VPOS="1831" HPOS="176" CS="1">
<String CONTENT="series" HEIGHT="41" WIDTH="151" VPOS="1831" HPOS="176"/>
<SP HEIGHT="30" WIDTH="23" VPOS="1842" HPOS="328"/>
<String CONTENT="of" HEIGHT="41" WIDTH="50" VPOS="1831" HPOS="352"/>
<SP HEIGHT="48" WIDTH="23" VPOS="1831" HPOS="403"/>
<String CONTENT="primers" HEIGHT="48" WIDTH="205" VPOS="1831" HPOS="427"/>
<SP HEIGHT="30" WIDTH="23" VPOS="1842" HPOS="633"/>
<String CONTENT="on" HEIGHT="28" WIDTH="59" VPOS="1844" HPOS="657"/>
<SP HEIGHT="38" WIDTH="26" VPOS="1834" HPOS="717"/>
<String CONTENT="the" HEIGHT="40" WIDTH="82" VPOS="1832" HPOS="744"/>
<SP HEIGHT="38" WIDTH="23" VPOS="1833" HPOS="827"/>
<String CONTENT="history" HEIGHT="48" WIDTH="188" VPOS="1832" HPOS="851"/>
<SP HEIGHT="37" WIDTH="25" VPOS="1843" HPOS="1040"/>
<String CONTENT="of" HEIGHT="40" WIDTH="51" VPOS="1832" HPOS="1066"/>
<SP HEIGHT="39" WIDTH="23" VPOS="1832" HPOS="1118"/>
<String CONTENT="medicine" HEIGHT="40" WIDTH="235" VPOS="1832" HPOS="1142"/>
<SP HEIGHT="30" WIDTH="29" VPOS="1842" HPOS="1378"/>
<String CS="1" CONTENT="&#8230;"/>
<SP HEIGHT="28" WIDTH="62" VPOS="1844" HPOS="1456"/>
<String CS="1" CONTENT="XII)" HEIGHT="46" WIDTH="13" VPOS="1833" HPOS="1603"/>
</TextLine>
<TextLine HEIGHT="48" WIDTH="882" VPOS="1888" HPOS="245">
<String CONTENT="Brief" HEIGHT="39" WIDTH="140" VPOS="1888" HPOS="245"/>
<SP HEIGHT="39" WIDTH="24" VPOS="1889" HPOS="386"/>
<String CONTENT="series" HEIGHT="40" WIDTH="148" VPOS="1888" HPOS="411"/>
<SP HEIGHT="38" WIDTH="27" VPOS="1891" HPOS="560"/>
<String CONTENT="title" HEIGHT="41" WIDTH="108" VPOS="1888" HPOS="588"/>
<SP HEIGHT="30" WIDTH="25" VPOS="1899" HPOS="697"/>
<String CONTENT="at" HEIGHT="38" WIDTH="53" VPOS="1891" HPOS="723"/>
<SP HEIGHT="40" WIDTH="22" VPOS="1889" HPOS="777"/>
<String CONTENT="head" HEIGHT="40" WIDTH="124" VPOS="1889" HPOS="800"/>
<SP HEIGHT="39" WIDTH="25" VPOS="1890" HPOS="925"/>
<String CONTENT="of" HEIGHT="40" WIDTH="53" VPOS="1889" HPOS="951"/>
<SP HEIGHT="40" WIDTH="25" VPOS="1889" HPOS="1005"/>
<String CONTENT="t.-p." HEIGHT="45" WIDTH="96" VPOS="1891" HPOS="1031"/>
</TextLine>
<TextLine HEIGHT="48" WIDTH="645" VPOS="1944" HPOS="246">
<String CONTENT="Includes" HEIGHT="40" WIDTH="224" VPOS="1945" HPOS="246"/>
<SP HEIGHT="39" WIDTH="27" VPOS="1946" HPOS="471"/>
<String CONTENT="bibliographies." HEIGHT="48" WIDTH="392" VPOS="1944" HPOS="499"/>
</TextLine>
<TextLine HEIGHT="55" WIDTH="1994" VPOS="1997" HPOS="180" CS="1">
<String CONTENT="&#169;" HEIGHT="51" WIDTH="52" VPOS="1997" HPOS="180"/>
<SP HEIGHT="51" WIDTH="24" VPOS="1997" HPOS="233"/>
<String CONTENT="Apr." HEIGHT="48" WIDTH="112" VPOS="2001" HPOS="258"/>
<SP HEIGHT="39" WIDTH="27" VPOS="2001" HPOS="371"/>
<String CONTENT="9," HEIGHT="47" WIDTH="37" VPOS="2001" HPOS="399"/>
<SP HEIGHT="46" WIDTH="28" VPOS="2002" HPOS="437"/>
<String CONTENT="1934;" HEIGHT="46" WIDTH="140" VPOS="2001" HPOS="466"/>
<SP HEIGHT="46" WIDTH="29" VPOS="2001" HPOS="607"/>
<String CONTENT="2c." HEIGHT="40" WIDTH="65" VPOS="2001" HPOS="637"/>
<SP HEIGHT="37" WIDTH="27" VPOS="2002" HPOS="703"/>
<String CONTENT="Apr." HEIGHT="46" WIDTH="112" VPOS="2002" HPOS="731"/>
<SP HEIGHT="37" WIDTH="29" VPOS="2004" HPOS="844"/>
<String CONTENT="14;" HEIGHT="45" WIDTH="79" VPOS="2003" HPOS="874"/>
<SP HEIGHT="36" WIDTH="30" VPOS="2012" HPOS="954"/>
<String CONTENT="aff." HEIGHT="40" WIDTH="81" VPOS="2001" HPOS="985"/>
<SP HEIGHT="38" WIDTH="27" VPOS="2002" HPOS="1067"/>
<String CONTENT="Apr." HEIGHT="47" WIDTH="112" VPOS="2002" HPOS="1095"/>
<SP HEIGHT="38" WIDTH="27" VPOS="2003" HPOS="1208"/>
<String CONTENT="19;" HEIGHT="47" WIDTH="81" VPOS="2002" HPOS="1236"/>
<SP HEIGHT="46" WIDTH="30" VPOS="2003" HPOS="1318"/>
<!-- cceid BF566346-6C64-1014-8713-889FF4349C01 --><String CONTENT="A" HEIGHT="37" WIDTH="39" VPOS="2003" HPOS="1349"/>
<SP HEIGHT="39" WIDTH="26" VPOS="2003" HPOS="1389"/>
<String CONTENT="71285;" HEIGHT="47" WIDTH="170" VPOS="2002" HPOS="1416"/>
<SP HEIGHT="45" WIDTH="30" VPOS="2004" HPOS="1587"/>
<String CONTENT="Paul" HEIGHT="39" WIDTH="122" VPOS="2004" HPOS="1618"/>
<SP HEIGHT="38" WIDTH="27" VPOS="2005" HPOS="1741"/>
<String CS="1" CONTENT="B." HEIGHT="38" WIDTH="38" VPOS="2005" HPOS="1769"/>
<SP HEIGHT="40" WIDTH="28" VPOS="2005" HPOS="1824"/>
<String CONTENT="Hoeber," HEIGHT="47" WIDTH="203" VPOS="2005" HPOS="1853"/>
<SP HEIGHT="46" WIDTH="28" VPOS="2006" HPOS="2057"/>
<String CONTENT="inc." HEIGHT="40" WIDTH="88" VPOS="2006" HPOS="2086"/>
</TextLine>
<TextLine HEIGHT="48" WIDTH="279" VPOS="2058" HPOS="258" CS="1">
<String CONTENT="(34-11982)" HEIGHT="48" WIDTH="279" VPOS="2058" HPOS="258"/>
<SP/>
</TextLine>
<TextLine HEIGHT="66" WIDTH="970" VPOS="2131" HPOS="174" STYLEREFS="StyleId-E604A854-B3C7-4F97-BB0D-39AA41E19181-">
<String CONTENT="Gehrkens," HEIGHT="66" WIDTH="327" VPOS="2131" HPOS="174"/>
<SP HEIGHT="62" WIDTH="27" VPOS="2135" HPOS="502"/>
<String CONTENT="Karl" HEIGHT="51" WIDTH="144" VPOS="2135" HPOS="530"/>
<SP HEIGHT="54" WIDTH="30" VPOS="2135" HPOS="675"/>
<String CONTENT="Wilson," HEIGHT="59" WIDTH="237" VPOS="2135" HPOS="706"/>
<SP HEIGHT="54" WIDTH="30" VPOS="2140" HPOS="944"/>
<String CONTENT="1882-" HEIGHT="49" WIDTH="169" VPOS="2138" HPOS="975"/>
</TextLine>
<TextLine HEIGHT="69" WIDTH="1929" VPOS="2212" HPOS="247" STYLEREFS="StyleId-B88AA976-0607-48E3-98E2-4A980DC38E0F-" CS="1">
<String CONTENT="Music" HEIGHT="54" WIDTH="186" VPOS="2212" HPOS="247"/>
<SP HEIGHT="53" WIDTH="38" VPOS="2213" HPOS="434"/>
<String CONTENT="in" HEIGHT="52" WIDTH="60" VPOS="2213" HPOS="473"/>
<SP HEIGHT="47" WIDTH="38" VPOS="2218" HPOS="534"/>
<String CONTENT="the" HEIGHT="52" WIDTH="98" VPOS="2213" HPOS="573"/>
<SP HEIGHT="50" WIDTH="38" VPOS="2231" HPOS="672"/>
<String CONTENT="grade" HEIGHT="68" WIDTH="178" VPOS="2213" HPOS="711"/>
<SP HEIGHT="33" WIDTH="36" VPOS="2232" HPOS="890"/>
<String CONTENT="schools" HEIGHT="53" WIDTH="220" VPOS="2213" HPOS="927"/>
<SP HEIGHT="67" WIDTH="27" VPOS="2213" HPOS="1148"/>
<String CONTENT="(grades" HEIGHT="68" WIDTH="231" VPOS="2213" HPOS="1176"/>
<SP HEIGHT="49" WIDTH="43" VPOS="2218" HPOS="1408"/>
<String CONTENT="1-6)," HEIGHT="68" WIDTH="155" VPOS="2213" HPOS="1452"/>
<SP HEIGHT="66" WIDTH="40" VPOS="2214" HPOS="1608"/>
<String CONTENT="by" HEIGHT="67" WIDTH="76" VPOS="2214" HPOS="1649"/>
<SP HEIGHT="65" WIDTH="39" VPOS="2216" HPOS="1726"/>
<String CONTENT="Karl" HEIGHT="51" WIDTH="147" VPOS="2216" HPOS="1766"/>
<SP HEIGHT="52" WIDTH="39" VPOS="2217" HPOS="1914"/>
<String CONTENT="Wilson" HEIGHT="53" WIDTH="222" VPOS="2216" HPOS="1954"/>
</TextLine>
<TextLine HEIGHT="70" WIDTH="1650" VPOS="2290" HPOS="178" STYLEREFS="StyleId-B88AA976-0607-48E3-98E2-4A980DC38E0F-" CS="1">
<String CONTENT="Gehrkens" HEIGHT="54" WIDTH="294" VPOS="2291" HPOS="178"/>
<SP HEIGHT="33" WIDTH="41" VPOS="2310" HPOS="473"/>
<String CS="1" CONTENT="&#8230;"/>
<SP HEIGHT="51" WIDTH="78" VPOS="2292" HPOS="570"/>
<String CONTENT="Boston," HEIGHT="61" WIDTH="236" VPOS="2292" HPOS="649"/>
<SP HEIGHT="63" WIDTH="33" VPOS="2290" HPOS="886"/>
<String CONTENT="C." HEIGHT="54" WIDTH="62" VPOS="2290" HPOS="920"/>
<SP HEIGHT="54" WIDTH="37" VPOS="2290" HPOS="983"/>
<String CONTENT="C." HEIGHT="54" WIDTH="61" VPOS="2290" HPOS="1021"/>
<SP HEIGHT="51" WIDTH="35" VPOS="2292" HPOS="1083"/>
<String CONTENT="Birchard" HEIGHT="53" WIDTH="283" VPOS="2292" HPOS="1119"/>
<SP HEIGHT="51" WIDTH="34" VPOS="2294" HPOS="1403"/>
<String CONTENT="&amp;" HEIGHT="49" WIDTH="45" VPOS="2294" HPOS="1438"/>
<SP HEIGHT="50" WIDTH="33" VPOS="2294" HPOS="1484"/>
<String CONTENT="co." HEIGHT="33" WIDTH="77" VPOS="2311" HPOS="1518"/>
<SP HEIGHT="33" WIDTH="40" VPOS="2326" HPOS="1596"/>
<String CONTENT="[" HEIGHT="33" WIDTH="12" VPOS="2326" HPOS="1637"/>
<String STYLE="superscript" CONTENT="c" HEIGHT="20" WIDTH="17" VPOS="2299" HPOS="1655"/>
<String CONTENT="1934]" HEIGHT="64" WIDTH="150" VPOS="2296" HPOS="1678"/>
</TextLine>
<TextLine HEIGHT="50" WIDTH="1913" VPOS="2363" HPOS="245" CS="1">
<String CONTENT="7" HEIGHT="39" WIDTH="26" VPOS="2367" HPOS="245"/>
<SP HEIGHT="46" WIDTH="34" VPOS="2367" HPOS="272"/>
<String CS="1" CONTENT="p."/>
<SP/>
<String CS="1" CONTENT="l.," HEIGHT="15" WIDTH="7" VPOS="2397" HPOS="423"/>
<SP HEIGHT="49" WIDTH="35" VPOS="2363" HPOS="431"/>
<String CONTENT="233" HEIGHT="42" WIDTH="84" VPOS="2363" HPOS="467"/>
<SP HEIGHT="46" WIDTH="35" VPOS="2366" HPOS="552"/>
<String CONTENT="p." HEIGHT="37" WIDTH="40" VPOS="2375" HPOS="588"/>
<SP HEIGHT="39" WIDTH="76" VPOS="2364" HPOS="629"/>
<String CONTENT="illus." HEIGHT="40" WIDTH="127" VPOS="2364" HPOS="706"/>
<SP HEIGHT="49" WIDTH="32" VPOS="2363" HPOS="834"/>
<String CONTENT="(inch" HEIGHT="49" WIDTH="131" VPOS="2363" HPOS="867"/>
<SP HEIGHT="39" WIDTH="35" VPOS="2365" HPOS="999"/>
<String CONTENT="music)" HEIGHT="47" WIDTH="176" VPOS="2363" HPOS="1035"/>
<SP HEIGHT="46" WIDTH="83" VPOS="2364" HPOS="1212"/>
<String CS="1" CONTENT="20&#189;" HEIGHT="40" WIDTH="56" VPOS="2364" HPOS="1296"/>
<String STYLE="superscript" CONTENT="cm" HEIGHT="20" WIDTH="43" VPOS="2367" HPOS="1384"/>
<String CONTENT="." HEIGHT="7" WIDTH="8" VPOS="2397" HPOS="1434"/>
<SP HEIGHT="47" WIDTH="84" VPOS="2365" HPOS="1443"/>
<String CONTENT="(On" HEIGHT="47" WIDTH="98" VPOS="2365" HPOS="1528"/>
<SP HEIGHT="30" WIDTH="34" VPOS="2375" HPOS="1627"/>
<String CONTENT="cover:" HEIGHT="32" WIDTH="162" VPOS="2374" HPOS="1662"/>
<SP HEIGHT="37" WIDTH="34" VPOS="2368" HPOS="1825"/>
<String CONTENT="The" HEIGHT="41" WIDTH="99" VPOS="2368" HPOS="1860"/>
<SP HEIGHT="40" WIDTH="38" VPOS="2369" HPOS="1960"/>
<String CS="1" CONTENT="Laurel" HEIGHT="39" WIDTH="159" VPOS="2369" HPOS="1999"/>
</TextLine>
<TextLine HEIGHT="47" WIDTH="207" VPOS="2422" HPOS="176">
<String CONTENT="library)" HEIGHT="47" WIDTH="207" VPOS="2422" HPOS="176"/>
</TextLine>
<TextLine HEIGHT="52" WIDTH="1943" VPOS="2475" HPOS="181" CS="1">
<String CONTENT="&#169;" HEIGHT="52" WIDTH="51" VPOS="2475" HPOS="181"/>
<SP HEIGHT="52" WIDTH="26" VPOS="2475" HPOS="233"/>
<String CONTENT="Apr." HEIGHT="47" WIDTH="111" VPOS="2480" HPOS="260"/>
<SP HEIGHT="40" WIDTH="28" VPOS="2479" HPOS="372"/>
<String CONTENT="6," HEIGHT="46" WIDTH="37" VPOS="2479" HPOS="401"/>
<SP HEIGHT="45" WIDTH="29" VPOS="2480" HPOS="439"/>
<String CS="1" CONTENT="1934;" HEIGHT="40" WIDTH="113" VPOS="2478" HPOS="469"/>
<SP HEIGHT="46" WIDTH="27" VPOS="2477" HPOS="610"/>
<String CONTENT="2c." HEIGHT="41" WIDTH="67" VPOS="2477" HPOS="638"/>
<SP HEIGHT="40" WIDTH="28" VPOS="2478" HPOS="706"/>
<String CONTENT="May" HEIGHT="42" WIDTH="113" VPOS="2478" HPOS="735"/>
<SP HEIGHT="44" WIDTH="26" VPOS="2476" HPOS="849"/>
<String CONTENT="2;" HEIGHT="47" WIDTH="52" VPOS="2476" HPOS="876"/>
<SP HEIGHT="36" WIDTH="30" VPOS="2487" HPOS="929"/>
<String CONTENT="aff." HEIGHT="41" WIDTH="80" VPOS="2476" HPOS="960"/>
<SP HEIGHT="40" WIDTH="28" VPOS="2477" HPOS="1041"/>
<String CONTENT="May" HEIGHT="47" WIDTH="112" VPOS="2477" HPOS="1070"/>
<SP HEIGHT="47" WIDTH="26" VPOS="2477" HPOS="1183"/>
<String CONTENT="1;" HEIGHT="47" WIDTH="52" VPOS="2477" HPOS="1210"/>
<SP HEIGHT="46" WIDTH="29" VPOS="2478" HPOS="1263"/>
<!-- cceid BF56E3BA-6C64-1014-8713-889FF4349C01 --><String CONTENT="A" HEIGHT="38" WIDTH="41" VPOS="2478" HPOS="1293"/>
<SP HEIGHT="40" WIDTH="26" VPOS="2478" HPOS="1335"/>
<String CONTENT="72282;" HEIGHT="47" WIDTH="171" VPOS="2477" HPOS="1362"/>
<SP HEIGHT="46" WIDTH="31" VPOS="2478" HPOS="1534"/>
<String CONTENT="C." HEIGHT="40" WIDTH="46" VPOS="2478" HPOS="1566"/>
<SP HEIGHT="40" WIDTH="31" VPOS="2479" HPOS="1613"/>
<String CONTENT="C." HEIGHT="41" WIDTH="49" VPOS="2479" HPOS="1645"/>
<SP HEIGHT="40" WIDTH="28" VPOS="2480" HPOS="1695"/>
<String CONTENT="Birchard" HEIGHT="41" WIDTH="240" VPOS="2478" HPOS="1724"/>
<SP HEIGHT="40" WIDTH="27" VPOS="2480" HPOS="1965"/>
<String CONTENT="&amp;" HEIGHT="40" WIDTH="40" VPOS="2480" HPOS="1993"/>
<SP HEIGHT="40" WIDTH="23" VPOS="2480" HPOS="2034"/>
<String CONTENT="co." HEIGHT="31" WIDTH="66" VPOS="2490" HPOS="2058"/>
</TextLine>
<TextLine HEIGHT="50" WIDTH="280" VPOS="2534" HPOS="258">
<String CONTENT="(34-11992)" HEIGHT="50" WIDTH="280" VPOS="2534" HPOS="258"/>
</TextLine>
<TextLine HEIGHT="66" WIDTH="1149" VPOS="2610" HPOS="175" STYLEREFS="StyleId-E604A854-B3C7-4F97-BB0D-39AA41E19181-">
<String CONTENT="Goode," HEIGHT="64" WIDTH="211" VPOS="2612" HPOS="175"/>
<SP HEIGHT="65" WIDTH="28" VPOS="2611" HPOS="387"/>
<String CONTENT="Kenneth" HEIGHT="52" WIDTH="277" VPOS="2611" HPOS="416"/>
<SP HEIGHT="52" WIDTH="27" VPOS="2611" HPOS="694"/>
<String CONTENT="Mackarness," HEIGHT="65" WIDTH="401" VPOS="2610" HPOS="722"/>
<SP HEIGHT="57" WIDTH="30" VPOS="2618" HPOS="1124"/>
<String CONTENT="1880-" HEIGHT="52" WIDTH="169" VPOS="2612" HPOS="1155"/>
</TextLine>
<TextLine HEIGHT="69" WIDTH="1926" VPOS="2687" HPOS="246" STYLEREFS="StyleId-B88AA976-0607-48E3-98E2-4A980DC38E0F-" CS="1">
<String CONTENT="Modern" HEIGHT="54" WIDTH="241" VPOS="2690" HPOS="246"/>
<SP HEIGHT="34" WIDTH="32" VPOS="2709" HPOS="488"/>
<String CONTENT="advertising" HEIGHT="69" WIDTH="355" VPOS="2687" HPOS="521"/>
<SP HEIGHT="49" WIDTH="28" VPOS="2707" HPOS="877"/>
<String CONTENT="makes" HEIGHT="53" WIDTH="191" VPOS="2688" HPOS="906"/>
<SP HEIGHT="33" WIDTH="29" VPOS="2708" HPOS="1098"/>
<String CONTENT="money!" HEIGHT="67" WIDTH="231" VPOS="2689" HPOS="1128"/>
<SP HEIGHT="67" WIDTH="42" VPOS="2689" HPOS="1360"/>
<String CS="1" CONTENT="[by]" HEIGHT="67" WIDTH="91" VPOS="2689" HPOS="1419"/>
<SP HEIGHT="67" WIDTH="38" VPOS="2689" HPOS="1511"/>
<String CONTENT="Kenneth" HEIGHT="53" WIDTH="267" VPOS="2689" HPOS="1550"/>
<SP HEIGHT="52" WIDTH="29" VPOS="2691" HPOS="1818"/>
<String CONTENT="M." HEIGHT="52" WIDTH="78" VPOS="2691" HPOS="1848"/>
<SP HEIGHT="54" WIDTH="34" VPOS="2691" HPOS="1927"/>
<String CONTENT="Goode." HEIGHT="54" WIDTH="210" VPOS="2691" HPOS="1962"/>
</TextLine>
<TextLine HEIGHT="67" WIDTH="1594" VPOS="2766" HPOS="182" STYLEREFS="StyleId-B88AA976-0607-48E3-98E2-4A980DC38E0F-">
<String CONTENT="New" HEIGHT="52" WIDTH="135" VPOS="2770" HPOS="182"/>
<SP HEIGHT="51" WIDTH="30" VPOS="2771" HPOS="318"/>
<String CONTENT="York" HEIGHT="53" WIDTH="164" VPOS="2769" HPOS="349"/>
<SP HEIGHT="51" WIDTH="32" VPOS="2769" HPOS="514"/>
<String CONTENT="and" HEIGHT="52" WIDTH="113" VPOS="2768" HPOS="547"/>
<SP HEIGHT="52" WIDTH="28" VPOS="2768" HPOS="661"/>
<String CONTENT="London," HEIGHT="66" WIDTH="258" VPOS="2767" HPOS="690"/>
<SP HEIGHT="66" WIDTH="29" VPOS="2767" HPOS="949"/>
<String CONTENT="Harper" HEIGHT="66" WIDTH="231" VPOS="2767" HPOS="979"/>
<SP HEIGHT="49" WIDTH="27" VPOS="2770" HPOS="1211"/>
<String CONTENT="&amp;" HEIGHT="49" WIDTH="45" VPOS="2770" HPOS="1239"/>
<SP HEIGHT="53" WIDTH="27" VPOS="2766" HPOS="1285"/>
<String CONTENT="brothers," HEIGHT="57" WIDTH="279" VPOS="2766" HPOS="1313"/>
<SP HEIGHT="51" WIDTH="32" VPOS="2772" HPOS="1593"/>
<String CONTENT="1934." HEIGHT="48" WIDTH="150" VPOS="2772" HPOS="1626"/>
</TextLine>
<TextLine HEIGHT="52" WIDTH="654" VPOS="2839" HPOS="255" CS="1">
<String CONTENT="viii" HEIGHT="40" WIDTH="84" VPOS="2841" HPOS="255"/>
<SP HEIGHT="49" WIDTH="25" VPOS="2842" HPOS="340"/>
<String CONTENT="p.," HEIGHT="37" WIDTH="57" VPOS="2854" HPOS="366"/>
<SP HEIGHT="46" WIDTH="26" VPOS="2843" HPOS="424"/>
<String CONTENT="1" HEIGHT="37" WIDTH="24" VPOS="2843" HPOS="451"/>
<SP HEIGHT="38" WIDTH="26" VPOS="2842" HPOS="476"/>
<String CS="1" CONTENT="l.," HEIGHT="16" WIDTH="7" VPOS="2872" HPOS="540"/>
<SP HEIGHT="48" WIDTH="27" VPOS="2840" HPOS="548"/>
<String CONTENT="203" HEIGHT="40" WIDTH="85" VPOS="2840" HPOS="576"/>
<SP HEIGHT="46" WIDTH="26" VPOS="2841" HPOS="662"/>
<String CONTENT="p." HEIGHT="37" WIDTH="42" VPOS="2850" HPOS="689"/>
<SP HEIGHT="40" WIDTH="60" VPOS="2839" HPOS="732"/>
<String CONTENT="22" HEIGHT="39" WIDTH="54" VPOS="2839" HPOS="793"/>
<String STYLE="superscript" CONTENT="cm" HEIGHT="22" WIDTH="44" VPOS="2841" HPOS="851"/>
<String CONTENT="." HEIGHT="8" WIDTH="8" VPOS="2872" HPOS="901"/>
</TextLine>
<TextLine HEIGHT="42" WIDTH="416" VPOS="2896" HPOS="253">
<String CONTENT="&#8220;First" HEIGHT="41" WIDTH="162" VPOS="2897" HPOS="253"/>
<SP HEIGHT="37" WIDTH="27" VPOS="2901" HPOS="416"/>
<String CONTENT="edition.&#8221;" HEIGHT="42" WIDTH="225" VPOS="2896" HPOS="444"/>
</TextLine>
<TextLine HEIGHT="51" WIDTH="1778" VPOS="2952" HPOS="182" CS="1">
<String CONTENT="&#169;" HEIGHT="51" WIDTH="52" VPOS="2952" HPOS="182"/>
<SP HEIGHT="51" WIDTH="24" VPOS="2952" HPOS="235"/>
<String CONTENT="Apr." HEIGHT="46" WIDTH="111" VPOS="2957" HPOS="260"/>
<SP HEIGHT="38" WIDTH="26" VPOS="2957" HPOS="372"/>
<String CONTENT="7," HEIGHT="45" WIDTH="40" VPOS="2957" HPOS="399"/>
<SP HEIGHT="45" WIDTH="25" VPOS="2957" HPOS="440"/>
<String CS="1" CONTENT="1934;" HEIGHT="40" WIDTH="113" VPOS="2954" HPOS="466"/>
<SP HEIGHT="43" WIDTH="27" VPOS="2955" HPOS="607"/>
<String CONTENT="2c." HEIGHT="38" WIDTH="66" VPOS="2955" HPOS="635"/>
<SP HEIGHT="39" WIDTH="28" VPOS="2954" HPOS="702"/>
<String CONTENT="May" HEIGHT="46" WIDTH="113" VPOS="2954" HPOS="731"/>
<SP HEIGHT="46" WIDTH="25" VPOS="2954" HPOS="845"/>
<String CONTENT="8;" HEIGHT="42" WIDTH="51" VPOS="2954" HPOS="871"/>
<SP HEIGHT="33" WIDTH="29" VPOS="2963" HPOS="923"/>
<String CONTENT="aff." HEIGHT="40" WIDTH="81" VPOS="2952" HPOS="953"/>
<SP HEIGHT="38" WIDTH="27" VPOS="2954" HPOS="1035"/>
<String CONTENT="May" HEIGHT="46" WIDTH="113" VPOS="2954" HPOS="1063"/>
<SP HEIGHT="47" WIDTH="25" VPOS="2953" HPOS="1177"/>
<String CS="1" CONTENT="9;" HEIGHT="39" WIDTH="25" VPOS="2953" HPOS="1203"/>
<SP HEIGHT="46" WIDTH="28" VPOS="2953" HPOS="1255"/>
<!-- cceid BF57650E-6C64-1014-8713-889FF4349C01 --><String CONTENT="A" HEIGHT="39" WIDTH="43" VPOS="2953" HPOS="1284"/>
<SP HEIGHT="40" WIDTH="24" VPOS="2953" HPOS="1328"/>
<String CONTENT="72344;" HEIGHT="47" WIDTH="169" VPOS="2953" HPOS="1353"/>
<SP HEIGHT="46" WIDTH="30" VPOS="2954" HPOS="1523"/>
<String CONTENT="Harper" HEIGHT="47" WIDTH="193" VPOS="2954" HPOS="1554"/>
<SP HEIGHT="39" WIDTH="25" VPOS="2955" HPOS="1748"/>
<String CONTENT="&amp;" HEIGHT="39" WIDTH="35" VPOS="2955" HPOS="1774"/>
<SP HEIGHT="39" WIDTH="27" VPOS="2955" HPOS="1810"/>
<String CONTENT="bros." HEIGHT="39" WIDTH="122" VPOS="2956" HPOS="1838"/>
</TextLine>
<TextLine HEIGHT="49" WIDTH="279" VPOS="3012" HPOS="260">
<String CONTENT="(34-11963)" HEIGHT="49" WIDTH="279" VPOS="3012" HPOS="260"/>
</TextLine>
<TextLine HEIGHT="66" WIDTH="1225" VPOS="3086" HPOS="177" STYLEREFS="StyleId-E604A854-B3C7-4F97-BB0D-39AA41E19181-">
<String CONTENT="Grinnell," HEIGHT="65" WIDTH="280" VPOS="3087" HPOS="177"/>
<SP HEIGHT="64" WIDTH="28" VPOS="3088" HPOS="458"/>
<String CONTENT="George" HEIGHT="62" WIDTH="227" VPOS="3088" HPOS="487"/>
<SP HEIGHT="52" WIDTH="28" VPOS="3087" HPOS="715"/>
<String CONTENT="Bird," HEIGHT="64" WIDTH="159" VPOS="3087" HPOS="744"/>
<SP HEIGHT="62" WIDTH="32" VPOS="3089" HPOS="904"/>
<String CONTENT="1849-" HEIGHT="50" WIDTH="171" VPOS="3088" HPOS="937"/>
<SP HEIGHT="34" WIDTH="209" VPOS="3104" HPOS="1109"/>
<String CONTENT="ed." HEIGHT="53" WIDTH="83" VPOS="3086" HPOS="1319"/>
</TextLine>
<TextLine HEIGHT="70" WIDTH="1921" VPOS="3162" HPOS="253" STYLEREFS="StyleId-B88AA976-0607-48E3-98E2-4A980DC38E0F-">
<String CONTENT="Hunting" HEIGHT="66" WIDTH="272" VPOS="3166" HPOS="253"/>
<SP HEIGHT="61" WIDTH="23" VPOS="3171" HPOS="526"/>
<String CONTENT="trails" HEIGHT="56" WIDTH="164" VPOS="3162" HPOS="550"/>
<SP HEIGHT="34" WIDTH="25" VPOS="3182" HPOS="715"/>
<String CONTENT="on" HEIGHT="33" WIDTH="72" VPOS="3182" HPOS="741"/>
<SP HEIGHT="47" WIDTH="24" VPOS="3168" HPOS="814"/>
<String CONTENT="three" HEIGHT="54" WIDTH="158" VPOS="3162" HPOS="839"/>
<SP HEIGHT="34" WIDTH="26" VPOS="3181" HPOS="998"/>
<String CONTENT="continents;" HEIGHT="65" WIDTH="343" VPOS="3163" HPOS="1025"/>
<SP HEIGHT="48" WIDTH="30" VPOS="3180" HPOS="1369"/>
<String CONTENT="a" HEIGHT="33" WIDTH="30" VPOS="3180" HPOS="1400"/>
<SP HEIGHT="52" WIDTH="27" VPOS="3162" HPOS="1431"/>
<String CONTENT="book" HEIGHT="53" WIDTH="145" VPOS="3162" HPOS="1459"/>
<SP HEIGHT="53" WIDTH="25" VPOS="3162" HPOS="1605"/>
<String CONTENT="of" HEIGHT="52" WIDTH="64" VPOS="3163" HPOS="1631"/>
<SP HEIGHT="53" WIDTH="24" VPOS="3163" HPOS="1696"/>
<String CONTENT="the" HEIGHT="54" WIDTH="96" VPOS="3163" HPOS="1721"/>
<SP HEIGHT="54" WIDTH="25" VPOS="3163" HPOS="1818"/>
<String CONTENT="Boone" HEIGHT="53" WIDTH="193" VPOS="3163" HPOS="1844"/>
<SP HEIGHT="35" WIDTH="25" VPOS="3181" HPOS="2038"/>
<String CONTENT="and" HEIGHT="52" WIDTH="110" VPOS="3164" HPOS="2064"/>
</TextLine>
<TextLine HEIGHT="153" WIDTH="1990" VPOS="3238" HPOS="186" STYLEREFS="StyleId-B88AA976-0607-48E3-98E2-4A980DC38E0F-" CS="1">
<String CONTENT="Crockett" HEIGHT="56" WIDTH="265" VPOS="3243" HPOS="186"/>
<SP HEIGHT="46" WIDTH="36" VPOS="3249" HPOS="452"/>
<String CONTENT="club;" HEIGHT="66" WIDTH="154" VPOS="3241" HPOS="489"/>
<SP HEIGHT="48" WIDTH="40" VPOS="3259" HPOS="644"/>
<String CONTENT="editors," HEIGHT="68" WIDTH="228" VPOS="3240" HPOS="685"/>
<SP HEIGHT="70" WIDTH="35" VPOS="3238" HPOS="914"/>
<String CONTENT="George" HEIGHT="69" WIDTH="217" VPOS="3238" HPOS="950"/>
<SP HEIGHT="54" WIDTH="35" VPOS="3239" HPOS="1168"/>
<String CONTENT="Bird" HEIGHT="53" WIDTH="146" VPOS="3239" HPOS="1204"/>
<SP HEIGHT="55" WIDTH="39" VPOS="3238" HPOS="1351"/>
<String CONTENT="Grinnell," HEIGHT="69" WIDTH="279" VPOS="3238" HPOS="1391"/>
<SP HEIGHT="66" WIDTH="38" VPOS="3241" HPOS="1671"/>
<String CONTENT="Kermit" HEIGHT="53" WIDTH="229" VPOS="3241" HPOS="1710"/>
<SP HEIGHT="53" WIDTH="33" VPOS="3241" HPOS="1940"/>
<String CONTENT="Roosevelt," HEIGHT="150" WIDTH="1964" VPOS="3241" HPOS="188"/>
<SP HEIGHT="70" WIDTH="27" VPOS="3321" HPOS="318"/>
<String CONTENT="W." HEIGHT="53" WIDTH="89" VPOS="3321" HPOS="346"/>
<SP HEIGHT="54" WIDTH="31" VPOS="3320" HPOS="436"/>
<String CONTENT="Redmond" HEIGHT="55" WIDTH="299" VPOS="3318" HPOS="468"/>
<SP HEIGHT="54" WIDTH="31" VPOS="3317" HPOS="768"/>
<String CONTENT="Cross" HEIGHT="54" WIDTH="166" VPOS="3317" HPOS="800"/>
<SP HEIGHT="49" WIDTH="37" VPOS="3336" HPOS="967"/>
<String CS="1" CONTENT="[and]" HEIGHT="67" WIDTH="129" VPOS="3317" HPOS="1023"/>
<SP HEIGHT="66" WIDTH="36" VPOS="3318" HPOS="1153"/>
<String CONTENT="Prentiss" HEIGHT="53" WIDTH="256" VPOS="3318" HPOS="1190"/>
<SP HEIGHT="53" WIDTH="31" VPOS="3317" HPOS="1447"/>
<String CONTENT="N." HEIGHT="56" WIDTH="68" VPOS="3317" HPOS="1479"/>
<SP HEIGHT="56" WIDTH="35" VPOS="3317" HPOS="1548"/>
<String CONTENT="Gray." HEIGHT="70" WIDTH="172" VPOS="3317" HPOS="1584"/>
<SP HEIGHT="55" WIDTH="71" VPOS="3318" HPOS="1757"/>
<String CONTENT="New" HEIGHT="55" WIDTH="133" VPOS="3318" HPOS="1829"/>
<SP HEIGHT="52" WIDTH="36" VPOS="3319" HPOS="1963"/>
<String CONTENT="York," HEIGHT="68" WIDTH="176" VPOS="3319" HPOS="2000"/>
</TextLine>
<TextLine HEIGHT="69" WIDTH="884" VPOS="3397" HPOS="185" STYLEREFS="StyleId-B88AA976-0607-48E3-98E2-4A980DC38E0F-">
<String CONTENT="The" HEIGHT="53" WIDTH="120" VPOS="3401" HPOS="185"/>
<SP HEIGHT="54" WIDTH="29" VPOS="3400" HPOS="306"/>
<String CONTENT="Derrydale" HEIGHT="69" WIDTH="317" VPOS="3397" HPOS="336"/>
<SP HEIGHT="49" WIDTH="31" VPOS="3415" HPOS="654"/>
<String CONTENT="press" HEIGHT="50" WIDTH="155" VPOS="3414" HPOS="686"/>
<SP HEIGHT="47" WIDTH="34" VPOS="3416" HPOS="842"/>
<String CONTENT="[" HEIGHT="33" WIDTH="13" VPOS="3430" HPOS="877"/>
<String STYLE="superscript" CONTENT="c" HEIGHT="21" WIDTH="17" VPOS="3402" HPOS="895"/>
<String CONTENT="1933]" HEIGHT="65" WIDTH="151" VPOS="3398" HPOS="918"/>
</TextLine>
<TextLine HEIGHT="52" WIDTH="1293" VPOS="3467" HPOS="254" CS="1">
<String CONTENT="3" HEIGHT="41" WIDTH="26" VPOS="3470" HPOS="254"/>
<SP/>
<String CONTENT="p." HEIGHT="37" WIDTH="43" VPOS="3482" HPOS="306"/>
<SP HEIGHT="40" WIDTH="22" VPOS="3472" HPOS="350"/>
<String CONTENT="h," HEIGHT="46" WIDTH="45" VPOS="3472" HPOS="373"/>
<SP HEIGHT="36" WIDTH="27" VPOS="3482" HPOS="419"/>
<String CONTENT="v-xi." HEIGHT="41" WIDTH="125" VPOS="3469" HPOS="447"/>
<SP HEIGHT="39" WIDTH="23" VPOS="3470" HPOS="573"/>
<String CONTENT="302" HEIGHT="41" WIDTH="85" VPOS="3468" HPOS="597"/>
<SP HEIGHT="47" WIDTH="24" VPOS="3469" HPOS="683"/>
<String CONTENT="p." HEIGHT="36" WIDTH="41" VPOS="3480" HPOS="708"/>
<SP HEIGHT="40" WIDTH="56" VPOS="3467" HPOS="750"/>
<String CONTENT="front.," HEIGHT="48" WIDTH="162" VPOS="3467" HPOS="807"/>
<SP HEIGHT="37" WIDTH="26" VPOS="3478" HPOS="970"/>
<String CONTENT="plates," HEIGHT="47" WIDTH="170" VPOS="3469" HPOS="997"/>
<SP HEIGHT="36" WIDTH="26" VPOS="3480" HPOS="1168"/>
<String CONTENT="maps." HEIGHT="36" WIDTH="149" VPOS="3479" HPOS="1195"/>
<SP HEIGHT="40" WIDTH="56" VPOS="3469" HPOS="1345"/>
<String CS="1" CONTENT="21&#189;" HEIGHT="38" WIDTH="54" VPOS="3469" HPOS="1402"/>
<String STYLE="superscript" CONTENT="cm" HEIGHT="20" WIDTH="43" VPOS="3472" HPOS="1490"/>
<String CONTENT="." HEIGHT="8" WIDTH="8" VPOS="3501" HPOS="1539"/>
</TextLine>
<TextLine HEIGHT="50" WIDTH="1624" VPOS="3524" HPOS="256" CS="1">
<String CONTENT="&#8220;Two" HEIGHT="39" WIDTH="141" VPOS="3530" HPOS="256"/>
<SP HEIGHT="40" WIDTH="26" VPOS="3529" HPOS="398"/>
<String CONTENT="hundred" HEIGHT="41" WIDTH="221" VPOS="3527" HPOS="425"/>
<SP HEIGHT="39" WIDTH="24" VPOS="3527" HPOS="647"/>
<String CONTENT="and" HEIGHT="40" WIDTH="95" VPOS="3526" HPOS="672"/>
<SP HEIGHT="40" WIDTH="23" VPOS="3525" HPOS="768"/>
<String CONTENT="fifty" HEIGHT="47" WIDTH="111" VPOS="3525" HPOS="792"/>
<SP HEIGHT="37" WIDTH="24" VPOS="3535" HPOS="904"/>
<String CONTENT="copies" HEIGHT="46" WIDTH="158" VPOS="3525" HPOS="929"/>
<SP HEIGHT="29" WIDTH="27" VPOS="3536" HPOS="1088"/>
<String CS="1" CONTENT="&#8230;"/>
<SP HEIGHT="37" WIDTH="27" VPOS="3537" HPOS="1162"/>
<String CONTENT="printed" HEIGHT="50" WIDTH="193" VPOS="3524" HPOS="1190"/>
<SP HEIGHT="39" WIDTH="29" VPOS="3527" HPOS="1384"/>
<String CS="1" CONTENT="&#8230;"/>
<SP HEIGHT="38" WIDTH="54" VPOS="3527" HPOS="1460"/>
<String CONTENT="Number" HEIGHT="39" WIDTH="213" VPOS="3527" HPOS="1515"/>
<SP HEIGHT="37" WIDTH="23" VPOS="3529" HPOS="1729"/>
<String CONTENT="118.&#8221;" HEIGHT="41" WIDTH="127" VPOS="3528" HPOS="1753"/>
</TextLine>
<TextLine HEIGHT="55" WIDTH="1992" VPOS="3584" HPOS="186">
<String CONTENT="&#169;" HEIGHT="51" WIDTH="50" VPOS="3588" HPOS="186"/>
<SP HEIGHT="51" WIDTH="23" VPOS="3588" HPOS="237"/>
<String CONTENT="Nov." HEIGHT="39" WIDTH="117" VPOS="3592" HPOS="261"/>
<SP HEIGHT="41" WIDTH="22" VPOS="3590" HPOS="379"/>
<String CONTENT="27," HEIGHT="46" WIDTH="70" VPOS="3590" HPOS="402"/>
<SP HEIGHT="46" WIDTH="23" VPOS="3590" HPOS="473"/>
<String CONTENT="1933;" HEIGHT="45" WIDTH="139" VPOS="3587" HPOS="497"/>
<SP HEIGHT="45" WIDTH="26" VPOS="3587" HPOS="637"/>
<String CONTENT="2c." HEIGHT="39" WIDTH="64" VPOS="3587" HPOS="664"/>
<SP HEIGHT="28" WIDTH="26" VPOS="3596" HPOS="729"/>
<String CONTENT="and" HEIGHT="38" WIDTH="94" VPOS="3586" HPOS="756"/>
<SP HEIGHT="38" WIDTH="23" VPOS="3586" HPOS="851"/>
<String CONTENT="aff." HEIGHT="41" WIDTH="81" VPOS="3584" HPOS="875"/>
<SP HEIGHT="39" WIDTH="23" VPOS="3586" HPOS="957"/>
<String CONTENT="Apr." HEIGHT="46" WIDTH="112" VPOS="3586" HPOS="981"/>
<SP HEIGHT="37" WIDTH="24" VPOS="3587" HPOS="1094"/>
<String CONTENT="12," HEIGHT="45" WIDTH="66" VPOS="3584" HPOS="1119"/>
<SP HEIGHT="43" WIDTH="25" VPOS="3586" HPOS="1186"/>
<String CONTENT="1984;" HEIGHT="47" WIDTH="139" VPOS="3584" HPOS="1212"/>
<SP HEIGHT="46" WIDTH="27" VPOS="3585" HPOS="1352"/>
<!-- cceid BF57DD03-6C64-1014-8713-889FF4349C01 --><String CONTENT="A" HEIGHT="38" WIDTH="40" VPOS="3585" HPOS="1380"/>
<SP HEIGHT="40" WIDTH="23" VPOS="3585" HPOS="1421"/>
<String CONTENT="71208;" HEIGHT="46" WIDTH="169" VPOS="3585" HPOS="1445"/>
<SP HEIGHT="45" WIDTH="27" VPOS="3586" HPOS="1615"/>
<String CONTENT="Boone" HEIGHT="41" WIDTH="162" VPOS="3586" HPOS="1643"/>
<SP HEIGHT="29" WIDTH="24" VPOS="3598" HPOS="1806"/>
<String CONTENT="and" HEIGHT="39" WIDTH="95" VPOS="3588" HPOS="1831"/>
<SP HEIGHT="40" WIDTH="25" VPOS="3587" HPOS="1927"/>
<String CONTENT="Crockett" HEIGHT="40" WIDTH="225" VPOS="3587" HPOS="1953"/>
</TextLine>
<TextLine HEIGHT="52" WIDTH="773" VPOS="3641" HPOS="257">
<String CONTENT="club," HEIGHT="46" WIDTH="121" VPOS="3647" HPOS="257"/>
<SP HEIGHT="47" WIDTH="22" VPOS="3646" HPOS="379"/>
<String CONTENT="New" HEIGHT="39" WIDTH="118" VPOS="3646" HPOS="402"/>
<SP HEIGHT="40" WIDTH="21" VPOS="3645" HPOS="521"/>
<String CONTENT="York." HEIGHT="39" WIDTH="144" VPOS="3644" HPOS="543"/>
<SP HEIGHT="48" WIDTH="62" VPOS="3643" HPOS="688"/>
<String CONTENT="(34-11754)" HEIGHT="50" WIDTH="279" VPOS="3641" HPOS="751"/>
</TextLine>
<TextLine HEIGHT="70" WIDTH="829" VPOS="3717" HPOS="184" STYLEREFS="StyleId-E604A854-B3C7-4F97-BB0D-39AA41E19181-">
<String CONTENT="Harrow," HEIGHT="64" WIDTH="261" VPOS="3723" HPOS="184"/>
<SP HEIGHT="65" WIDTH="28" VPOS="3722" HPOS="446"/>
<String CONTENT="Benjamin," HEIGHT="66" WIDTH="337" VPOS="3717" HPOS="475"/>
<SP HEIGHT="62" WIDTH="28" VPOS="3721" HPOS="813"/>
<String CONTENT="1888-" HEIGHT="51" WIDTH="171" VPOS="3719" HPOS="842"/>
</TextLine>
<TextLine HEIGHT="72" WIDTH="1865" VPOS="3793" HPOS="253" STYLEREFS="StyleId-B88AA976-0607-48E3-98E2-4A980DC38E0F-" CS="1">
<String CONTENT="The" HEIGHT="52" WIDTH="121" VPOS="3802" HPOS="253"/>
<SP HEIGHT="34" WIDTH="41" VPOS="3819" HPOS="375"/>
<String CONTENT="chemistry" HEIGHT="67" WIDTH="306" VPOS="3798" HPOS="417"/>
<SP HEIGHT="50" WIDTH="41" VPOS="3815" HPOS="724"/>
<String CONTENT="of" HEIGHT="53" WIDTH="62" VPOS="3795" HPOS="766"/>
<SP HEIGHT="52" WIDTH="38" VPOS="3795" HPOS="829"/>
<String CONTENT="the" HEIGHT="52" WIDTH="95" VPOS="3795" HPOS="868"/>
<SP HEIGHT="52" WIDTH="39" VPOS="3794" HPOS="964"/>
<String CONTENT="hormones," HEIGHT="67" WIDTH="314" VPOS="3794" HPOS="1004"/>
<SP HEIGHT="67" WIDTH="40" VPOS="3794" HPOS="1319"/>
<String CONTENT="by" HEIGHT="68" WIDTH="75" VPOS="3794" HPOS="1360"/>
<SP HEIGHT="67" WIDTH="39" VPOS="3795" HPOS="1436"/>
<String CONTENT="Benjamin" HEIGHT="68" WIDTH="308" VPOS="3793" HPOS="1476"/>
<SP HEIGHT="51" WIDTH="39" VPOS="3796" HPOS="1785"/>
<String CONTENT="Harrow" HEIGHT="53" WIDTH="247" VPOS="3796" HPOS="1825"/>
<SP HEIGHT="33" WIDTH="45" VPOS="3816" HPOS="2073"/>
<String CS="1" CONTENT="&#8230;"/>
</TextLine>
<TextLine HEIGHT="68" WIDTH="1995" VPOS="3871" HPOS="185" STYLEREFS="StyleId-B88AA976-0607-48E3-98E2-4A980DC38E0F-" CS="1">
<String CONTENT="and" HEIGHT="53" WIDTH="113" VPOS="3881" HPOS="185"/>
<SP HEIGHT="56" WIDTH="29" VPOS="3878" HPOS="299"/>
<String CONTENT="Carl" HEIGHT="56" WIDTH="137" VPOS="3878" HPOS="329"/>
<SP HEIGHT="52" WIDTH="28" VPOS="3878" HPOS="467"/>
<String CONTENT="P." HEIGHT="51" WIDTH="66" VPOS="3878" HPOS="496"/>
<SP HEIGHT="55" WIDTH="34" VPOS="3875" HPOS="563"/>
<String CONTENT="Sherwin" HEIGHT="57" WIDTH="261" VPOS="3873" HPOS="598"/>
<SP HEIGHT="33" WIDTH="36" VPOS="3892" HPOS="860"/>
<String CS="1" CONTENT="&#8230;"/>
<SP HEIGHT="51" WIDTH="70" VPOS="3874" HPOS="952"/>
<String CONTENT="Baltimore," HEIGHT="68" WIDTH="332" VPOS="3871" HPOS="1023"/>
<SP HEIGHT="67" WIDTH="31" VPOS="3872" HPOS="1356"/>
<String CONTENT="The" HEIGHT="51" WIDTH="119" VPOS="3872" HPOS="1388"/>
<SP HEIGHT="52" WIDTH="30" VPOS="3872" HPOS="1508"/>
<String CONTENT="Williams" HEIGHT="53" WIDTH="287" VPOS="3872" HPOS="1539"/>
<SP HEIGHT="49" WIDTH="29" VPOS="3876" HPOS="1827"/>
<String CONTENT="&amp;" HEIGHT="49" WIDTH="46" VPOS="3876" HPOS="1857"/>
<SP HEIGHT="53" WIDTH="25" VPOS="3874" HPOS="1904"/>
<String CONTENT="Wilkins" HEIGHT="54" WIDTH="250" VPOS="3874" HPOS="1930"/>
</TextLine>
<TextLine HEIGHT="69" WIDTH="478" VPOS="3957" HPOS="182" STYLEREFS="StyleId-B88AA976-0607-48E3-98E2-4A980DC38E0F-">
<String CONTENT="company," HEIGHT="51" WIDTH="296" VPOS="3975" HPOS="182"/>
<SP HEIGHT="65" WIDTH="28" VPOS="3958" HPOS="479"/>
<String CONTENT="1934." HEIGHT="50" WIDTH="152" VPOS="3957" HPOS="508"/>
</TextLine>
</TextBlock>
</PrintSpace>
</Page>
</Layout>
</alto>