2350 4196
1220 4020 99 50 226

259 414 339 64 Callaghan,
628 413 242 63 Morley.

333 487 1909 69 Such is my beloved, by Morley Callaghan … New York,
258 568 257 54 London.
547 569 60 54 C.
640 566 310 57 Scribner’s
977 584 145 35 sons.
1154 570 147 50 1934.

328 640 550 49 4 p. l., 288 p. 19½ cm .
262 708 51 51 ©
345 712 109 39 Feb.
482 712 69 45 15,
581 711 139 45 1934;
752 709 66 40 2c.
849 710 119 37 Mar.
998 709 82 45 23;
1113 708 78 40 aff.
1224 708 108 40 Feb.
1364 708 80 46 19;
1476 709 41 38 A
1548 708 168 46 70767;
1749 708 202 40 Charles
1983 706 263 42 Scribner's

334 779 122 29 sons.

261 869 193 65 Clark,
485 870 155 53 John
671 867 280 66 Maurice,
988 871 169 49 1884-

332 946 285 68 Strategic
641 946 212 52 factors
877 946 60 51 in
961 945 251 53 business
1236 946 178 66 cycles
1443 946 107 66 [by]
1580 945 155 54 John
1756 944 255 53 Maurice
2040 944 202 65 Clark;

263 1024 138 53 with
445 1043 71 33 an
557 1023 388 53 introduction
989 1024 73 66 by
1104 1024 94 51 the
1242 1023 337 55 Committee
1622 1040 71 34 on
1736 1028 187 46 recent
1965 1021 281 53 economic

260 1103 259 66 changes.
594 1103 138 51 New
760 1101 162 53 York
956 1100 256 67 [Printed
1239 1101 74 66 by
1338 1101 77 53 H.
1444 1099 195 67 Wolff]
1676 1103 148 49 1934.

330 1186 77 37 xv,
434 1175 86 40 238
546 1185 41 38 p.
644 1174 55 40 23½
732 1175 44 21 cm
782 1206 7 8 .
856 1173 298 49 (Half-title:
1180 1171 332 42 Publications
1540 1172 52 41 of
1619 1172 83 41 the
1728 1171 232 41 National
1988 1171 184 41 bureau
2200 1169 52 43 of

260 1232 240 41 economic
529 1233 239 45 research,
796 1231 106 46 inc.,
930 1241 76 29 no.
1033 1230 82 47 24)

333 1289 68 40 “A
429 1289 299 48 publication
759 1288 49 39 of
840 1290 80 38 the
950 1287 229 40 National
1211 1288 184 39 bureau
1426 1286 52 42 of
1508 1286 241 41 economic
1781 1286 223 40 research
2037 1286 49 40 in
262 1294 1974 92 cooperation
478 1344 119 41 with
625 1345 80 40 the
734 1343 284 41 Committee
1046 1354 60 30 on
1134 1346 162 39 recent
1323 1344 241 40 economic
1591 1342 252 49 changes.”

268 1411 1983 51 © Jan. 8, 1934; 2c. Feb. 17; aff. Feb. 15; A 69514; National bureau of
336 1472 239 39 economic
603 1472 237 46 research,
867 1472 90 39 inc.
1029 1471 248 48 (34-5068)

267 1574 193 66 Clark,
490 1576 196 53 Laura
716 1576 218 63 Veach,
965 1577 170 51 1886-

333 1650 56 53 A
410 1652 172 67 study
605 1650 65 53 of
692 1651 97 52 the
812 1650 373 69 relationship
1210 1650 248 53 between
1482 1652 96 52 the
1603 1650 320 54 vocational
1948 1651 162 53 home
265 1668 1964 114 economics
506 1728 226 53 teacher
764 1728 259 69 training
1056 1728 279 53 curricula
1370 1728 64 53 of
1466 1747 30 34 a
1533 1742 184 55 group
1752 1727 64 55 of
1849 1728 263 54 women’s
266 1726 1966 149 colleges
450 1806 113 53 and
598 1807 95 51 the
729 1806 268 68 expected
1033 1805 467 69 responsibilities
1537 1805 64 53 of
1637 1805 314 70 beginning
1986 1805 271 67 teachers,

265 1882 1992 70 by Laura Veach Clark … New York city, Teachers college,
268 1960 297 55 Columbia
598 1960 333 69 university,
965 1964 150 52 1933.

338 2033 63 47 ix,
451 2034 53 40 82
555 2044 41 37 p.
658 2033 178 47 diagrs.
897 2033 55 40 23½
986 2036 43 21 cm
1035 2065 7 8 .
1114 2033 262 49 (Teachers
1427 2033 188 47 college,
1670 2032 250 41 Columbia
1975 2032 282 49 university.

269 2086 368 44 Contributions
665 2093 48 37 to
743 2090 271 48 education,
1044 2101 74 29 no.
1149 2089 107 48 586)

339 2145 225 42 Lettered
603 2157 59 29 on
705 2156 164 30 cover:
916 2146 188 48 College
1147 2146 215 47 training
1403 2145 51 40 of
1497 2145 273 41 vocational
1814 2148 138 39 home
1993 2145 265 41 economics

269 2201 232 43 teachers.

342 2257 170 41 Issued
539 2258 102 40 also
669 2269 55 29 as
751 2258 152 40 thesis
941 2259 105 47 (PH.
1105 2259 33 47 D.)
1176 2257 249 41 Columbia
1454 2257 284 48 university.

340 2312 373 50 Bibliography:
748 2324 43 38 p.
825 2313 156 42 78-80.

275 2374 51 51 ©
358 2379 110 39 Dec.
498 2378 70 45 22,
598 2378 113 39 1933;
771 2378 65 39 2c.
869 2378 110 39 Feb.
1010 2380 38 44 1,
1079 2377 138 46 1934;
1253 2378 81 39 aff.
1367 2378 109 39 Feb.
1509 2378 80 46 16;
1623 2380 42 37 A
1695 2378 169 46 69455;
1899 2379 237 40 Teachers
345 2379 1894 103 college,
488 2434 248 40 Columbia
763 2434 283 48 university.
1118 2434 248 47 (34-4993)

273 2539 372 64 Cochnower,
673 2542 136 50 Mrs.
841 2538 182 54 Edith
1051 2540 68 54 R.

343 2612 275 71 Synopsis
649 2614 64 52 of
743 2614 140 69 high
914 2615 189 52 school
1135 2619 267 63 anatomy
1435 2616 111 51 and
1580 2614 358 69 physiology,
1970 2614 75 69 by
2078 2614 182 53 Edith

329 2734 10 10 R.
385 2691 361 68 Cochnower,
826 2736 8 9 R.
928 2734 9 9 N.
1017 2691 345 68 Cincinnati,
1403 2692 239 68 Hughes
1686 2691 140 70 high
1871 2693 189 52 school
2104 2709 156 51 press

277 2800 13 34 [
295 2774 18 22 c
317 2771 151 65 1934]

343 2841 603 50 1 p. l., 53, [1] p. 18 cm .
279 2902 51 51 ©
363 2907 106 39 Jan.
563 2938 7 14 18,
602 2907 115 39 1934;
776 2907 65 39 2c.
875 2907 109 39 Feb.
1017 2906 80 47 19;
1133 2906 78 41 aff.
1246 2907 110 40 Feb.
1388 2908 54 38 17;
1504 2908 41 38 A
1577 2907 168 48 69533;
1781 2910 52 38 E.
1867 2909 52 38 R.
1956 2907 303 47 Cochnower,

347 2963 287 40 Cincinnati.
707 2963 250 49 (34-4849)

277 3066 336 53 Commerce
644 3066 259 64 clearing
930 3066 202 56 house.

345 3141 215 55 United
591 3143 187 55 States
807 3150 208 46 master
1043 3151 97 45 tax
1168 3144 186 67 guide,
1385 3149 159 61 1934;
1576 3145 169 52 based
1775 3163 70 34 on
1874 3146 95 52 the
1997 3145 261 51 Revenue

276 3226 87 45 act
400 3221 62 51 of
500 3224 132 48 1932
669 3222 111 51 and
817 3222 94 52 the
948 3220 362 68 regulations,
1347 3221 236 67 rulings,
1620 3223 111 51 and
1770 3221 273 53 decisions
2079 3222 179 51 under

280 3297 1979 68 present and prior laws, to 1934 … [New York, Chicago, etc.,
278 3372 323 55 Commerce
637 3375 250 67 clearing
922 3377 187 64 house,
1146 3377 123 64 inc.,
1304 3376 177 52 Loose
1516 3375 119 53 leaf
1671 3376 209 54 service
1917 3375 245 53 division
2198 3376 63 52 of

275 3449 94 53 the
402 3451 380 67 Corporation
812 3459 148 48 trust
988 3472 293 48 company]
1318 3457 146 49 1934.

343 3523 86 40 194
457 3533 42 38 p.
558 3524 57 39 22½
646 3527 44 20 cm
694 3556 8 7 .

283 3575 1961 111 © Jan. 5. 1934; 1c. Feb. 24; 1c. Jan. 30; aff. Jan. 29; A 70402; Commerce clearing house. inc.. Chicago. (34-5071)
282 3739 256 65 Crudup,
565 3740 225 57 Josiah.

348 3815 121 52 The
507 3817 208 66 temple
758 3818 111 52 and
911 3819 160 52 other
1113 3837 183 49 essays
1337 3819 60 52 in
1438 3837 172 48 verse,
1650 3818 76 67 by
1767 3817 201 56 Josiah
2010 3817 253 68 Crudup.

300 3891 140 54 [New
468 3891 256 71 Orleans,
754 3895 166 54 Press
951 3896 64 52 of
1042 3896 552 53 Dameron-Pierson
1623 3915 97 46 co.,
1750 3896 120 64 ltd.,
1897 3903 19 21 c
1922 3899 149 63 1934]
