2350 4196
1051 4010 97 50 979

109 358 370 68 Biederwolf,
512 356 253 57 William
798 357 270 67 Edward,
1105 355 169 54 1867-

185 439 120 51 The
340 438 224 68 coming
597 436 264 69 dictator,
895 436 112 53 and
1041 435 59 52 Is
1135 434 165 54 Jesus
1334 433 224 68 coming
1591 431 174 54 back?
1842 433 89 66 By

109 432 1999 229 William Edward Biederwolf … Hoytville, O., Fundamental truth publishers [1934]
181 668 54 39 35
269 678 41 37 p.
373 666 56 40 19
431 668 42 20 cm
479 698 8 8 .

116 734 51 51 ©
196 740 112 44 May
333 738 67 46 10,
428 737 139 43 1934;
597 738 65 39 2c.
693 738 113 47 May
831 737 81 46 28;
943 734 79 42 aff.
1052 736 127 39 June
1204 736 81 43 14;
1317 734 39 40 A
1383 734 171 47 73065;
1585 733 358 43 Fundamental
1972 737 135 39 truth

184 794 288 47 publishers.
544 792 280 50 (34-22209)

108 896 196 68 Bloch,
340 898 177 64 Iwan,
556 898 323 53 1872-1922.

108 969 1997 155 … Odoratus sexualis [by] Dr. Iwan Bloch … New York, American anthropological society,
1252 1052 147 68 priv.
1438 1051 196 69 print.,
1675 1056 149 49 1933.

182 1127 97 47 273,
313 1127 54 49 [1]
399 1137 40 38 p.
499 1128 56 38 24½
588 1130 43 19 cm
637 1160 7 7 .

184 1184 64 39 At
276 1184 124 39 head
430 1184 50 39 of
508 1184 135 40 title:
675 1184 40 40 A
744 1184 234 40 scientific
1007 1184 93 39 and
1131 1182 203 47 literary
1364 1184 146 46 study
1541 1183 49 40 of
1621 1184 171 40 sexual
1822 1186 159 39 scents
2012 1187 93 38 and

113 1241 151 40 erotic
291 1241 260 47 perfumes.

187 1292 1921 56 “Of this edition … only 1000 copies have been printed for collectors
112 1355 51 38 of
194 1355 191 40 curiosa
417 1356 95 38 and
545 1353 412 49 anthropologia.”

182 1411 375 49 Bibliography:
590 1423 41 36 p.
661 1410 235 50 269-[274]

115 1478 51 52 ©
195 1483 115 41 Nov.
340 1482 67 44 16,
437 1482 138 42 1933;
606 1483 66 39 2c.
701 1481 125 41 June
853 1482 39 46 2,
920 1479 140 49 1934;
1093 1480 79 40 aff.
1202 1482 114 46 May
1343 1480 81 40 29:
1456 1481 39 38 A
1523 1479 170 44 72941;
1725 1481 157 41 Amer.

183 1482 1906 105 anthropological
445 1549 107 36 soc.,
584 1539 87 40 inc.
744 1537 279 49 (34-22412)

109 1640 200 68 [Bond,
339 1641 145 55 Paul
511 1642 263 68 Stanley]
810 1642 171 52 1879-
1191 1641 83 52 ed.

177 1719 120 53 The
329 1721 67 51 R.
431 1721 66 53 O.
531 1723 65 50 T.
630 1722 61 54 C.
724 1720 247 52 manual.
1047 1718 290 70 Infantry.
1409 1717 131 55 17th
1572 1720 84 53 ed.
1728 1722 52 51 A
1811 1727 119 47 text
1960 1723 146 50 book

105 1790 1976 140 for the Reserve officers training corps … Vol. III-IV. (Includes all
477 1876 279 54 technical
789 1876 262 69 'changes
1101 1882 58 47 to
1210 1878 168 65 June,
1433 1877 160 66 1934)
1706 1878 401 70 Washington,

106 1956 70 55 D.
220 1956 62 55 C.
326 1955 112 53 and
479 1955 376 69 Harrisburg,
897 1958 119 63 Pa.,
1057 1956 118 53 The
1215 1955 266 69 Military
1522 1957 209 53 service
1772 1957 335 70 publishing

103 2053 78 36 co.
219 2068 12 32 [
238 2040 16 21 c
260 2037 150 65 1934]

181 2108 29 38 2
235 2120 39 28 v.
332 2107 128 41 illus.
490 2107 132 48 (incl.
651 2108 161 48 maps)
849 2109 168 45 tables,
1048 2107 190 48 diagrs.,
1266 2107 165 42 forms.
1492 2109 55 39 24½
1580 2111 43 21 cm
1630 2143 7 8 .

521 2161 92 43 CONTENTS.—vol.
647 2169 73 35 III.
755 2165 76 39 1st
862 2175 114 36 year
1012 2162 415 45 advanced.—vol.
1463 2172 69 33 IV.
1567 2166 93 41 2nd
1695 2176 116 37 year
1846 2167 260 41 advanced,

113 2233 43 29 v.
193 2222 39 39 3.
275 2218 51 51 ©
364 2221 118 49 July
520 2222 67 45 16,
627 2221 140 47 1934;
807 2233 43 28 v.
886 2223 41 45 4,
968 2216 57 53 ©
1060 2221 116 47 July
1212 2222 83 47 20;
1335 2223 66 39 2c.
1441 2225 118 38 each
1599 2225 96 39 and
1733 2224 109 40 affs.
1885 2225 128 48 Sept.
2052 2227 52 45 4;

182 2279 39 38 A
248 2279 155 47 75129,
430 2278 143 40 75130;
630 2278 222 49 Military
877 2278 184 41 service
1085 2280 107 46 pub.
1220 2290 66 30 co.

107 2381 232 66 Brown,
369 2381 232 54 Arthur
631 2381 185 57 Isaac.

180 2452 1925 85 Light on the hills, by Arthur I. Brown … Hoytville, ().,
109 2534 423 57 Fundamental
566 2536 162 53 truth
764 2535 320 69 publishers
1125 2571 13 33 [
1142 2544 18 22 c
1163 2540 135 51 1934
1304 2571 11 34 ]

179 2609 56 40 87
267 2621 43 37 p.
373 2608 57 42 19½
461 2612 42 21 cm
508 2641 9 9 .

114 2676 50 52 ©
192 2680 112 48 Apr.
331 2680 69 47 25,
429 2680 138 47 1934;
596 2681 65 39 2c.
691 2680 114 49 May
831 2681 82 46 28;
945 2681 79 39 aff.
1054 2681 124 41 June
1204 2683 81 47 14;
1315 2684 40 39 A
1382 2684 143 40 73066;
1584 2684 358 45 Fundamental
1969 2690 138 40 truth

180 2736 288 48 publishers.
539 2737 281 49 (34-22213)

109 2840 280 66 [Buchan,
422 2841 192 67 Anna]

176 2917 196 53 Taken
425 2919 75 67 by
553 2919 94 52 the
700 2919 173 69 hand,
928 2921 71 66 by
1053 2922 66 53 O.
1176 2923 254 68 Douglas
1506 2927 181 64 [pseud.]
1820 2927 161 63 chap.
2040 2933 63 48 14

116 2994 373 70 (contd.)-16.

195 3071 84 48 (In
305 3066 133 44 Good
468 3066 371 55 housekeeping
869 3069 275 53 magazine,
1174 3070 131 53 July,
1338 3074 143 49 1934)

116 3131 1990 76 © 1c. Aug. 25, 1934; A ad int. 19309; pubd. June 29; A. Buchan, Peebles,
189 3198 242 43 Scotland.

108 3299 341 58 California.
529 3305 178 65 Laws,
737 3310 255 62 statutes,
1023 3313 99 49 etc.

176 3378 266 56 Biennial
472 3380 362 68 supplement
861 3388 58 48 to
948 3383 97 54 the
1074 3386 179 54 Codes
1283 3389 62 52 of
1374 3391 96 51 the
1497 3395 144 50 state
1671 3393 62 51 of
1764 3394 342 58 California,

105 3457 260 70 showing
397 3459 79 52 all
507 3460 95 51 the
636 3458 243 71 changes
914 3457 271 76 affecting
1217 3466 97 52 the
1344 3469 162 53 codes
1540 3473 202 64 passed
1777 3473 73 67 by
1884 3474 94 53 the
105 3473 1976 115 fiftieth
281 3534 210 55 session

523 3532 1582 81 of the Legislature (1933) … Connects with and
106 3613 288 55 continues
426 3614 276 68 Hillyer’s
735 3616 387 56 consolidated
1153 3623 364 68 supplement
1550 3627 323 56 1927-1931.
106 3633 1973 124 Compiled
298 3694 110 51 and
446 3694 307 52 annotated
787 3694 75 66 by

898 3695 192 55 Curtis
1125 3698 248 69 Hillyor.
1451 3704 115 52 San
1603 3708 322 70 Francisco,
105 3712 1978 112 Bender-Moss
420 3789 295 50 company,
752 3775 148 49 1934.

185 3845 94 39 xvi,
308 3845 114 39 1178
449 3854 41 38 p.
549 3844 54 39 28
607 3847 42 19 cm
657 3875 5 7 ,

117 3896 49 53 ©
189 3902 118 47 Aug.
332 3901 68 46 28,
425 3901 112 39 1934;
590 3902 66 38 2c.
683 3901 94 40 and
803 3901 80 40 aff.
911 3902 125 49 Sept.
1061 3905 52 42 4;
1142 3908 38 37 A
1207 3908 140 43 75145;
1404 3912 340 46 Bender-Moss
1770 3929 65 30 co.
