2350 4196
1102 4007 130 48 1853

171 362 288 64 Maloney,
488 363 154 52 John
670 362 211 64 Phillip.

242 438 269 67 Tropical
546 440 243 53 outlines
826 440 62 52 of
925 440 355 52 substantive
1313 440 126 66 law,
1476 440 74 66 by
1587 440 156 54 John
1780 442 63 50 P.
1881 441 286 65 Maloney,

168 515 1996 69 Louis Prashker, Edward J. O’Toole … 2d ed. Brooklyn,
168 594 69 52 N.
272 596 70 51 Y.
381 596 81 65 [F.
494 596 272 54 Weidner
797 596 264 67 printing
1089 600 45 50 &
1164 596 336 66 publishing
1528 614 97 49 co.,
1654 599 127 63 inc.]
1819 599 151 49 1934.

236 668 423 47 60 p., 1 l. 23c m .
171 720 50 51 ©
260 725 127 39 June
420 725 38 47 5,
625 737 7 35 1934;
670 726 64 39 2c.
773 728 95 38 and
903 725 80 41 aff.
1020 726 126 40 June
1179 725 53 39 16;
1297 726 41 38 A
1373 725 169 47 73402;
1579 726 41 39 J.
1658 726 50 38 P.
1745 726 237 47 Maloney,
2022 725 145 40 Louis

237 782 245 38 Prashker
515 785 94 37 and
644 783 210 40 Edward
886 784 40 39 J.
963 783 212 47 O'Toole,
1210 783 258 47 Brooklyn.

171 855 307 67 Manlapit,
506 859 195 55 Pablo-.

241 934 287 69 Filipinos
560 935 143 69 fight
736 938 94 51 for
860 938 218 66 justice.
1146 938 140 54 Case
1317 937 62 51 of
1411 938 94 52 the
1537 936 257 68 Filipino
1826 938 250 52 laborers
2106 940 63 51 in

170 1014 97 52 the
309 1013 99 68 big
452 1015 175 53 strike
672 1016 63 52 of
783 1019 150 63 1924,
977 1016 297 66 Territory
1319 1016 63 51 of
1425 1015 249 53 Hawaii.
1755 1017 294 66 Prepared
2093 1016 75 66 by

166 1092 180 53 Pablo
377 1094 306 66 Manlapit.
756 1095 331 66 [Honolulu,
1118 1094 249 66 Hawaii,
1397 1094 282 52 Kumalae
1706 1093 335 68 publishing
2071 1114 96 48 co.,

171 1173 151 64 1933]

240 1245 24 38 1
295 1256 40 28 v.

173 1298 51 51 ©
250 1302 118 47 Aug.
394 1301 38 46 9,
457 1300 139 48 1983;
625 1302 65 40 2c.
717 1304 94 38 and
838 1302 81 39 aff.
945 1303 119 46 Aug.
1089 1300 81 48 21;
1198 1302 40 38 A
1265 1300 169 48 63982;
1463 1302 48 38 P.
1541 1301 240 48 Manlapit
1808 1304 94 38 and
1929 1303 241 39 Kumalae

239 1359 106 46 pub.
376 1369 80 34 co.,
487 1359 260 40 Honolulu.

172 1420 331 64 Markham,
534 1420 225 58 Edwin,
793 1426 170 49 1852-

243 1497 209 53 Edwin
481 1498 352 53 Markham’s
861 1500 123 52 The
1009 1516 132 34 man
1169 1499 138 51 with
1336 1499 99 52 the
1459 1499 132 66 hoe;
1633 1498 132 67 (D’r
1788 1517 133 36 mon
1948 1501 109 52 mit
2084 1499 87 53 d’r

171 1575 172 68 hock)
414 1576 258 67 Lincoln,
698 1578 94 51 the
817 1597 133 33 man
973 1578 62 52 of
1061 1578 94 51 the
1179 1578 200 66 people
1416 1576 133 68 (D’r
1572 1577 258 67 Lincoln,
1857 1579 67 51 de
1950 1578 102 54 leit
2075 1597 94 34 era

173 1655 156 67 mon)
372 1657 112 51 and
514 1656 162 52 other
706 1674 218 48 poems;
958 1656 314 52 translated
1301 1657 123 51 into
1455 1657 99 51 the
174 1656 1974 129 Pennsylvania-German

334 1734 224 67 dialect,
584 1734 74 66 by
684 1736 69 51 A.
781 1736 237 51 Monroe
1045 1734 260 66 Aurand,
1331 1734 69 66 jr.
1464 1733 378 68 Harrisburg,
1869 1737 118 64 Pa.,
2016 1737 158 52 Priv.

170 1813 195 67 print.,
393 1813 120 52 The
542 1813 242 52 Aurand
812 1830 173 49 press,
1016 1816 148 50 1934.

242 1885 864 49 25 p. incl. front. (port.) 23½ cm .
177 1940 50 51 ©
261 1944 101 40 Oct.
393 1942 68 48 29,
494 1942 140 47 1934;
669 1942 64 40 2c.
767 1945 95 37 and
894 1942 80 40 aff.
1009 1942 99 40 Oct.
1140 1943 81 45 31;
1256 1943 40 37 A
1330 1941 169 48 76859;
1535 1943 51 37 A.
1622 1944 197 38 Monroe
1849 1944 214 45 Aurand,
2098 1943 73 46 jr.,

248 2001 316 46 Harrisburg,
593 2001 81 38 Pa.

176 2061 316 66 Michigan.
568 2063 182 56 Laws,
779 2067 256 59 statutes,
1066 2069 98 45 etc.

245 2141 248 53 Mason’s
527 2144 131 48 1933
688 2141 361 66 supplement
1076 2143 58 48 to
1166 2140 300 66 Compiled
1495 2141 155 65 laws,
1678 2140 315 67 Michigan,
2025 2143 150 59 1929,

177 2220 325 51 annotated.
575 2218 185 67 Being
797 2237 30 33 a
862 2217 369 67 compilation
1266 2218 64 53 of
1362 2218 98 53 the
1491 2221 138 50 laws
1664 2218 63 54 of
1760 2219 98 53 the
1892 2222 132 48 1931
2061 2220 112 51 and

178 2300 132 50 1933
339 2298 229 67 regular
596 2296 254 65 sessions,
879 2297 111 51 and
1018 2296 97 51 the
1139 2294 125 54 first
1287 2297 112 51 and
1427 2297 203 52 second
1658 2301 163 47 extra
1845 2297 238 52 sessions
2111 2297 63 52 of

179 2379 150 64 1932,
361 2373 278 58 classified
670 2382 58 47 to
758 2376 95 51 the
883 2375 216 52 scheme
1129 2374 62 53 of
1220 2375 94 51 the
1349 2375 299 66 Compiled
1677 2377 155 63 laws,
1862 2375 315 67 Michigan,

179 2452 1998 67 1929 … William H. Mason, editor-in-chief, assisted by the
176 2531 268 55 editorial
472 2529 134 56 staff
636 2531 63 53 of
723 2532 94 51 the
845 2532 204 51 Mason
1077 2530 334 68 publishing
1440 2548 77 35 co.
1587 2529 167 55 Saint
1782 2533 165 64 Paul,
1975 2533 202 64 Minn.,

173 2613 203 52 Mason
401 2610 335 69 publishing
763 2629 96 47 co.,
889 2613 150 50 1933.

248 2683 547 50 4 p. l., 1203 p. 26 cm .
181 2737 1770 53 © Oct. 26, 1933; 2c. and aff. Oct. 30: A 67977; Mason pub. co.
180 2859 170 66 Mills,
380 2859 276 54 Clarence
684 2858 236 64 Alonzo,
951 2862 171 50 1891-

180 2936 1974 147 Living with the weather, by Clarence A. Mills … Cincinnati,
349 3016 241 54 Printed
621 3014 93 52 for
743 3015 95 51 the
867 3014 222 66 author,
1118 3015 73 65 by
1220 3015 98 51 the
1346 3015 223 54 Caxton
1597 3030 157 50 press
1789 3047 11 33 [
1807 3020 17 20 c
1830 3016 151 63 1934]

250 3073 1090 64 viii p , 1 l., 206 p. front. (port.) 19½ cm .
183 3141 1995 54 © Dec. 18, 1934; 2c. and aff. Dec. 21; A 77777; G. A. Mills, Cincinnati.
261 3202 250 50 (35-1166)

180 3280 244 61 Mylrea,
456 3277 151 51 Fred
636 3277 67 53 R.

253 3354 185 54 Chain
466 3351 180 69 figure
672 3355 240 64 puzzles.
977 3353 128 52 Oak
1133 3353 189 66 River,
1348 3353 174 65 Man.,
1550 3354 64 50 F.
1643 3353 68 51 R.
1738 3352 241 65 Mylrea,
2006 3357 16 21 c
2028 3353 149 48 1934.

253 3427 282 45 cover-title,
565 3426 55 39 20
650 3437 42 35 p.
752 3426 175 47 diagrs,
988 3425 24 38 20½
1077 3428 43 20 cm
1125 3456 7 7 .

185 3481 51 51 ©
265 3486 66 38 1c.
361 3485 111 38 Dec.
501 3483 68 46 21,
598 3483 140 39 1934;
771 3483 39 37 A
838 3483 60 38 ad
928 3483 84 39 int.
1043 3482 141 39 19772;
1245 3482 140 47 pubd.
1418 3482 110 38 Dec.
1558 3481 54 39 15;
1673 3481 48 37 F.
1756 3481 52 37 R.
1843 3481 199 46 Mylrea,
2076 3478 104 40 Oak

252 3542 162 44 River,
441 3538 264 47 Manitoba,
733 3539 210 39 Canada.

185 3603 322 62 Needham,
537 3602 68 54 R.
638 3602 65 53 E.

256 3680 389 50 Tournament
682 3677 198 53 tactics
919 3684 57 46 at
1012 3682 254 50 contract
1299 3677 218 66 bridge,
1551 3676 76 67 by
1660 3678 69 51 R.
1767 3678 67 53 E.
1870 3676 309 53 Needham.

188 3756 360 67 [Greenville,
576 3758 119 62 Pa.,
725 3759 218 49 Beaver
970 3755 264 67 printing
1262 3773 96 48 co.,
1391 3758 150 62 1934]

253 3830 59 39 16
337 3841 42 36 p.
437 3829 55 40 20
496 3832 43 20 cm
544 3860 8 8 .

188 3883 51 51 ©
270 3887 119 46 July
415 3886 68 47 14,
645 3897 8 35 1934;
685 3885 65 40 2c.
780 3887 94 38 and
904 3884 80 41 aff.
1015 3885 115 47 July
1159 3885 54 40 18;
1273 3885 40 38 A
1342 3883 169 48 73492;
1545 3884 53 38 R.
1632 3885 50 37 E.
1715 3883 261 41 Needliam,
255 3882 1909 107 Greenville,
414 3943 81 39 Pa.
