<alto xmlns="http://www.loc.gov/standards/alto/ns-v3#" xmlns:xlink="http://www.w3.org/1999/xlink" xmlns:xsi="http://www.w3.org/2001/XMLSchema-instance" xsi:schemaLocation="http://www.loc.gov/standards/alto/ns-v3# http://www.loc.gov/alto/v3/alto-3-0.xsd"><Description>
<MeasurementUnit>pixel</MeasurementUnit>
<sourceImageInformation>
<fileName>1934_v1_Part1.pdf</fileName>
</sourceImageInformation>
<OCRProcessing ID="IdOcr">
<ocrProcessingStep>
<processingDateTime>2019-01-10</processingDateTime>
<processingSoftware>
<softwareCreator>ABBYY</softwareCreator>
<softwareName>ABBYY Recognition Server</softwareName>
<softwareVersion>4.0</softwareVersion>
</processingSoftware>
</ocrProcessingStep>
</OCRProcessing>
</Description>
<Styles>
<ParagraphStyle ID="StyleId-FFFFFFFF-FFFF-FFFF-FFFF-FFFFFFFFFFFF-" ALIGN="Left" LEFT="0." RIGHT="0." FIRSTLINE="0."/>
<ParagraphStyle ID="StyleId-521E1FC6-FE7E-43A4-90E6-A9B61626A263-" ALIGN="Right" LEFT="0." RIGHT="0." FIRSTLINE="0." LINESPACE="13.30000019"/>
<ParagraphStyle ID="StyleId-639B624E-F6F5-47B6-BB1D-34E64B53022F-" ALIGN="Left" LEFT="0." RIGHT="0." FIRSTLINE="-27." LINESPACE="13.43999958"/>
<ParagraphStyle ID="StyleId-100905F9-D385-406B-A5BD-ED5B8FD85431-" ALIGN="Left" LEFT="0." RIGHT="0." FIRSTLINE="0."/>
<ParagraphStyle ID="StyleId-7C9F9BA2-EF3A-4B7F-8486-CCC7B7F49B39-" ALIGN="Left" LEFT="0." RIGHT="0." FIRSTLINE="-27." LINESPACE="18.71999931"/>
<ParagraphStyle ID="StyleId-350780E3-60F2-4605-88F5-BB54F9B87091-" ALIGN="Block" LEFT="0." RIGHT="0." FIRSTLINE="-27." LINESPACE="18.71999931"/>
<ParagraphStyle ID="StyleId-90B16C58-D795-4C77-9B89-30378C515D40-" ALIGN="Left" LEFT="0." RIGHT="0." FIRSTLINE="0." LINESPACE="14.39999962"/>
<ParagraphStyle ID="StyleId-17090E09-AFAF-4086-BD9B-4E99FAE6B057-" ALIGN="Right" LEFT="0." RIGHT="0." FIRSTLINE="-27." LINESPACE="14.39999962"/>
<ParagraphStyle ID="StyleId-8B87B633-89DB-4D72-B1FC-26E4ABD680BC-" ALIGN="Left" LEFT="0." RIGHT="0." FIRSTLINE="-27." LINESPACE="18.47999954"/>
<ParagraphStyle ID="StyleId-42DA7417-CA90-4D71-A57B-06556C38D752-" ALIGN="Left" LEFT="0." RIGHT="0." FIRSTLINE="0." LINESPACE="13.30000019"/>
<ParagraphStyle ID="StyleId-D8EE2A7E-42AE-4E35-98DB-F0F935637AA0-" ALIGN="Block" LEFT="0." RIGHT="0." FIRSTLINE="0." LINESPACE="6.599999905"/>
<ParagraphStyle ID="StyleId-33CD3121-D4F5-43B6-BA96-6382D166E6B8-" ALIGN="Left" LEFT="0." RIGHT="0." FIRSTLINE="0." LINESPACE="15.5"/>
<ParagraphStyle ID="StyleId-1CE52AFA-C319-4DD9-B4B1-F0EBFA2B3F0B-" ALIGN="Block" LEFT="0." RIGHT="0." FIRSTLINE="-21." LINESPACE="18.71999931"/>
<ParagraphStyle ID="StyleId-B74F1B65-92F1-49C5-A5FA-D20442F031F2-" ALIGN="Left" LEFT="0." RIGHT="0." FIRSTLINE="0." LINESPACE="17.70006076"/>
<ParagraphStyle ID="StyleId-79E2924A-215C-40B7-B577-7236BFBAA25E-" ALIGN="Center" LEFT="0." RIGHT="0." FIRSTLINE="0." LINESPACE="7.199999809"/>
</Styles>
<Layout>
<Page ID="Page778" PHYSICAL_IMG_NR="778" HEIGHT="4196" WIDTH="2350">
<TopMargin HEIGHT="377" WIDTH="2350" VPOS="0" HPOS="0">
</TopMargin>
<LeftMargin HEIGHT="3709" WIDTH="196" VPOS="377" HPOS="0">
</LeftMargin>
<RightMargin HEIGHT="3709" WIDTH="126" VPOS="377" HPOS="2224">
</RightMargin>
<BottomMargin HEIGHT="110" WIDTH="2350" VPOS="4086" HPOS="0">
</BottomMargin>
<PrintSpace HEIGHT="3709" WIDTH="2028" VPOS="377" HPOS="196">
<TextBlock ID="Page778_Block1" HEIGHT="116" WIDTH="313" VPOS="3970" HPOS="1129" LANG="en-US" STYLEREFS="StyleId-76BEF879-D4C5-4F98-8BE1-2749F068F15F-">
<Shape>
<Polygon POINTS="1129,3970 1278,3970 1278,3971 1442,3971 1442,4086 1276,4086 1276,4085 1129,4085 1129,3970"/>
</Shape>
<TextLine HEIGHT="54" WIDTH="100" VPOS="4003" HPOS="1151">
<String CONTENT="778" HEIGHT="54" WIDTH="100" VPOS="4003" HPOS="1151"/>
</TextLine>
</TextBlock>
<TextBlock ID="Page778_Block2" HEIGHT="3622" WIDTH="2028" VPOS="377" HPOS="196" LANG="en-US" CS="1" STYLEREFS="StyleId-7207C911-5579-4749-89A9-252013D5AD7A-">
<Shape>
<Polygon POINTS="214,377 260,377 260,378 463,378 463,379 667,379 667,380 870,380 870,381 1074,381 1074,382 1278,382 1278,383 1481,383 1481,384 1685,384 1685,385 1888,385 1888,386 2092,386 2092,387 2224,387 2224,471 2223,471 2223,674 2222,674 2222,878 2221,878 2221,1081 2220,1081 2220,1285 2219,1285 2219,1488 2218,1488 2218,1692 2217,1692 2217,1895 2216,1895 2216,2099 2215,2099 2215,2302 2214,2302 2214,2506 2213,2506 2213,2709 2212,2709 2212,2913 2211,2913 2211,3116 2210,3116 2210,3320 2209,3320 2209,3523 2208,3523 2208,3727 2207,3727 2207,3931 2206,3931 2206,3941 807,3941 807,3992 665,3992 665,3991 462,3991 462,3990 258,3990 258,3989 196,3989 196,3929 197,3929 197,3725 198,3725 198,3522 199,3522 199,3318 200,3318 200,3115 201,3115 201,2911 202,2911 202,2708 203,2708 203,2504 204,2504 204,2301 205,2301 205,2097 206,2097 206,1894 207,1894 207,1690 208,1690 208,1487 209,1487 209,1283 210,1283 210,1080 211,1080 211,876 212,876 212,673 213,673 213,469 214,469 214,377"/>
</Shape>
<TextLine HEIGHT="60" WIDTH="1798" VPOS="455" HPOS="408">
<String CONTENT="to" HEIGHT="38" WIDTH="48" VPOS="461" HPOS="408"/>
<SP HEIGHT="31" WIDTH="30" VPOS="469" HPOS="456"/>
<String CONTENT="supply" HEIGHT="47" WIDTH="172" VPOS="460" HPOS="487"/>
<SP HEIGHT="47" WIDTH="31" VPOS="460" HPOS="659"/>
<String CONTENT="definite" HEIGHT="41" WIDTH="195" VPOS="460" HPOS="690"/>
<SP HEIGHT="38" WIDTH="29" VPOS="462" HPOS="885"/>
<String CONTENT="directions" HEIGHT="42" WIDTH="262" VPOS="460" HPOS="914"/>
<SP HEIGHT="40" WIDTH="28" VPOS="461" HPOS="1176"/>
<String CONTENT="for" HEIGHT="40" WIDTH="80" VPOS="461" HPOS="1204"/>
<SP HEIGHT="38" WIDTH="31" VPOS="463" HPOS="1284"/>
<String CONTENT="the" HEIGHT="39" WIDTH="82" VPOS="462" HPOS="1315"/>
<SP HEIGHT="30" WIDTH="29" VPOS="471" HPOS="1397"/>
<String CONTENT="study" HEIGHT="48" WIDTH="146" VPOS="461" HPOS="1427"/>
<SP HEIGHT="37" WIDTH="31" VPOS="472" HPOS="1573"/>
<String CONTENT="of" HEIGHT="40" WIDTH="50" VPOS="461" HPOS="1605"/>
<SP HEIGHT="40" WIDTH="33" VPOS="461" HPOS="1655"/>
<String CONTENT="the" HEIGHT="40" WIDTH="81" VPOS="462" HPOS="1688"/>
<SP HEIGHT="37" WIDTH="32" VPOS="465" HPOS="1769"/>
<String CONTENT="textbook," HEIGHT="50" WIDTH="241" VPOS="462" HPOS="1801"/>
<SP HEIGHT="45" WIDTH="31" VPOS="467" HPOS="2042"/>
<String CONTENT="there" HEIGHT="43" WIDTH="133" VPOS="463" HPOS="2073"/>
</TextLine>
<TextLine HEIGHT="55" WIDTH="1172" VPOS="512" HPOS="226" CS="1">
<String CONTENT="has" HEIGHT="39" WIDTH="88" VPOS="516" HPOS="226"/>
<SP HEIGHT="39" WIDTH="32" VPOS="516" HPOS="315"/>
<String CONTENT="been" HEIGHT="39" WIDTH="115" VPOS="516" HPOS="348"/>
<SP HEIGHT="38" WIDTH="30" VPOS="525" HPOS="464"/>
<String CONTENT="prepared" HEIGHT="49" WIDTH="236" VPOS="515" HPOS="495"/>
<SP HEIGHT="40" WIDTH="30" VPOS="516" HPOS="732"/>
<String CONTENT="a" HEIGHT="29" WIDTH="27" VPOS="527" HPOS="763"/>
<SP HEIGHT="29" WIDTH="32" VPOS="527" HPOS="791"/>
<String CONTENT="companion" HEIGHT="50" WIDTH="283" VPOS="516" HPOS="824"/>
<SP HEIGHT="28" WIDTH="32" VPOS="529" HPOS="1108"/>
<String CONTENT="workbook" HEIGHT="41" WIDTH="257" VPOS="517" HPOS="1141"/>
</TextLine>
<TextLine HEIGHT="46" WIDTH="776" VPOS="516" HPOS="1431">
<String CONTENT="entitled" HEIGHT="42" WIDTH="202" VPOS="516" HPOS="1431"/>
<SP HEIGHT="39" WIDTH="31" VPOS="519" HPOS="1634"/>
<String CONTENT="&#8216;Directed" HEIGHT="43" WIDTH="240" VPOS="517" HPOS="1666"/>
<SP HEIGHT="39" WIDTH="33" VPOS="521" HPOS="1907"/>
<String CONTENT="studies" HEIGHT="42" WIDTH="185" VPOS="520" HPOS="1941"/>
<SP HEIGHT="42" WIDTH="31" VPOS="520" HPOS="2127"/>
<String CONTENT="in" HEIGHT="41" WIDTH="48" VPOS="520" HPOS="2159"/>
</TextLine>
<TextLine HEIGHT="60" WIDTH="1934" VPOS="566" HPOS="226" CS="1">
<String CONTENT="business" HEIGHT="42" WIDTH="221" VPOS="570" HPOS="226"/>
<SP HEIGHT="40" WIDTH="29" VPOS="573" HPOS="448"/>
<String CONTENT="law&#8217;." HEIGHT="40" WIDTH="123" VPOS="572" HPOS="478"/>
<SP HEIGHT="40" WIDTH="59" VPOS="572" HPOS="602"/>
<String CONTENT="These" HEIGHT="42" WIDTH="155" VPOS="572" HPOS="662"/>
<SP HEIGHT="38" WIDTH="31" VPOS="576" HPOS="818"/>
<String CONTENT="two" HEIGHT="39" WIDTH="93" VPOS="576" HPOS="850"/>
<SP HEIGHT="40" WIDTH="32" VPOS="574" HPOS="944"/>
<String CONTENT="books" HEIGHT="41" WIDTH="147" VPOS="574" HPOS="977"/>
<SP HEIGHT="29" WIDTH="31" VPOS="585" HPOS="1125"/>
<String CONTENT="offer" HEIGHT="40" WIDTH="119" VPOS="574" HPOS="1157"/>
<SP HEIGHT="30" WIDTH="32" VPOS="584" HPOS="1277"/>
<String CONTENT="a" HEIGHT="29" WIDTH="27" VPOS="585" HPOS="1310"/>
<SP HEIGHT="30" WIDTH="33" VPOS="584" HPOS="1338"/>
<String CONTENT="complete" HEIGHT="49" WIDTH="235" VPOS="573" HPOS="1372"/>
<SP HEIGHT="31" WIDTH="29" VPOS="584" HPOS="1608"/>
<String CONTENT="service," HEIGHT="48" WIDTH="197" VPOS="574" HPOS="1638"/>
<SP HEIGHT="38" WIDTH="33" VPOS="586" HPOS="1836"/>
<String CONTENT="providing" HEIGHT="52" WIDTH="256" VPOS="574" HPOS="1870"/>
<SP HEIGHT="38" WIDTH="33" VPOS="587" HPOS="2127"/>
<String CS="1" CONTENT="&#8230;"/>
</TextLine>
<TextLine HEIGHT="60" WIDTH="1629" VPOS="622" HPOS="229" CS="1">
<String CONTENT="the" HEIGHT="40" WIDTH="78" VPOS="629" HPOS="230"/>
<SP HEIGHT="30" WIDTH="22" VPOS="638" HPOS="309"/>
<String CONTENT="most" HEIGHT="37" WIDTH="123" VPOS="631" HPOS="332"/>
<SP HEIGHT="38" WIDTH="20" VPOS="631" HPOS="456"/>
<String CONTENT="modern" HEIGHT="40" WIDTH="197" VPOS="630" HPOS="477"/>
<SP HEIGHT="29" WIDTH="23" VPOS="640" HPOS="675"/>
<String CONTENT="of" HEIGHT="40" WIDTH="51" VPOS="629" HPOS="699"/>
<SP HEIGHT="40" WIDTH="20" VPOS="629" HPOS="751"/>
<String CONTENT="teaching" HEIGHT="49" WIDTH="226" VPOS="629" HPOS="771"/>
<SP HEIGHT="37" WIDTH="23" VPOS="641" HPOS="997"/>
<String CONTENT="and" HEIGHT="41" WIDTH="95" VPOS="630" HPOS="1021"/>
<SP HEIGHT="39" WIDTH="22" VPOS="631" HPOS="1117"/>
<String CONTENT="testing" HEIGHT="48" WIDTH="182" VPOS="630" HPOS="1139"/>
<SP HEIGHT="46" WIDTH="21" VPOS="632" HPOS="1321"/>
<String CONTENT="techniques.&#8221;&#8212;Pref." HEIGHT="51" WIDTH="516" VPOS="628" HPOS="1342"/>
</TextLine>
<TextLine HEIGHT="63" WIDTH="1978" VPOS="679" HPOS="229" CS="1">
<String CONTENT="&#169;" HEIGHT="53" WIDTH="52" VPOS="680" HPOS="229"/>
<SP/>
<String CONTENT="May" HEIGHT="46" WIDTH="113" VPOS="687" HPOS="311"/>
<SP HEIGHT="47" WIDTH="26" VPOS="686" HPOS="425"/>
<String CONTENT="23," HEIGHT="47" WIDTH="68" VPOS="685" HPOS="452"/>
<SP HEIGHT="45" WIDTH="28" VPOS="687" HPOS="521"/>
<String CONTENT="1934;" HEIGHT="46" WIDTH="140" VPOS="686" HPOS="550"/>
<SP HEIGHT="45" WIDTH="29" VPOS="687" HPOS="691"/>
<String CONTENT="2c." HEIGHT="39" WIDTH="66" VPOS="687" HPOS="721"/>
<SP HEIGHT="28" WIDTH="28" VPOS="698" HPOS="788"/>
<String CONTENT="and" HEIGHT="39" WIDTH="95" VPOS="688" HPOS="817"/>
<SP HEIGHT="37" WIDTH="28" VPOS="689" HPOS="913"/>
<String CONTENT="aff." HEIGHT="40" WIDTH="80" VPOS="687" HPOS="942"/>
<SP HEIGHT="39" WIDTH="30" VPOS="688" HPOS="1023"/>
<String CONTENT="June" HEIGHT="40" WIDTH="123" VPOS="688" HPOS="1054"/>
<SP HEIGHT="37" WIDTH="28" VPOS="689" HPOS="1178"/>
<String CONTENT="18;" HEIGHT="45" WIDTH="80" VPOS="688" HPOS="1207"/>
<SP HEIGHT="45" WIDTH="31" VPOS="688" HPOS="1288"/>
<!-- cceid C1C88569-6C64-1014-8713-889FF4349C01 --><String CONTENT="A" HEIGHT="38" WIDTH="42" VPOS="688" HPOS="1320"/>
<SP HEIGHT="39" WIDTH="26" VPOS="688" HPOS="1363"/>
<String CONTENT="72846;" HEIGHT="48" WIDTH="169" VPOS="686" HPOS="1390"/>
<SP HEIGHT="47" WIDTH="32" VPOS="687" HPOS="1560"/>
<String CONTENT="G." HEIGHT="40" WIDTH="50" VPOS="687" HPOS="1593"/>
<SP HEIGHT="39" WIDTH="33" VPOS="688" HPOS="1644"/>
<String CONTENT="G." HEIGHT="40" WIDTH="52" VPOS="688" HPOS="1678"/>
<SP HEIGHT="38" WIDTH="30" VPOS="689" HPOS="1731"/>
<String CONTENT="Bogert," HEIGHT="48" WIDTH="191" VPOS="689" HPOS="1762"/>
<SP HEIGHT="47" WIDTH="31" VPOS="689" HPOS="1954"/>
<String CONTENT="Chicago," HEIGHT="49" WIDTH="221" VPOS="688" HPOS="1986"/>
</TextLine>
<TextLine HEIGHT="53" WIDTH="1536" VPOS="739" HPOS="297" CS="1">
<String CONTENT="Kennard" HEIGHT="40" WIDTH="230" VPOS="743" HPOS="297"/>
<SP HEIGHT="38" WIDTH="26" VPOS="743" HPOS="528"/>
<String CONTENT="E." HEIGHT="38" WIDTH="50" VPOS="743" HPOS="555"/>
<SP HEIGHT="39" WIDTH="31" VPOS="742" HPOS="606"/>
<String CONTENT="Goodman" HEIGHT="41" WIDTH="245" VPOS="742" HPOS="638"/>
<SP HEIGHT="29" WIDTH="26" VPOS="754" HPOS="884"/>
<String CONTENT="and" HEIGHT="38" WIDTH="94" VPOS="745" HPOS="911"/>
<SP HEIGHT="39" WIDTH="26" VPOS="744" HPOS="1006"/>
<String CONTENT="William" HEIGHT="41" WIDTH="215" VPOS="743" HPOS="1033"/>
<SP HEIGHT="38" WIDTH="23" VPOS="744" HPOS="1249"/>
<String CONTENT="L." HEIGHT="40" WIDTH="51" VPOS="744" HPOS="1273"/>
<SP HEIGHT="39" WIDTH="28" VPOS="745" HPOS="1325"/>
<String CONTENT="Moore," HEIGHT="46" WIDTH="176" VPOS="745" HPOS="1354"/>
<SP HEIGHT="46" WIDTH="29" VPOS="745" HPOS="1531"/>
<String CONTENT="Cleveland." HEIGHT="40" WIDTH="272" VPOS="745" HPOS="1561"/>
</TextLine>
<TextLine HEIGHT="49" WIDTH="278" VPOS="798" HPOS="309">
<String CONTENT="(34-17256)" HEIGHT="49" WIDTH="278" VPOS="798" HPOS="309"/>
</TextLine>
<TextLine HEIGHT="74" WIDTH="1492" VPOS="897" HPOS="220" STYLEREFS="StyleId-91D05853-21DF-4451-8A54-CB0EC79670E3-">
<String CONTENT="Buel," HEIGHT="64" WIDTH="161" VPOS="900" HPOS="220"/>
<SP HEIGHT="62" WIDTH="29" VPOS="902" HPOS="382"/>
<String CONTENT="Mrs." HEIGHT="54" WIDTH="137" VPOS="902" HPOS="412"/>
<SP HEIGHT="54" WIDTH="31" VPOS="902" HPOS="550"/>
<String CONTENT="Elizabeth" HEIGHT="55" WIDTH="305" VPOS="901" HPOS="582"/>
<SP HEIGHT="53" WIDTH="32" VPOS="904" HPOS="888"/>
<String CONTENT="Cynthia" HEIGHT="66" WIDTH="256" VPOS="901" HPOS="921"/>
<SP HEIGHT="62" WIDTH="29" VPOS="904" HPOS="1178"/>
<String CONTENT="(Barney)" HEIGHT="66" WIDTH="294" VPOS="902" HPOS="1208"/>
<SP HEIGHT="61" WIDTH="39" VPOS="904" HPOS="1503"/>
<String CONTENT="1868-" HEIGHT="52" WIDTH="169" VPOS="905" HPOS="1543"/>
</TextLine>
<TextLine HEIGHT="78" WIDTH="1909" VPOS="974" HPOS="296" STYLEREFS="StyleId-37231083-E637-4776-9EDA-406699488296-">
<String CONTENT="D." HEIGHT="52" WIDTH="69" VPOS="980" HPOS="296"/>
<SP HEIGHT="50" WIDTH="28" VPOS="982" HPOS="366"/>
<String CONTENT="A." HEIGHT="49" WIDTH="70" VPOS="982" HPOS="395"/>
<SP HEIGHT="52" WIDTH="31" VPOS="980" HPOS="466"/>
<String CONTENT="R." HEIGHT="51" WIDTH="65" VPOS="981" HPOS="498"/>
<SP HEIGHT="32" WIDTH="29" VPOS="1000" HPOS="564"/>
<String CONTENT="manual" HEIGHT="53" WIDTH="229" VPOS="980" HPOS="594"/>
<SP HEIGHT="53" WIDTH="29" VPOS="979" HPOS="824"/>
<String CONTENT="for" HEIGHT="54" WIDTH="91" VPOS="979" HPOS="854"/>
<SP HEIGHT="33" WIDTH="29" VPOS="1000" HPOS="946"/>
<String CONTENT="citizenship." HEIGHT="71" WIDTH="348" VPOS="977" HPOS="976"/>
<SP HEIGHT="48" WIDTH="77" VPOS="985" HPOS="1325"/>
<String CONTENT="10th" HEIGHT="52" WIDTH="130" VPOS="980" HPOS="1403"/>
<SP HEIGHT="51" WIDTH="31" VPOS="981" HPOS="1534"/>
<String CONTENT="ed.," HEIGHT="67" WIDTH="103" VPOS="980" HPOS="1566"/>
<SP HEIGHT="49" WIDTH="27" VPOS="999" HPOS="1670"/>
<String CONTENT="rev." HEIGHT="35" WIDTH="111" VPOS="999" HPOS="1698"/>
<SP HEIGHT="48" WIDTH="29" VPOS="986" HPOS="1810"/>
<String CONTENT="to" HEIGHT="47" WIDTH="58" VPOS="986" HPOS="1840"/>
<SP HEIGHT="53" WIDTH="29" VPOS="982" HPOS="1899"/>
<String CONTENT="January," HEIGHT="66" WIDTH="276" VPOS="982" HPOS="1929"/>
</TextLine>
<TextLine HEIGHT="161" WIDTH="1980" VPOS="1050" HPOS="228" STYLEREFS="StyleId-37231083-E637-4776-9EDA-406699488296-" CS="1">
<String CONTENT="1934." HEIGHT="50" WIDTH="146" VPOS="1059" HPOS="229"/>
<SP HEIGHT="54" WIDTH="77" VPOS="1056" HPOS="375"/>
<String CONTENT="Compiled" HEIGHT="70" WIDTH="299" VPOS="1056" HPOS="452"/>
<SP HEIGHT="52" WIDTH="32" VPOS="1058" HPOS="751"/>
<String CONTENT="by" HEIGHT="66" WIDTH="75" VPOS="1059" HPOS="783"/>
<SP HEIGHT="67" WIDTH="34" VPOS="1059" HPOS="858"/>
<String CONTENT="Elizabeth" HEIGHT="53" WIDTH="299" VPOS="1059" HPOS="892"/>
<SP HEIGHT="54" WIDTH="37" VPOS="1059" HPOS="1191"/>
<String CONTENT="C." HEIGHT="55" WIDTH="61" VPOS="1059" HPOS="1228"/>
<SP HEIGHT="49" WIDTH="36" VPOS="1061" HPOS="1289"/>
<String CONTENT="Barney" HEIGHT="64" WIDTH="227" VPOS="1061" HPOS="1325"/>
<SP HEIGHT="64" WIDTH="34" VPOS="1061" HPOS="1552"/>
<String CONTENT="Buel" HEIGHT="53" WIDTH="144" VPOS="1059" HPOS="1586"/>
<SP HEIGHT="51" WIDTH="39" VPOS="1060" HPOS="1730"/>
<String CS="1" CONTENT="&#8230;"/>
<SP HEIGHT="53" WIDTH="77" VPOS="1059" HPOS="1825"/>
<String CONTENT="Washington," HEIGHT="161" WIDTH="1953" VPOS="1050" HPOS="228"/>
<SP HEIGHT="66" WIDTH="31" VPOS="1136" HPOS="343"/>
<String CONTENT="D." HEIGHT="52" WIDTH="70" VPOS="1136" HPOS="375"/>
<SP HEIGHT="55" WIDTH="37" VPOS="1135" HPOS="446"/>
<String CONTENT="C.," HEIGHT="66" WIDTH="80" VPOS="1136" HPOS="484"/>
<SP HEIGHT="65" WIDTH="32" VPOS="1137" HPOS="565"/>
<String CONTENT="The" HEIGHT="53" WIDTH="120" VPOS="1136" HPOS="598"/>
<SP HEIGHT="52" WIDTH="32" VPOS="1137" HPOS="719"/>
<String CONTENT="National" HEIGHT="54" WIDTH="271" VPOS="1136" HPOS="752"/>
<SP HEIGHT="52" WIDTH="31" VPOS="1137" HPOS="1024"/>
<String CONTENT="society," HEIGHT="69" WIDTH="225" VPOS="1134" HPOS="1056"/>
<SP HEIGHT="68" WIDTH="32" VPOS="1136" HPOS="1282"/>
<String CONTENT="Daughters" HEIGHT="68" WIDTH="328" VPOS="1135" HPOS="1315"/>
<SP HEIGHT="35" WIDTH="32" VPOS="1154" HPOS="1644"/>
<String CONTENT="of" HEIGHT="52" WIDTH="63" VPOS="1135" HPOS="1677"/>
<SP HEIGHT="52" WIDTH="32" VPOS="1136" HPOS="1741"/>
<String CONTENT="the" HEIGHT="51" WIDTH="96" VPOS="1137" HPOS="1774"/>
<SP HEIGHT="52" WIDTH="31" VPOS="1137" HPOS="1871"/>
<String CONTENT="American" HEIGHT="54" WIDTH="304" VPOS="1136" HPOS="1903"/>
</TextLine>
<TextLine HEIGHT="69" WIDTH="510" VPOS="1211" HPOS="228" STYLEREFS="StyleId-37231083-E637-4776-9EDA-406699488296-">
<String CONTENT="revolution," HEIGHT="68" WIDTH="332" VPOS="1211" HPOS="228"/>
<SP HEIGHT="60" WIDTH="29" VPOS="1219" HPOS="561"/>
<String CONTENT="1934." HEIGHT="51" WIDTH="147" VPOS="1217" HPOS="591"/>
</TextLine>
<TextLine HEIGHT="57" WIDTH="1049" VPOS="1281" HPOS="300" CS="1">
<String CONTENT="72" HEIGHT="39" WIDTH="53" VPOS="1285" HPOS="300"/>
<SP HEIGHT="46" WIDTH="26" VPOS="1287" HPOS="354"/>
<String CONTENT="p." HEIGHT="37" WIDTH="43" VPOS="1296" HPOS="381"/>
<SP HEIGHT="40" WIDTH="58" VPOS="1286" HPOS="425"/>
<String CONTENT="illus." HEIGHT="39" WIDTH="127" VPOS="1286" HPOS="484"/>
<SP HEIGHT="46" WIDTH="27" VPOS="1285" HPOS="612"/>
<String CONTENT="(incl." HEIGHT="47" WIDTH="133" VPOS="1285" HPOS="640"/>
<SP HEIGHT="42" WIDTH="26" VPOS="1287" HPOS="774"/>
<String CONTENT="double" HEIGHT="42" WIDTH="172" VPOS="1285" HPOS="801"/>
<SP HEIGHT="29" WIDTH="27" VPOS="1297" HPOS="974"/>
<String CONTENT="map)" HEIGHT="50" WIDTH="135" VPOS="1284" HPOS="1002"/>
<SP HEIGHT="48" WIDTH="65" VPOS="1285" HPOS="1138"/>
<String CS="1" CONTENT="18&#189;" HEIGHT="41" WIDTH="56" VPOS="1285" HPOS="1204"/>
<String STYLE="superscript" CONTENT="cm" HEIGHT="22" WIDTH="44" VPOS="1287" HPOS="1291"/>
<String CONTENT="." HEIGHT="8" WIDTH="8" VPOS="1317" HPOS="1341"/>
</TextLine>
<TextLine HEIGHT="57" WIDTH="1903" VPOS="1334" HPOS="305">
<String CONTENT="Earlier" HEIGHT="41" WIDTH="190" VPOS="1342" HPOS="305"/>
<SP HEIGHT="29" WIDTH="38" VPOS="1353" HPOS="496"/>
<String CONTENT="editions" HEIGHT="40" WIDTH="208" VPOS="1343" HPOS="535"/>
<SP HEIGHT="40" WIDTH="37" VPOS="1343" HPOS="744"/>
<String CONTENT="have" HEIGHT="40" WIDTH="121" VPOS="1343" HPOS="782"/>
<SP HEIGHT="38" WIDTH="40" VPOS="1345" HPOS="904"/>
<String CONTENT="title:" HEIGHT="40" WIDTH="135" VPOS="1344" HPOS="945"/>
<SP HEIGHT="38" WIDTH="40" VPOS="1344" HPOS="1081"/>
<String CONTENT="Manual" HEIGHT="41" WIDTH="199" VPOS="1342" HPOS="1122"/>
<SP HEIGHT="39" WIDTH="37" VPOS="1343" HPOS="1322"/>
<String CONTENT="of" HEIGHT="40" WIDTH="49" VPOS="1342" HPOS="1360"/>
<SP HEIGHT="40" WIDTH="39" VPOS="1342" HPOS="1410"/>
<String CONTENT="the" HEIGHT="40" WIDTH="82" VPOS="1343" HPOS="1450"/>
<SP HEIGHT="39" WIDTH="38" VPOS="1343" HPOS="1533"/>
<String CONTENT="United" HEIGHT="41" WIDTH="178" VPOS="1342" HPOS="1572"/>
<SP HEIGHT="40" WIDTH="41" VPOS="1341" HPOS="1751"/>
<String CONTENT="States," HEIGHT="45" WIDTH="174" VPOS="1341" HPOS="1793"/>
<SP HEIGHT="42" WIDTH="41" VPOS="1344" HPOS="1968"/>
<String CONTENT="for" HEIGHT="38" WIDTH="79" VPOS="1344" HPOS="2010"/>
<SP HEIGHT="38" WIDTH="36" VPOS="1345" HPOS="2090"/>
<String CONTENT="the" HEIGHT="39" WIDTH="81" VPOS="1344" HPOS="2127"/>
</TextLine>
<TextLine HEIGHT="57" WIDTH="1159" VPOS="1393" HPOS="231">
<String CONTENT="information" HEIGHT="43" WIDTH="314" VPOS="1395" HPOS="231"/>
<SP HEIGHT="29" WIDTH="26" VPOS="1409" HPOS="546"/>
<String CONTENT="of" HEIGHT="39" WIDTH="51" VPOS="1399" HPOS="573"/>
<SP HEIGHT="39" WIDTH="26" VPOS="1399" HPOS="625"/>
<String CONTENT="immigrants" HEIGHT="50" WIDTH="304" VPOS="1398" HPOS="652"/>
<SP HEIGHT="28" WIDTH="27" VPOS="1411" HPOS="957"/>
<String CONTENT="and" HEIGHT="39" WIDTH="94" VPOS="1401" HPOS="985"/>
<SP HEIGHT="41" WIDTH="27" VPOS="1399" HPOS="1080"/>
<String CONTENT="foreigners." HEIGHT="49" WIDTH="282" VPOS="1398" HPOS="1108"/>
</TextLine>
<TextLine HEIGHT="65" WIDTH="1981" VPOS="1447" HPOS="228" CS="1">
<String CONTENT="&#169;" HEIGHT="53" WIDTH="51" VPOS="1450" HPOS="228"/>
<SP HEIGHT="52" WIDTH="30" VPOS="1451" HPOS="279"/>
<String CONTENT="June" HEIGHT="40" WIDTH="125" VPOS="1456" HPOS="309"/>
<SP HEIGHT="40" WIDTH="26" VPOS="1456" HPOS="434"/>
<String CONTENT="1," HEIGHT="46" WIDTH="39" VPOS="1456" HPOS="460"/>
<SP HEIGHT="45" WIDTH="28" VPOS="1457" HPOS="499"/>
<String CONTENT="1934;" HEIGHT="44" WIDTH="140" VPOS="1457" HPOS="527"/>
<SP HEIGHT="46" WIDTH="30" VPOS="1456" HPOS="667"/>
<String CONTENT="2c." HEIGHT="39" WIDTH="66" VPOS="1457" HPOS="697"/>
<SP HEIGHT="28" WIDTH="28" VPOS="1468" HPOS="763"/>
<String CONTENT="and" HEIGHT="40" WIDTH="96" VPOS="1457" HPOS="791"/>
<SP HEIGHT="39" WIDTH="29" VPOS="1458" HPOS="887"/>
<String CONTENT="aff." HEIGHT="41" WIDTH="80" VPOS="1457" HPOS="916"/>
<SP HEIGHT="41" WIDTH="29" VPOS="1457" HPOS="996"/>
<String CONTENT="June" HEIGHT="40" WIDTH="126" VPOS="1457" HPOS="1025"/>
<SP HEIGHT="38" WIDTH="25" VPOS="1458" HPOS="1151"/>
<String CONTENT="11;" HEIGHT="44" WIDTH="83" VPOS="1458" HPOS="1176"/>
<SP HEIGHT="47" WIDTH="30" VPOS="1456" HPOS="1259"/>
<!-- cceid C1C8F534-6C64-1014-8713-889FF4349C01 --><String CONTENT="A" HEIGHT="38" WIDTH="41" VPOS="1457" HPOS="1289"/>
<SP HEIGHT="39" WIDTH="26" VPOS="1457" HPOS="1330"/>
<String CS="1" CONTENT="72725;" HEIGHT="41" WIDTH="145" VPOS="1456" HPOS="1356"/>
<SP/>
<String CS="1" CONTENT="Natl."/>
<SP HEIGHT="29" WIDTH="28" VPOS="1468" HPOS="1687"/>
<String CONTENT="soc.," HEIGHT="36" WIDTH="108" VPOS="1467" HPOS="1715"/>
<SP HEIGHT="45" WIDTH="28" VPOS="1458" HPOS="1823"/>
<String CONTENT="Daughters" HEIGHT="49" WIDTH="278" VPOS="1456" HPOS="1851"/>
<SP HEIGHT="29" WIDTH="28" VPOS="1469" HPOS="2129"/>
<String CONTENT="of" HEIGHT="41" WIDTH="52" VPOS="1457" HPOS="2157"/>
</TextLine>
<TextLine HEIGHT="51" WIDTH="926" VPOS="1509" HPOS="294">
<String CONTENT="the" HEIGHT="39" WIDTH="80" VPOS="1513" HPOS="294"/>
<SP HEIGHT="39" WIDTH="26" VPOS="1513" HPOS="375"/>
<String CONTENT="Amer." HEIGHT="39" WIDTH="155" VPOS="1513" HPOS="402"/>
<SP HEIGHT="27" WIDTH="30" VPOS="1524" HPOS="558"/>
<String CONTENT="revolution." HEIGHT="41" WIDTH="283" VPOS="1512" HPOS="589"/>
<SP HEIGHT="45" WIDTH="70" VPOS="1514" HPOS="873"/>
<String CONTENT="(34-17081)" HEIGHT="48" WIDTH="276" VPOS="1512" HPOS="944"/>
</TextLine>
<TextLine HEIGHT="70" WIDTH="762" VPOS="1613" HPOS="222" STYLEREFS="StyleId-91D05853-21DF-4451-8A54-CB0EC79670E3-">
<String CONTENT="Charteris," HEIGHT="67" WIDTH="324" VPOS="1614" HPOS="222"/>
<SP HEIGHT="64" WIDTH="28" VPOS="1617" HPOS="547"/>
<String CONTENT="Leslie," HEIGHT="66" WIDTH="209" VPOS="1615" HPOS="576"/>
<SP HEIGHT="61" WIDTH="31" VPOS="1620" HPOS="786"/>
<String CONTENT="1907-" HEIGHT="54" WIDTH="166" VPOS="1616" HPOS="818"/>
</TextLine>
<TextLine HEIGHT="83" WIDTH="1912" VPOS="1681" HPOS="298" STYLEREFS="StyleId-37231083-E637-4776-9EDA-406699488296-">
<String CONTENT="The" HEIGHT="53" WIDTH="120" VPOS="1692" HPOS="298"/>
<SP HEIGHT="36" WIDTH="27" VPOS="1709" HPOS="419"/>
<String CONTENT="misfortunes" HEIGHT="56" WIDTH="366" VPOS="1690" HPOS="447"/>
<SP HEIGHT="35" WIDTH="28" VPOS="1711" HPOS="814"/>
<String CONTENT="of" HEIGHT="52" WIDTH="61" VPOS="1692" HPOS="843"/>
<SP HEIGHT="51" WIDTH="27" VPOS="1693" HPOS="905"/>
<String CONTENT="Mr." HEIGHT="51" WIDTH="108" VPOS="1693" HPOS="933"/>
<SP HEIGHT="52" WIDTH="30" VPOS="1692" HPOS="1042"/>
<String CONTENT="Teal," HEIGHT="67" WIDTH="154" VPOS="1692" HPOS="1073"/>
<SP HEIGHT="60" WIDTH="30" VPOS="1699" HPOS="1228"/>
<String CONTENT="the" HEIGHT="54" WIDTH="92" VPOS="1692" HPOS="1259"/>
<SP HEIGHT="34" WIDTH="29" VPOS="1711" HPOS="1352"/>
<String CONTENT="new" HEIGHT="35" WIDTH="118" VPOS="1710" HPOS="1382"/>
<SP HEIGHT="54" WIDTH="33" VPOS="1691" HPOS="1501"/>
<String CONTENT="Saint" HEIGHT="55" WIDTH="166" VPOS="1691" HPOS="1534"/>
<SP HEIGHT="53" WIDTH="31" VPOS="1691" HPOS="1700"/>
<String CONTENT="book," HEIGHT="68" WIDTH="161" VPOS="1691" HPOS="1731"/>
<SP HEIGHT="68" WIDTH="31" VPOS="1691" HPOS="1892"/>
<String CONTENT="by" HEIGHT="69" WIDTH="73" VPOS="1691" HPOS="1923"/>
<SP HEIGHT="68" WIDTH="32" VPOS="1692" HPOS="1996"/>
<String CONTENT="Leslie" HEIGHT="55" WIDTH="182" VPOS="1689" HPOS="2028"/>
</TextLine>
<TextLine HEIGHT="166" WIDTH="1977" VPOS="1759" HPOS="230" STYLEREFS="StyleId-37231083-E637-4776-9EDA-406699488296-" CS="1">
<String CONTENT="Charteris" HEIGHT="56" WIDTH="290" VPOS="1768" HPOS="231"/>
<SP HEIGHT="34" WIDTH="41" VPOS="1789" HPOS="522"/>
<String CS="1" CONTENT="&#8230;"/>
<SP HEIGHT="56" WIDTH="76" VPOS="1768" HPOS="620"/>
<String CONTENT="Garden" HEIGHT="55" WIDTH="229" VPOS="1769" HPOS="697"/>
<SP HEIGHT="55" WIDTH="36" VPOS="1769" HPOS="927"/>
<String CONTENT="City," HEIGHT="70" WIDTH="150" VPOS="1769" HPOS="964"/>
<SP HEIGHT="70" WIDTH="37" VPOS="1769" HPOS="1115"/>
<String CONTENT="N." HEIGHT="53" WIDTH="68" VPOS="1769" HPOS="1153"/>
<SP HEIGHT="53" WIDTH="40" VPOS="1769" HPOS="1222"/>
<String CONTENT="Y.," HEIGHT="69" WIDTH="88" VPOS="1769" HPOS="1263"/>
<SP HEIGHT="69" WIDTH="36" VPOS="1769" HPOS="1352"/>
<String CONTENT="Pub." HEIGHT="53" WIDTH="140" VPOS="1769" HPOS="1389"/>
<SP HEIGHT="51" WIDTH="41" VPOS="1770" HPOS="1530"/>
<String CONTENT="for" HEIGHT="55" WIDTH="90" VPOS="1770" HPOS="1572"/>
<SP HEIGHT="51" WIDTH="36" VPOS="1775" HPOS="1663"/>
<String CONTENT="the" HEIGHT="53" WIDTH="95" VPOS="1770" HPOS="1700"/>
<SP HEIGHT="54" WIDTH="39" VPOS="1769" HPOS="1796"/>
<String CONTENT="Crime" HEIGHT="57" WIDTH="189" VPOS="1767" HPOS="1836"/>
<SP HEIGHT="35" WIDTH="37" VPOS="1788" HPOS="2026"/>
<String CONTENT="club," HEIGHT="69" WIDTH="143" VPOS="1769" HPOS="2064"/>
<SP/>
<String CONTENT="inc.," HEIGHT="68" WIDTH="121" VPOS="1846" HPOS="233"/>
<SP HEIGHT="67" WIDTH="27" VPOS="1847" HPOS="354"/>
<String CONTENT="by" HEIGHT="69" WIDTH="74" VPOS="1847" HPOS="381"/>
<SP HEIGHT="70" WIDTH="31" VPOS="1847" HPOS="455"/>
<String CONTENT="Doubleday," HEIGHT="68" WIDTH="352" VPOS="1847" HPOS="486"/>
</TextLine>
<TextLine HEIGHT="73" WIDTH="923" VPOS="1845" HPOS="866" STYLEREFS="StyleId-37231083-E637-4776-9EDA-406699488296-">
<String CONTENT="Doran" HEIGHT="54" WIDTH="196" VPOS="1847" HPOS="866"/>
<SP HEIGHT="53" WIDTH="28" VPOS="1848" HPOS="1062"/>
<String CONTENT="&amp;" HEIGHT="49" WIDTH="45" VPOS="1849" HPOS="1090"/>
<SP HEIGHT="50" WIDTH="28" VPOS="1849" HPOS="1135"/>
<String CONTENT="company," HEIGHT="52" WIDTH="294" VPOS="1864" HPOS="1163"/>
<SP HEIGHT="69" WIDTH="27" VPOS="1848" HPOS="1457"/>
<String CONTENT="inc.," HEIGHT="66" WIDTH="127" VPOS="1849" HPOS="1484"/>
<SP HEIGHT="64" WIDTH="29" VPOS="1851" HPOS="1611"/>
<String CONTENT="1934." HEIGHT="50" WIDTH="149" VPOS="1849" HPOS="1640"/>
</TextLine>
<TextLine HEIGHT="53" WIDTH="593" VPOS="1917" HPOS="297" CS="1">
<String CONTENT="5" HEIGHT="41" WIDTH="29" VPOS="1918" HPOS="297"/>
<SP HEIGHT="49" WIDTH="25" VPOS="1918" HPOS="327"/>
<String CONTENT="p." HEIGHT="37" WIDTH="42" VPOS="1930" HPOS="353"/>
<SP/>
<String CS="1" CONTENT="l.," HEIGHT="19" WIDTH="9" VPOS="1949" HPOS="462"/>
<SP HEIGHT="50" WIDTH="27" VPOS="1918" HPOS="472"/>
<String CONTENT="3-326" HEIGHT="42" WIDTH="146" VPOS="1918" HPOS="500"/>
<SP HEIGHT="48" WIDTH="25" VPOS="1920" HPOS="647"/>
<String CONTENT="p." HEIGHT="37" WIDTH="43" VPOS="1931" HPOS="673"/>
<SP HEIGHT="40" WIDTH="56" VPOS="1920" HPOS="717"/>
<String CONTENT="20" HEIGHT="40" WIDTH="55" VPOS="1920" HPOS="774"/>
<String STYLE="superscript" CONTENT="cm" HEIGHT="21" WIDTH="42" VPOS="1922" HPOS="834"/>
<String CONTENT="." HEIGHT="8" WIDTH="8" VPOS="1951" HPOS="882"/>
</TextLine>
<TextLine HEIGHT="47" WIDTH="424" VPOS="1973" HPOS="299">
<String CONTENT="&#8220;First" HEIGHT="41" WIDTH="160" VPOS="1977" HPOS="299"/>
<SP HEIGHT="39" WIDTH="37" VPOS="1980" HPOS="460"/>
<String CONTENT="edition.&#8221;" HEIGHT="44" WIDTH="225" VPOS="1974" HPOS="498"/>
</TextLine>
<TextLine HEIGHT="68" WIDTH="1977" VPOS="2027" HPOS="228">
<String CONTENT="&#169;" HEIGHT="52" WIDTH="52" VPOS="2034" HPOS="228"/>
<SP HEIGHT="51" WIDTH="42" VPOS="2035" HPOS="281"/>
<String CONTENT="May" HEIGHT="46" WIDTH="111" VPOS="2040" HPOS="324"/>
<SP HEIGHT="48" WIDTH="40" VPOS="2039" HPOS="436"/>
<String CONTENT="16," HEIGHT="47" WIDTH="68" VPOS="2037" HPOS="477"/>
<SP HEIGHT="45" WIDTH="41" VPOS="2039" HPOS="546"/>
<String CONTENT="1934;" HEIGHT="47" WIDTH="140" VPOS="2037" HPOS="588"/>
<SP HEIGHT="45" WIDTH="43" VPOS="2039" HPOS="729"/>
<String CONTENT="2c." HEIGHT="38" WIDTH="66" VPOS="2039" HPOS="773"/>
<SP HEIGHT="30" WIDTH="43" VPOS="2047" HPOS="840"/>
<String CONTENT="and" HEIGHT="39" WIDTH="94" VPOS="2038" HPOS="884"/>
<SP HEIGHT="39" WIDTH="41" VPOS="2038" HPOS="979"/>
<String CONTENT="aff." HEIGHT="42" WIDTH="81" VPOS="2036" HPOS="1021"/>
<SP HEIGHT="41" WIDTH="42" VPOS="2037" HPOS="1103"/>
<String CONTENT="June" HEIGHT="40" WIDTH="124" VPOS="2037" HPOS="1146"/>
<SP HEIGHT="40" WIDTH="38" VPOS="2038" HPOS="1271"/>
<String CONTENT="16;" HEIGHT="45" WIDTH="81" VPOS="2038" HPOS="1310"/>
<SP HEIGHT="45" WIDTH="45" VPOS="2038" HPOS="1392"/>
<!-- cceid C1C95911-6C64-1014-8713-889FF4349C01 --><String CONTENT="A" HEIGHT="38" WIDTH="40" VPOS="2038" HPOS="1438"/>
<SP HEIGHT="40" WIDTH="40" VPOS="2037" HPOS="1479"/>
<String CONTENT="72831;" HEIGHT="47" WIDTH="168" VPOS="2037" HPOS="1520"/>
<SP HEIGHT="46" WIDTH="45" VPOS="2038" HPOS="1689"/>
<String CONTENT="L." HEIGHT="39" WIDTH="49" VPOS="2038" HPOS="1735"/>
<SP HEIGHT="41" WIDTH="43" VPOS="2037" HPOS="1785"/>
<String CONTENT="Charteris," HEIGHT="49" WIDTH="263" VPOS="2035" HPOS="1829"/>
<SP HEIGHT="46" WIDTH="45" VPOS="2038" HPOS="2093"/>
<String CONTENT="St." HEIGHT="41" WIDTH="66" VPOS="2038" HPOS="2139"/>
</TextLine>
<TextLine HEIGHT="61" WIDTH="1321" VPOS="2088" HPOS="295">
<String CONTENT="George&#8217;s" HEIGHT="50" WIDTH="225" VPOS="2094" HPOS="295"/>
<SP HEIGHT="38" WIDTH="27" VPOS="2096" HPOS="520"/>
<String CONTENT="Hill," HEIGHT="46" WIDTH="118" VPOS="2095" HPOS="548"/>
<SP HEIGHT="46" WIDTH="31" VPOS="2096" HPOS="666"/>
<String CONTENT="Weybridge," HEIGHT="50" WIDTH="301" VPOS="2093" HPOS="697"/>
<SP HEIGHT="46" WIDTH="33" VPOS="2095" HPOS="998"/>
<String CONTENT="England." HEIGHT="47" WIDTH="233" VPOS="2094" HPOS="1031"/>
<SP HEIGHT="48" WIDTH="73" VPOS="2093" HPOS="1264"/>
<String CONTENT="(34-16902)" HEIGHT="49" WIDTH="279" VPOS="2093" HPOS="1337"/>
</TextLine>
<TextLine HEIGHT="73" WIDTH="970" VPOS="2194" HPOS="220" STYLEREFS="StyleId-91D05853-21DF-4451-8A54-CB0EC79670E3-">
<String CONTENT="Clark," HEIGHT="66" WIDTH="193" VPOS="2197" HPOS="220"/>
<SP HEIGHT="64" WIDTH="30" VPOS="2199" HPOS="414"/>
<String CONTENT="Charles" HEIGHT="56" WIDTH="246" VPOS="2197" HPOS="445"/>
<SP HEIGHT="52" WIDTH="27" VPOS="2200" HPOS="692"/>
<String CONTENT="Edward," HEIGHT="65" WIDTH="270" VPOS="2197" HPOS="720"/>
<SP HEIGHT="63" WIDTH="31" VPOS="2199" HPOS="991"/>
<String CONTENT="1889-" HEIGHT="51" WIDTH="167" VPOS="2199" HPOS="1023"/>
</TextLine>
<TextLine HEIGHT="84" WIDTH="1913" VPOS="2266" HPOS="293" STYLEREFS="StyleId-37231083-E637-4776-9EDA-406699488296-">
<String CONTENT="Cases" HEIGHT="55" WIDTH="169" VPOS="2276" HPOS="293"/>
<SP HEIGHT="34" WIDTH="56" VPOS="2296" HPOS="462"/>
<String CONTENT="on" HEIGHT="35" WIDTH="73" VPOS="2294" HPOS="518"/>
<SP HEIGHT="49" WIDTH="52" VPOS="2293" HPOS="591"/>
<String CONTENT="pleading" HEIGHT="71" WIDTH="272" VPOS="2273" HPOS="643"/>
<SP HEIGHT="65" WIDTH="55" VPOS="2278" HPOS="915"/>
<String CONTENT="&amp;" HEIGHT="49" WIDTH="47" VPOS="2278" HPOS="970"/>
<SP HEIGHT="64" WIDTH="52" VPOS="2278" HPOS="1017"/>
<String CONTENT="procedure." HEIGHT="70" WIDTH="325" VPOS="2274" HPOS="1069"/>
<SP HEIGHT="56" WIDTH="91" VPOS="2273" HPOS="1394"/>
<String CONTENT="One" HEIGHT="55" WIDTH="123" VPOS="2274" HPOS="1485"/>
<SP HEIGHT="35" WIDTH="54" VPOS="2293" HPOS="1608"/>
<String CONTENT="volume" HEIGHT="53" WIDTH="222" VPOS="2274" HPOS="1662"/>
<SP HEIGHT="37" WIDTH="57" VPOS="2291" HPOS="1884"/>
<String CONTENT="ed." HEIGHT="52" WIDTH="85" VPOS="2274" HPOS="1941"/>
<SP HEIGHT="52" WIDTH="90" VPOS="2274" HPOS="2026"/>
<String CONTENT="By" HEIGHT="67" WIDTH="90" VPOS="2275" HPOS="2116"/>
</TextLine>
<TextLine HEIGHT="79" WIDTH="1982" VPOS="2345" HPOS="224" STYLEREFS="StyleId-37231083-E637-4776-9EDA-406699488296-" CS="1">
<String CONTENT="Charles" HEIGHT="56" WIDTH="235" VPOS="2353" HPOS="224"/>
<SP HEIGHT="52" WIDTH="46" VPOS="2354" HPOS="460"/>
<String CONTENT="E." HEIGHT="51" WIDTH="67" VPOS="2355" HPOS="507"/>
<SP HEIGHT="54" WIDTH="46" VPOS="2354" HPOS="575"/>
<String CONTENT="Clark" HEIGHT="56" WIDTH="177" VPOS="2353" HPOS="622"/>
<SP HEIGHT="51" WIDTH="48" VPOS="2354" HPOS="800"/>
<String CS="1" CONTENT="&#8230;"/>
<SP HEIGHT="54" WIDTH="85" VPOS="2353" HPOS="905"/>
<String CONTENT="St." HEIGHT="55" WIDTH="84" VPOS="2353" HPOS="991"/>
<SP HEIGHT="51" WIDTH="45" VPOS="2354" HPOS="1076"/>
<String CONTENT="Paul," HEIGHT="66" WIDTH="163" VPOS="2354" HPOS="1122"/>
<SP HEIGHT="66" WIDTH="44" VPOS="2354" HPOS="1286"/>
<String CONTENT="West" HEIGHT="55" WIDTH="158" VPOS="2354" HPOS="1331"/>
<SP HEIGHT="60" WIDTH="45" VPOS="2361" HPOS="1490"/>
<String CONTENT="publishing" HEIGHT="70" WIDTH="331" VPOS="2352" HPOS="1536"/>
<SP HEIGHT="51" WIDTH="43" VPOS="2370" HPOS="1868"/>
<String CONTENT="company," HEIGHT="51" WIDTH="294" VPOS="2370" HPOS="1912"/>
</TextLine>
<TextLine HEIGHT="51" WIDTH="148" VPOS="2434" HPOS="223" STYLEREFS="StyleId-37231083-E637-4776-9EDA-406699488296-">
<String CONTENT="1934." HEIGHT="51" WIDTH="148" VPOS="2434" HPOS="223"/>
</TextLine>
<TextLine HEIGHT="67" WIDTH="1914" VPOS="2496" HPOS="293" CS="1">
<String CONTENT="1" HEIGHT="39" WIDTH="24" VPOS="2506" HPOS="293"/>
<SP HEIGHT="48" WIDTH="25" VPOS="2506" HPOS="318"/>
<String CONTENT="p." HEIGHT="37" WIDTH="42" VPOS="2517" HPOS="344"/>
<SP/>
<String CS="1" CONTENT="l.," HEIGHT="16" WIDTH="9" VPOS="2535" HPOS="448"/>
<SP HEIGHT="37" WIDTH="23" VPOS="2515" HPOS="458"/>
<String CONTENT="v-xxii," HEIGHT="47" WIDTH="179" VPOS="2504" HPOS="482"/>
<SP HEIGHT="49" WIDTH="25" VPOS="2503" HPOS="662"/>
<String CONTENT="905" HEIGHT="40" WIDTH="84" VPOS="2504" HPOS="688"/>
<SP HEIGHT="49" WIDTH="25" VPOS="2504" HPOS="773"/>
<String CONTENT="p." HEIGHT="38" WIDTH="41" VPOS="2515" HPOS="799"/>
<SP HEIGHT="39" WIDTH="53" VPOS="2504" HPOS="841"/>
<String CONTENT="26" HEIGHT="40" WIDTH="57" VPOS="2504" HPOS="895"/>
<String STYLE="superscript" CS="1" CONTENT="cm" HEIGHT="21" WIDTH="15" VPOS="2506" HPOS="954"/>
<String CONTENT="." HEIGHT="8" WIDTH="8" VPOS="2535" HPOS="1003"/>
<SP HEIGHT="48" WIDTH="64" VPOS="2504" HPOS="1012"/>
<String CONTENT="(American" HEIGHT="50" WIDTH="277" VPOS="2503" HPOS="1076"/>
<SP HEIGHT="30" WIDTH="27" VPOS="2515" HPOS="1353"/>
<String CONTENT="casebook" HEIGHT="43" WIDTH="236" VPOS="2503" HPOS="1381"/>
<SP HEIGHT="41" WIDTH="26" VPOS="2504" HPOS="1617"/>
<String CONTENT="series;" HEIGHT="48" WIDTH="177" VPOS="2502" HPOS="1643"/>
<SP HEIGHT="46" WIDTH="28" VPOS="2504" HPOS="1820"/>
<String CONTENT="W." HEIGHT="40" WIDTH="73" VPOS="2504" HPOS="1848"/>
<SP HEIGHT="39" WIDTH="28" VPOS="2505" HPOS="1921"/>
<String CONTENT="R." HEIGHT="40" WIDTH="55" VPOS="2505" HPOS="1949"/>
<SP HEIGHT="40" WIDTH="28" VPOS="2505" HPOS="2004"/>
<String CONTENT="Vance," HEIGHT="47" WIDTH="175" VPOS="2505" HPOS="2032"/>
</TextLine>
<TextLine HEIGHT="52" WIDTH="403" VPOS="2558" HPOS="223">
<String CONTENT="general" HEIGHT="46" WIDTH="192" VPOS="2563" HPOS="223"/>
<SP HEIGHT="37" WIDTH="26" VPOS="2564" HPOS="416"/>
<String CONTENT="editor)" HEIGHT="48" WIDTH="183" VPOS="2559" HPOS="443"/>
</TextLine>
<TextLine HEIGHT="67" WIDTH="1841" VPOS="2609" HPOS="226">
<String CONTENT="&#169;" HEIGHT="52" WIDTH="52" VPOS="2616" HPOS="226"/>
<SP HEIGHT="51" WIDTH="27" VPOS="2617" HPOS="279"/>
<String CONTENT="May" HEIGHT="45" WIDTH="112" VPOS="2621" HPOS="307"/>
<SP HEIGHT="46" WIDTH="24" VPOS="2620" HPOS="420"/>
<String CONTENT="10," HEIGHT="47" WIDTH="68" VPOS="2618" HPOS="445"/>
<SP HEIGHT="45" WIDTH="26" VPOS="2620" HPOS="514"/>
<String CONTENT="1934;" HEIGHT="45" WIDTH="139" VPOS="2619" HPOS="541"/>
<SP HEIGHT="44" WIDTH="27" VPOS="2620" HPOS="681"/>
<String CONTENT="2c." HEIGHT="38" WIDTH="66" VPOS="2620" HPOS="709"/>
<SP HEIGHT="40" WIDTH="27" VPOS="2618" HPOS="776"/>
<String CONTENT="June" HEIGHT="40" WIDTH="124" VPOS="2618" HPOS="804"/>
<SP HEIGHT="38" WIDTH="26" VPOS="2619" HPOS="929"/>
<String CONTENT="20;" HEIGHT="44" WIDTH="80" VPOS="2618" HPOS="956"/>
<SP HEIGHT="34" WIDTH="29" VPOS="2628" HPOS="1037"/>
<String CONTENT="aff." HEIGHT="41" WIDTH="81" VPOS="2616" HPOS="1067"/>
<SP HEIGHT="39" WIDTH="25" VPOS="2618" HPOS="1149"/>
<String CONTENT="June" HEIGHT="40" WIDTH="128" VPOS="2618" HPOS="1175"/>
<SP HEIGHT="38" WIDTH="23" VPOS="2619" HPOS="1304"/>
<String CONTENT="21;" HEIGHT="45" WIDTH="80" VPOS="2619" HPOS="1328"/>
<SP HEIGHT="45" WIDTH="30" VPOS="2619" HPOS="1409"/>
<!-- cceid C1C9C0A5-6C64-1014-8713-889FF4349C01 --><String CONTENT="A" HEIGHT="39" WIDTH="40" VPOS="2619" HPOS="1440"/>
<SP HEIGHT="38" WIDTH="25" VPOS="2620" HPOS="1481"/>
<String CONTENT="72912;" HEIGHT="46" WIDTH="169" VPOS="2617" HPOS="1507"/>
<SP HEIGHT="46" WIDTH="27" VPOS="2618" HPOS="1677"/>
<String CONTENT="West" HEIGHT="39" WIDTH="133" VPOS="2619" HPOS="1705"/>
<SP HEIGHT="45" WIDTH="26" VPOS="2620" HPOS="1839"/>
<String CONTENT="pub." HEIGHT="49" WIDTH="107" VPOS="2617" HPOS="1866"/>
<SP HEIGHT="29" WIDTH="27" VPOS="2630" HPOS="1974"/>
<String CONTENT="co." HEIGHT="30" WIDTH="65" VPOS="2628" HPOS="2002"/>
</TextLine>
<TextLine HEIGHT="51" WIDTH="279" VPOS="2675" HPOS="304">
<String CONTENT="(34-17253)" HEIGHT="51" WIDTH="279" VPOS="2675" HPOS="304"/>
</TextLine>
<TextLine HEIGHT="74" WIDTH="856" VPOS="2761" HPOS="220" STYLEREFS="StyleId-91D05853-21DF-4451-8A54-CB0EC79670E3-">
<String CONTENT="Claudy," HEIGHT="65" WIDTH="240" VPOS="2767" HPOS="220"/>
<SP HEIGHT="64" WIDTH="29" VPOS="2768" HPOS="461"/>
<String CONTENT="Carl" HEIGHT="52" WIDTH="133" VPOS="2768" HPOS="491"/>
<SP HEIGHT="51" WIDTH="27" VPOS="2767" HPOS="625"/>
<String CONTENT="Henry," HEIGHT="63" WIDTH="221" VPOS="2767" HPOS="653"/>
<SP HEIGHT="61" WIDTH="32" VPOS="2769" HPOS="875"/>
<String CONTENT="1879-" HEIGHT="53" WIDTH="168" VPOS="2765" HPOS="908"/>
</TextLine>
<TextLine HEIGHT="83" WIDTH="1912" VPOS="2831" HPOS="292" STYLEREFS="StyleId-37231083-E637-4776-9EDA-406699488296-">
<String CONTENT="The" HEIGHT="52" WIDTH="120" VPOS="2845" HPOS="292"/>
<SP HEIGHT="35" WIDTH="35" VPOS="2861" HPOS="413"/>
<String CONTENT="unknown" HEIGHT="54" WIDTH="289" VPOS="2843" HPOS="449"/>
<SP HEIGHT="35" WIDTH="36" VPOS="2861" HPOS="739"/>
<String CONTENT="mason;" HEIGHT="48" WIDTH="225" VPOS="2860" HPOS="776"/>
<SP HEIGHT="48" WIDTH="42" VPOS="2860" HPOS="1002"/>
<String CONTENT="an" HEIGHT="35" WIDTH="73" VPOS="2860" HPOS="1045"/>
<SP HEIGHT="33" WIDTH="38" VPOS="2861" HPOS="1119"/>
<String CONTENT="unique" HEIGHT="64" WIDTH="205" VPOS="2843" HPOS="1158"/>
<SP HEIGHT="52" WIDTH="42" VPOS="2843" HPOS="1364"/>
<String CONTENT="brother" HEIGHT="54" WIDTH="230" VPOS="2842" HPOS="1407"/>
<SP HEIGHT="32" WIDTH="41" VPOS="2861" HPOS="1638"/>
<String CONTENT="of" HEIGHT="53" WIDTH="61" VPOS="2841" HPOS="1680"/>
<SP HEIGHT="51" WIDTH="40" VPOS="2842" HPOS="1742"/>
<String CONTENT="the" HEIGHT="53" WIDTH="96" VPOS="2841" HPOS="1783"/>
<SP HEIGHT="55" WIDTH="41" VPOS="2840" HPOS="1880"/>
<String CONTENT="&#8220;Foreign" HEIGHT="69" WIDTH="282" VPOS="2839" HPOS="1922"/>
</TextLine>
<TextLine HEIGHT="151" WIDTH="1957" VPOS="2911" HPOS="222" STYLEREFS="StyleId-37231083-E637-4776-9EDA-406699488296-" CS="1">
<String CONTENT="countries&#8221;" HEIGHT="57" WIDTH="316" VPOS="2919" HPOS="222"/>
<SP HEIGHT="53" WIDTH="26" VPOS="2921" HPOS="539"/>
<String CONTENT="of" HEIGHT="52" WIDTH="61" VPOS="2922" HPOS="566"/>
<SP HEIGHT="51" WIDTH="32" VPOS="2922" HPOS="628"/>
<String CONTENT="freemasonry," HEIGHT="66" WIDTH="404" VPOS="2922" HPOS="661"/>
<SP HEIGHT="68" WIDTH="25" VPOS="2920" HPOS="1066"/>
<String CONTENT="by" HEIGHT="67" WIDTH="74" VPOS="2921" HPOS="1092"/>
<SP HEIGHT="68" WIDTH="28" VPOS="2920" HPOS="1167"/>
<String CONTENT="Carl" HEIGHT="55" WIDTH="134" VPOS="2920" HPOS="1196"/>
<SP HEIGHT="51" WIDTH="27" VPOS="2921" HPOS="1331"/>
<String CONTENT="H." HEIGHT="52" WIDTH="77" VPOS="2921" HPOS="1359"/>
<SP HEIGHT="55" WIDTH="30" VPOS="2920" HPOS="1437"/>
<String CONTENT="Claudy;" HEIGHT="70" WIDTH="254" VPOS="2919" HPOS="1468"/>
<SP HEIGHT="48" WIDTH="32" VPOS="2938" HPOS="1723"/>
<String CONTENT="with" HEIGHT="53" WIDTH="138" VPOS="2920" HPOS="1756"/>
<SP HEIGHT="51" WIDTH="30" VPOS="2921" HPOS="1895"/>
<String CONTENT="an" HEIGHT="34" WIDTH="72" VPOS="2938" HPOS="1926"/>
<SP HEIGHT="51" WIDTH="27" VPOS="2920" HPOS="1999"/>
<String CONTENT="introduction" HEIGHT="151" WIDTH="1957" VPOS="2911" HPOS="222"/>
</TextLine>
<TextLine HEIGHT="85" WIDTH="1708" VPOS="2991" HPOS="496" STYLEREFS="StyleId-37231083-E637-4776-9EDA-406699488296-">
<String CONTENT="by" HEIGHT="66" WIDTH="74" VPOS="3002" HPOS="496"/>
<SP HEIGHT="68" WIDTH="41" VPOS="3000" HPOS="571"/>
<String CONTENT="Joseph" HEIGHT="68" WIDTH="214" VPOS="2998" HPOS="613"/>
<SP HEIGHT="51" WIDTH="44" VPOS="2999" HPOS="828"/>
<String CONTENT="Fort" HEIGHT="50" WIDTH="140" VPOS="3000" HPOS="873"/>
<SP HEIGHT="53" WIDTH="42" VPOS="2997" HPOS="1014"/>
<String CONTENT="Newton." HEIGHT="54" WIDTH="255" VPOS="2997" HPOS="1057"/>
<SP HEIGHT="51" WIDTH="77" VPOS="2999" HPOS="1313"/>
<String CONTENT="Monroe," HEIGHT="65" WIDTH="253" VPOS="2999" HPOS="1391"/>
<SP HEIGHT="68" WIDTH="41" VPOS="2997" HPOS="1645"/>
<String CONTENT="N." HEIGHT="52" WIDTH="71" VPOS="2998" HPOS="1687"/>
<SP HEIGHT="54" WIDTH="44" VPOS="2998" HPOS="1759"/>
<String CONTENT="C.," HEIGHT="67" WIDTH="81" VPOS="2998" HPOS="1804"/>
<SP HEIGHT="67" WIDTH="41" VPOS="2998" HPOS="1886"/>
<String CONTENT="Nocalore" HEIGHT="53" WIDTH="276" VPOS="2998" HPOS="1928"/>
</TextLine>
<TextLine HEIGHT="68" WIDTH="360" VPOS="3079" HPOS="220" STYLEREFS="StyleId-37231083-E637-4776-9EDA-406699488296-">
<String CONTENT="press." HEIGHT="51" WIDTH="171" VPOS="3095" HPOS="220"/>
<SP HEIGHT="49" WIDTH="37" VPOS="3082" HPOS="391"/>
<String CONTENT="1934." HEIGHT="50" WIDTH="152" VPOS="3080" HPOS="428"/>
</TextLine>
<TextLine HEIGHT="63" WIDTH="1513" VPOS="3143" HPOS="292" CS="1">
<String CONTENT="99" HEIGHT="40" WIDTH="57" VPOS="3151" HPOS="292"/>
<SP HEIGHT="48" WIDTH="20" VPOS="3151" HPOS="350"/>
<String CONTENT="p." HEIGHT="37" WIDTH="43" VPOS="3162" HPOS="371"/>
<SP HEIGHT="39" WIDTH="24" VPOS="3151" HPOS="415"/>
<String CONTENT="incl." HEIGHT="41" WIDTH="107" VPOS="3151" HPOS="440"/>
<SP HEIGHT="31" WIDTH="24" VPOS="3161" HPOS="548"/>
<String CONTENT="mounted" HEIGHT="40" WIDTH="228" VPOS="3150" HPOS="573"/>
<SP/>
<String CS="1" CONTENT="front."/>
<SP HEIGHT="37" WIDTH="58" VPOS="3160" HPOS="975"/>
<String CONTENT="plates," HEIGHT="49" WIDTH="169" VPOS="3149" HPOS="1034"/>
<SP HEIGHT="47" WIDTH="24" VPOS="3149" HPOS="1204"/>
<String CONTENT="12" HEIGHT="40" WIDTH="54" VPOS="3149" HPOS="1229"/>
<SP HEIGHT="48" WIDTH="24" VPOS="3150" HPOS="1284"/>
<String CONTENT="port," HEIGHT="46" WIDTH="122" VPOS="3152" HPOS="1309"/>
<SP HEIGHT="29" WIDTH="25" VPOS="3161" HPOS="1432"/>
<String CONTENT="on" HEIGHT="29" WIDTH="60" VPOS="3161" HPOS="1458"/>
<SP HEIGHT="39" WIDTH="25" VPOS="3151" HPOS="1519"/>
<String CONTENT="1" HEIGHT="39" WIDTH="24" VPOS="3151" HPOS="1545"/>
<SP/>
<String CS="1" CONTENT="l."/>
<SP/>
<String CONTENT="24" HEIGHT="39" WIDTH="56" VPOS="3150" HPOS="1689"/>
<String STYLE="superscript" CONTENT="cm" HEIGHT="21" WIDTH="43" VPOS="3152" HPOS="1747"/>
<String CONTENT="." HEIGHT="8" WIDTH="8" VPOS="3181" HPOS="1797"/>
</TextLine>
<TextLine HEIGHT="60" WIDTH="1911" VPOS="3197" HPOS="293">
<String CONTENT="&#8220;This" HEIGHT="39" WIDTH="144" VPOS="3209" HPOS="293"/>
<SP HEIGHT="31" WIDTH="29" VPOS="3218" HPOS="438"/>
<String CONTENT="edition" HEIGHT="42" WIDTH="182" VPOS="3207" HPOS="468"/>
<SP HEIGHT="41" WIDTH="30" VPOS="3206" HPOS="651"/>
<String CONTENT="is" HEIGHT="40" WIDTH="40" VPOS="3207" HPOS="682"/>
<SP HEIGHT="39" WIDTH="29" VPOS="3208" HPOS="723"/>
<String CONTENT="limited" HEIGHT="41" WIDTH="187" VPOS="3206" HPOS="753"/>
<SP HEIGHT="39" WIDTH="28" VPOS="3207" HPOS="941"/>
<String CONTENT="to" HEIGHT="38" WIDTH="48" VPOS="3208" HPOS="970"/>
<SP HEIGHT="30" WIDTH="30" VPOS="3216" HPOS="1019"/>
<String CONTENT="one" HEIGHT="33" WIDTH="89" VPOS="3214" HPOS="1050"/>
<SP HEIGHT="38" WIDTH="28" VPOS="3207" HPOS="1140"/>
<String CONTENT="hundred" HEIGHT="40" WIDTH="218" VPOS="3207" HPOS="1169"/>
<SP HEIGHT="41" WIDTH="31" VPOS="3206" HPOS="1388"/>
<String CONTENT="fifty-two" HEIGHT="48" WIDTH="226" VPOS="3206" HPOS="1420"/>
<SP HEIGHT="31" WIDTH="33" VPOS="3216" HPOS="1647"/>
<String CONTENT="autographed" HEIGHT="50" WIDTH="331" VPOS="3205" HPOS="1681"/>
<SP HEIGHT="40" WIDTH="31" VPOS="3206" HPOS="2013"/>
<String CONTENT="copies" HEIGHT="48" WIDTH="159" VPOS="3205" HPOS="2045"/>
</TextLine>
<TextLine HEIGHT="50" WIDTH="751" VPOS="3258" HPOS="222">
<String CONTENT="of" HEIGHT="39" WIDTH="52" VPOS="3265" HPOS="222"/>
<SP HEIGHT="39" WIDTH="24" VPOS="3266" HPOS="275"/>
<String CONTENT="which" HEIGHT="40" WIDTH="154" VPOS="3265" HPOS="300"/>
<SP HEIGHT="38" WIDTH="29" VPOS="3266" HPOS="455"/>
<String CONTENT="this" HEIGHT="39" WIDTH="97" VPOS="3265" HPOS="485"/>
<SP HEIGHT="40" WIDTH="23" VPOS="3264" HPOS="583"/>
<String CONTENT="is" HEIGHT="40" WIDTH="41" VPOS="3264" HPOS="607"/>
<SP HEIGHT="31" WIDTH="27" VPOS="3274" HPOS="649"/>
<String CONTENT="number" HEIGHT="40" WIDTH="199" VPOS="3264" HPOS="677"/>
<SP HEIGHT="40" WIDTH="27" VPOS="3263" HPOS="877"/>
<String CONTENT="0.&#8221;" HEIGHT="41" WIDTH="68" VPOS="3262" HPOS="905"/>
</TextLine>
<TextLine HEIGHT="68" WIDTH="1777" VPOS="3311" HPOS="224" CS="1">
<String CONTENT="&#169;" HEIGHT="53" WIDTH="55" VPOS="3318" HPOS="224"/>
<SP HEIGHT="52" WIDTH="32" VPOS="3319" HPOS="280"/>
<String CONTENT="May" HEIGHT="46" WIDTH="113" VPOS="3324" HPOS="313"/>
<SP HEIGHT="49" WIDTH="32" VPOS="3322" HPOS="427"/>
<String CONTENT="19," HEIGHT="47" WIDTH="66" VPOS="3322" HPOS="460"/>
<SP HEIGHT="46" WIDTH="35" VPOS="3323" HPOS="527"/>
<String CONTENT="1934;" HEIGHT="45" WIDTH="139" VPOS="3322" HPOS="563"/>
<SP HEIGHT="45" WIDTH="36" VPOS="3322" HPOS="703"/>
<String CONTENT="2c." HEIGHT="38" WIDTH="66" VPOS="3322" HPOS="740"/>
<SP HEIGHT="29" WIDTH="32" VPOS="3331" HPOS="807"/>
<String CONTENT="and" HEIGHT="39" WIDTH="93" VPOS="3320" HPOS="840"/>
<SP HEIGHT="38" WIDTH="35" VPOS="3321" HPOS="934"/>
<String CONTENT="aff." HEIGHT="39" WIDTH="80" VPOS="3320" HPOS="970"/>
<SP HEIGHT="41" WIDTH="35" VPOS="3319" HPOS="1051"/>
<String CONTENT="June" HEIGHT="39" WIDTH="125" VPOS="3320" HPOS="1087"/>
<SP HEIGHT="39" WIDTH="32" VPOS="3320" HPOS="1213"/>
<String CONTENT="6;" HEIGHT="45" WIDTH="51" VPOS="3320" HPOS="1246"/>
<SP HEIGHT="44" WIDTH="35" VPOS="3321" HPOS="1298"/>
<!-- cceid C1CA27B1-6C64-1014-8713-889FF4349C01 --><String CONTENT="A" HEIGHT="38" WIDTH="41" VPOS="3321" HPOS="1334"/>
<SP HEIGHT="38" WIDTH="33" VPOS="3321" HPOS="1376"/>
<String CONTENT="72654;" HEIGHT="47" WIDTH="170" VPOS="3319" HPOS="1410"/>
<SP HEIGHT="46" WIDTH="39" VPOS="3320" HPOS="1580"/>
<String CONTENT="C." HEIGHT="41" WIDTH="49" VPOS="3320" HPOS="1619"/>
<SP HEIGHT="42" WIDTH="36" VPOS="3320" HPOS="1668"/>
<String CONTENT="H." HEIGHT="38" WIDTH="60" VPOS="3321" HPOS="1704"/>
<SP HEIGHT="40" WIDTH="37" VPOS="3320" HPOS="1764"/>
<String CONTENT="Claudy," HEIGHT="48" WIDTH="200" VPOS="3319" HPOS="1801"/>
</TextLine>
<TextLine HEIGHT="124" WIDTH="1894" VPOS="3311" HPOS="292" CS="1">
<String CONTENT="Washington." HEIGHT="124" WIDTH="1894" VPOS="3311" HPOS="292"/>
<SP HEIGHT="47" WIDTH="70" VPOS="3379" HPOS="472"/>
<String CONTENT="(34-17249)" HEIGHT="52" WIDTH="277" VPOS="3375" HPOS="543"/>
</TextLine>
<TextLine HEIGHT="72" WIDTH="714" VPOS="3465" HPOS="217" STYLEREFS="StyleId-91D05853-21DF-4451-8A54-CB0EC79670E3-">
<String CONTENT="Collins," HEIGHT="67" WIDTH="234" VPOS="3467" HPOS="217"/>
<SP HEIGHT="67" WIDTH="34" VPOS="3468" HPOS="451"/>
<String CONTENT="Gilbert," HEIGHT="65" WIDTH="244" VPOS="3467" HPOS="485"/>
<SP HEIGHT="61" WIDTH="35" VPOS="3471" HPOS="729"/>
<String CONTENT="1890-" HEIGHT="50" WIDTH="166" VPOS="3471" HPOS="765"/>
</TextLine>
<TextLine HEIGHT="170" WIDTH="1952" VPOS="3528" HPOS="225" STYLEREFS="StyleId-37231083-E637-4776-9EDA-406699488296-" CS="1">
<String CONTENT="Death" HEIGHT="54" WIDTH="186" VPOS="3544" HPOS="294"/>
<SP HEIGHT="50" WIDTH="26" VPOS="3546" HPOS="481"/>
<String CONTENT="meets" HEIGHT="48" WIDTH="169" VPOS="3551" HPOS="508"/>
<SP HEIGHT="49" WIDTH="25" VPOS="3550" HPOS="678"/>
<String CONTENT="the" HEIGHT="54" WIDTH="95" VPOS="3544" HPOS="704"/>
<SP HEIGHT="52" WIDTH="22" VPOS="3543" HPOS="800"/>
<String CONTENT="king&#8217;s" HEIGHT="69" WIDTH="183" VPOS="3542" HPOS="823"/>
<SP HEIGHT="36" WIDTH="21" VPOS="3560" HPOS="1007"/>
<String CONTENT="messenger" HEIGHT="53" WIDTH="311" VPOS="3558" HPOS="1029"/>
<SP HEIGHT="49" WIDTH="31" VPOS="3561" HPOS="1341"/>
<String CS="1" CONTENT="[by]" HEIGHT="67" WIDTH="74" VPOS="3542" HPOS="1389"/>
<SP HEIGHT="70" WIDTH="32" VPOS="3541" HPOS="1483"/>
<String CONTENT="Gilbert" HEIGHT="55" WIDTH="222" VPOS="3541" HPOS="1516"/>
<SP HEIGHT="54" WIDTH="24" VPOS="3540" HPOS="1739"/>
<String CONTENT="Collins." HEIGHT="55" WIDTH="230" VPOS="3540" HPOS="1764"/>
<SP HEIGHT="54" WIDTH="64" VPOS="3537" HPOS="1995"/>
<String CONTENT="Garden" HEIGHT="154" WIDTH="1952" VPOS="3528" HPOS="225"/>
<SP HEIGHT="55" WIDTH="30" VPOS="3621" HPOS="334"/>
<String CONTENT="City," HEIGHT="70" WIDTH="149" VPOS="3620" HPOS="365"/>
</TextLine>
<TextLine HEIGHT="87" WIDTH="1655" VPOS="3609" HPOS="546" STYLEREFS="StyleId-37231083-E637-4776-9EDA-406699488296-" CS="1">
<String CONTENT="N." HEIGHT="54" WIDTH="66" VPOS="3621" HPOS="546"/>
<SP HEIGHT="55" WIDTH="35" VPOS="3620" HPOS="613"/>
<String CONTENT="Y.," HEIGHT="69" WIDTH="88" VPOS="3620" HPOS="649"/>
<SP HEIGHT="68" WIDTH="30" VPOS="3621" HPOS="738"/>
<String CONTENT="Pub." HEIGHT="52" WIDTH="139" VPOS="3621" HPOS="769"/>
<SP HEIGHT="52" WIDTH="33" VPOS="3619" HPOS="909"/>
<String CONTENT="for" HEIGHT="54" WIDTH="90" VPOS="3619" HPOS="943"/>
<SP HEIGHT="45" WIDTH="29" VPOS="3626" HPOS="1034"/>
<String CONTENT="the" HEIGHT="52" WIDTH="96" VPOS="3620" HPOS="1064"/>
<SP HEIGHT="54" WIDTH="29" VPOS="3618" HPOS="1161"/>
<String CONTENT="Crime" HEIGHT="55" WIDTH="189" VPOS="3618" HPOS="1191"/>
<SP HEIGHT="35" WIDTH="30" VPOS="3638" HPOS="1381"/>
<String CONTENT="club," HEIGHT="67" WIDTH="144" VPOS="3619" HPOS="1412"/>
<SP HEIGHT="67" WIDTH="29" VPOS="3619" HPOS="1557"/>
<String CONTENT="inc.," HEIGHT="68" WIDTH="125" VPOS="3619" HPOS="1587"/>
<SP HEIGHT="69" WIDTH="29" VPOS="3618" HPOS="1713"/>
<String CONTENT="by" HEIGHT="68" WIDTH="73" VPOS="3618" HPOS="1743"/>
<SP HEIGHT="69" WIDTH="32" VPOS="3617" HPOS="1817"/>
<String CONTENT="Doubleday," HEIGHT="69" WIDTH="351" VPOS="3615" HPOS="1850"/>
</TextLine>
<TextLine HEIGHT="74" WIDTH="925" VPOS="3694" HPOS="225" STYLEREFS="StyleId-37231083-E637-4776-9EDA-406699488296-">
<String CONTENT="Doran" HEIGHT="53" WIDTH="196" VPOS="3699" HPOS="225"/>
<SP HEIGHT="50" WIDTH="29" VPOS="3701" HPOS="421"/>
<String CONTENT="&amp;" HEIGHT="49" WIDTH="44" VPOS="3701" HPOS="450"/>
<SP HEIGHT="49" WIDTH="30" VPOS="3702" HPOS="494"/>
<String CONTENT="company," HEIGHT="51" WIDTH="293" VPOS="3715" HPOS="524"/>
<SP HEIGHT="69" WIDTH="28" VPOS="3697" HPOS="817"/>
<String CONTENT="inc.," HEIGHT="66" WIDTH="125" VPOS="3697" HPOS="845"/>
<SP HEIGHT="63" WIDTH="30" VPOS="3700" HPOS="970"/>
<String CONTENT="1934." HEIGHT="52" WIDTH="150" VPOS="3698" HPOS="1000"/>
</TextLine>
<TextLine HEIGHT="55" WIDTH="741" VPOS="3766" HPOS="292" CS="1">
<String CONTENT="viii" HEIGHT="40" WIDTH="86" VPOS="3769" HPOS="292"/>
<SP HEIGHT="49" WIDTH="37" VPOS="3769" HPOS="379"/>
<String CONTENT="p.," HEIGHT="38" WIDTH="57" VPOS="3781" HPOS="417"/>
<SP HEIGHT="48" WIDTH="36" VPOS="3770" HPOS="475"/>
<String CONTENT="1" HEIGHT="39" WIDTH="24" VPOS="3770" HPOS="512"/>
<SP/>
<String CS="1" CONTENT="l.," HEIGHT="17" WIDTH="9" VPOS="3801" HPOS="612"/>
<SP HEIGHT="48" WIDTH="35" VPOS="3770" HPOS="622"/>
<String CONTENT="368" HEIGHT="41" WIDTH="86" VPOS="3770" HPOS="658"/>
<SP HEIGHT="48" WIDTH="34" VPOS="3770" HPOS="745"/>
<String CONTENT="p." HEIGHT="38" WIDTH="43" VPOS="3780" HPOS="780"/>
<SP HEIGHT="40" WIDTH="65" VPOS="3769" HPOS="824"/>
<String CS="1" CONTENT="19&#189;" HEIGHT="39" WIDTH="54" VPOS="3769" HPOS="890"/>
<String STYLE="superscript" CONTENT="cm" HEIGHT="21" WIDTH="44" VPOS="3771" HPOS="976"/>
<String CONTENT="." HEIGHT="9" WIDTH="8" VPOS="3799" HPOS="1025"/>
</TextLine>
<TextLine HEIGHT="46" WIDTH="415" VPOS="3824" HPOS="293">
<String CONTENT="&#8220;First" HEIGHT="42" WIDTH="162" VPOS="3827" HPOS="293"/>
<SP HEIGHT="37" WIDTH="27" VPOS="3830" HPOS="456"/>
<String CONTENT="edition.&#8221;" HEIGHT="44" WIDTH="224" VPOS="3825" HPOS="484"/>
</TextLine>
<TextLine HEIGHT="70" WIDTH="1978" VPOS="3874" HPOS="221">
<String CONTENT="&#169;" HEIGHT="52" WIDTH="52" VPOS="3883" HPOS="221"/>
<SP HEIGHT="51" WIDTH="25" VPOS="3884" HPOS="273"/>
<String CONTENT="June" HEIGHT="39" WIDTH="125" VPOS="3889" HPOS="298"/>
<SP HEIGHT="40" WIDTH="22" VPOS="3888" HPOS="423"/>
<String CONTENT="20," HEIGHT="47" WIDTH="70" VPOS="3887" HPOS="445"/>
<SP HEIGHT="46" WIDTH="24" VPOS="3888" HPOS="515"/>
<String CONTENT="1934;" HEIGHT="48" WIDTH="140" VPOS="3885" HPOS="539"/>
<SP HEIGHT="46" WIDTH="27" VPOS="3887" HPOS="679"/>
<String CONTENT="2c." HEIGHT="40" WIDTH="64" VPOS="3887" HPOS="707"/>
<SP HEIGHT="29" WIDTH="24" VPOS="3898" HPOS="772"/>
<String CONTENT="and" HEIGHT="42" WIDTH="93" VPOS="3886" HPOS="797"/>
<SP HEIGHT="39" WIDTH="24" VPOS="3887" HPOS="891"/>
<String CONTENT="aff." HEIGHT="40" WIDTH="80" VPOS="3885" HPOS="916"/>
<SP HEIGHT="39" WIDTH="25" VPOS="3886" HPOS="997"/>
<String CONTENT="June" HEIGHT="39" WIDTH="125" VPOS="3886" HPOS="1023"/>
<SP HEIGHT="37" WIDTH="22" VPOS="3887" HPOS="1149"/>
<String CONTENT="22;" HEIGHT="45" WIDTH="82" VPOS="3885" HPOS="1171"/>
<SP HEIGHT="47" WIDTH="28" VPOS="3884" HPOS="1253"/>
<!-- cceid C1CA944F-6C64-1014-8713-889FF4349C01 --><String CONTENT="A" HEIGHT="38" WIDTH="39" VPOS="3885" HPOS="1282"/>
<SP HEIGHT="39" WIDTH="24" VPOS="3885" HPOS="1322"/>
<String CONTENT="72934;" HEIGHT="46" WIDTH="169" VPOS="3884" HPOS="1347"/>
<SP HEIGHT="44" WIDTH="26" VPOS="3886" HPOS="1517"/>
<String CONTENT="Doubleday," HEIGHT="47" WIDTH="296" VPOS="3885" HPOS="1544"/>
<SP HEIGHT="47" WIDTH="26" VPOS="3885" HPOS="1841"/>
<String CONTENT="Doran" HEIGHT="38" WIDTH="164" VPOS="3885" HPOS="1868"/>
<SP HEIGHT="40" WIDTH="25" VPOS="3883" HPOS="2033"/>
<String CONTENT="&amp;" HEIGHT="40" WIDTH="36" VPOS="3883" HPOS="2059"/>
<SP HEIGHT="39" WIDTH="20" VPOS="3884" HPOS="2096"/>
<String CONTENT="co.," HEIGHT="39" WIDTH="82" VPOS="3891" HPOS="2117"/>
</TextLine>
<TextLine HEIGHT="50" WIDTH="440" VPOS="3942" HPOS="284">
<String CONTENT="inc." HEIGHT="42" WIDTH="90" VPOS="3944" HPOS="284"/>
<SP HEIGHT="46" WIDTH="71" VPOS="3944" HPOS="375"/>
<String CONTENT="(34-16900)" HEIGHT="50" WIDTH="277" VPOS="3942" HPOS="447"/>
</TextLine>
</TextBlock>
</PrintSpace>
</Page>
</Layout>
</alto>