<alto xmlns="http://www.loc.gov/standards/alto/ns-v3#" xmlns:xlink="http://www.w3.org/1999/xlink" xmlns:xsi="http://www.w3.org/2001/XMLSchema-instance" xsi:schemaLocation="http://www.loc.gov/standards/alto/ns-v3# http://www.loc.gov/alto/v3/alto-3-0.xsd"><Description>
<MeasurementUnit>pixel</MeasurementUnit>
<sourceImageInformation>
<fileName>1934_v1_Part1.pdf</fileName>
</sourceImageInformation>
<OCRProcessing ID="IdOcr">
<ocrProcessingStep>
<processingDateTime>2019-01-10</processingDateTime>
<processingSoftware>
<softwareCreator>ABBYY</softwareCreator>
<softwareName>ABBYY Recognition Server</softwareName>
<softwareVersion>4.0</softwareVersion>
</processingSoftware>
</ocrProcessingStep>
</OCRProcessing>
</Description>
<Styles>
<ParagraphStyle ID="StyleId-FFFFFFFF-FFFF-FFFF-FFFF-FFFFFFFFFFFF-" ALIGN="Left" LEFT="0." RIGHT="0." FIRSTLINE="0."/>
<ParagraphStyle ID="StyleId-521E1FC6-FE7E-43A4-90E6-A9B61626A263-" ALIGN="Right" LEFT="0." RIGHT="0." FIRSTLINE="0." LINESPACE="13.30000019"/>
<ParagraphStyle ID="StyleId-639B624E-F6F5-47B6-BB1D-34E64B53022F-" ALIGN="Left" LEFT="0." RIGHT="0." FIRSTLINE="-27." LINESPACE="13.43999958"/>
<ParagraphStyle ID="StyleId-100905F9-D385-406B-A5BD-ED5B8FD85431-" ALIGN="Left" LEFT="0." RIGHT="0." FIRSTLINE="0."/>
<ParagraphStyle ID="StyleId-7C9F9BA2-EF3A-4B7F-8486-CCC7B7F49B39-" ALIGN="Left" LEFT="0." RIGHT="0." FIRSTLINE="-27." LINESPACE="18.71999931"/>
<ParagraphStyle ID="StyleId-350780E3-60F2-4605-88F5-BB54F9B87091-" ALIGN="Block" LEFT="0." RIGHT="0." FIRSTLINE="-27." LINESPACE="18.71999931"/>
<ParagraphStyle ID="StyleId-90B16C58-D795-4C77-9B89-30378C515D40-" ALIGN="Left" LEFT="0." RIGHT="0." FIRSTLINE="0." LINESPACE="14.39999962"/>
<ParagraphStyle ID="StyleId-17090E09-AFAF-4086-BD9B-4E99FAE6B057-" ALIGN="Right" LEFT="0." RIGHT="0." FIRSTLINE="-27." LINESPACE="14.39999962"/>
<ParagraphStyle ID="StyleId-8B87B633-89DB-4D72-B1FC-26E4ABD680BC-" ALIGN="Left" LEFT="0." RIGHT="0." FIRSTLINE="-27." LINESPACE="18.47999954"/>
<ParagraphStyle ID="StyleId-42DA7417-CA90-4D71-A57B-06556C38D752-" ALIGN="Left" LEFT="0." RIGHT="0." FIRSTLINE="0." LINESPACE="13.30000019"/>
<ParagraphStyle ID="StyleId-D8EE2A7E-42AE-4E35-98DB-F0F935637AA0-" ALIGN="Block" LEFT="0." RIGHT="0." FIRSTLINE="0." LINESPACE="6.599999905"/>
<ParagraphStyle ID="StyleId-33CD3121-D4F5-43B6-BA96-6382D166E6B8-" ALIGN="Left" LEFT="0." RIGHT="0." FIRSTLINE="0." LINESPACE="15.5"/>
<ParagraphStyle ID="StyleId-1CE52AFA-C319-4DD9-B4B1-F0EBFA2B3F0B-" ALIGN="Block" LEFT="0." RIGHT="0." FIRSTLINE="-21." LINESPACE="18.71999931"/>
<ParagraphStyle ID="StyleId-B74F1B65-92F1-49C5-A5FA-D20442F031F2-" ALIGN="Left" LEFT="0." RIGHT="0." FIRSTLINE="0." LINESPACE="17.70006076"/>
<ParagraphStyle ID="StyleId-79E2924A-215C-40B7-B577-7236BFBAA25E-" ALIGN="Center" LEFT="0." RIGHT="0." FIRSTLINE="0." LINESPACE="7.199999809"/>
</Styles>
<Layout>
<Page ID="Page587" PHYSICAL_IMG_NR="587" HEIGHT="4196" WIDTH="2350">
<TopMargin HEIGHT="347" WIDTH="2350" VPOS="0" HPOS="0">
</TopMargin>
<LeftMargin HEIGHT="3650" WIDTH="162" VPOS="347" HPOS="0">
</LeftMargin>
<RightMargin HEIGHT="3650" WIDTH="163" VPOS="347" HPOS="2187">
</RightMargin>
<BottomMargin HEIGHT="199" WIDTH="2350" VPOS="3997" HPOS="0">
<TextBlock ID="Page587_Block1" HEIGHT="66" WIDTH="110" VPOS="4003" HPOS="1110" LANG="en-US" STYLEREFS="StyleId-61DF1F23-4839-46D2-ADB4-CE4A8DEBF559-">
<TextLine HEIGHT="54" WIDTH="98" VPOS="4009" HPOS="1116">
<String CONTENT="587" HEIGHT="54" WIDTH="98" VPOS="4009" HPOS="1116"/>
</TextLine>
</TextBlock>
</BottomMargin>
<PrintSpace HEIGHT="3650" WIDTH="2025" VPOS="347" HPOS="162">
<TextBlock ID="Page587_Block2" HEIGHT="3650" WIDTH="2025" VPOS="347" HPOS="162" LANG="en-US" CS="1" STYLEREFS="StyleId-D184C099-9BBE-4FFB-91E8-E7C21B4C4EA7-">
<Shape>
<Polygon POINTS="166,347 651,347 651,348 1708,348 1708,349 2187,349 2187,517 2186,517 2186,1574 2185,1574 2185,2631 2184,2631 2184,3688 2183,3688 2183,3997 1699,3997 1699,3996 642,3996 642,3995 162,3995 162,3679 163,3679 163,2622 164,2622 164,1565 165,1565 165,508 166,508 166,347"/>
</Shape>
<TextLine HEIGHT="66" WIDTH="969" VPOS="353" HPOS="176" STYLEREFS="StyleId-7CF3B6E8-3B7C-439C-A991-B078C0099D51-">
<String CONTENT="Morgan," HEIGHT="64" WIDTH="265" VPOS="354" HPOS="176"/>
<SP HEIGHT="63" WIDTH="29" VPOS="355" HPOS="442"/>
<String CONTENT="Thomas" HEIGHT="55" WIDTH="260" VPOS="353" HPOS="472"/>
<SP HEIGHT="54" WIDTH="24" VPOS="354" HPOS="733"/>
<String CONTENT="Hunt," HEIGHT="63" WIDTH="184" VPOS="354" HPOS="758"/>
<SP HEIGHT="60" WIDTH="32" VPOS="357" HPOS="943"/>
<String CONTENT="1866-" HEIGHT="50" WIDTH="169" VPOS="356" HPOS="976"/>
</TextLine>
<TextLine HEIGHT="71" WIDTH="1926" VPOS="430" HPOS="247" STYLEREFS="StyleId-531337E2-4CFA-46D4-B802-9E1F645C86B5-" CS="1">
<String CONTENT="Embryology" HEIGHT="68" WIDTH="393" VPOS="431" HPOS="247"/>
<SP HEIGHT="51" WIDTH="20" VPOS="449" HPOS="641"/>
<String CONTENT="and" HEIGHT="51" WIDTH="113" VPOS="433" HPOS="662"/>
<SP HEIGHT="67" WIDTH="22" VPOS="433" HPOS="776"/>
<String CONTENT="genetics," HEIGHT="68" WIDTH="263" VPOS="432" HPOS="799"/>
<SP HEIGHT="68" WIDTH="21" VPOS="431" HPOS="1063"/>
<String CONTENT="by" HEIGHT="68" WIDTH="74" VPOS="431" HPOS="1085"/>
<SP HEIGHT="68" WIDTH="21" VPOS="431" HPOS="1160"/>
<String CONTENT="Thomas" HEIGHT="53" WIDTH="248" VPOS="431" HPOS="1182"/>
<SP HEIGHT="53" WIDTH="23" VPOS="431" HPOS="1431"/>
<String CONTENT="Hunt" HEIGHT="52" WIDTH="168" VPOS="431" HPOS="1455"/>
<SP HEIGHT="52" WIDTH="20" VPOS="431" HPOS="1624"/>
<String CONTENT="Morgan" HEIGHT="66" WIDTH="245" VPOS="431" HPOS="1645"/>
<SP HEIGHT="33" WIDTH="27" VPOS="450" HPOS="1891"/>
<String CS="1" CONTENT="&#8230;"/>
<SP HEIGHT="52" WIDTH="63" VPOS="432" HPOS="1974"/>
<String CONTENT="New" HEIGHT="52" WIDTH="135" VPOS="432" HPOS="2038"/>
</TextLine>
<TextLine HEIGHT="71" WIDTH="1239" VPOS="506" HPOS="178" STYLEREFS="StyleId-531337E2-4CFA-46D4-B802-9E1F645C86B5-">
<String CONTENT="York," HEIGHT="68" WIDTH="178" VPOS="508" HPOS="178"/>
<SP HEIGHT="69" WIDTH="30" VPOS="507" HPOS="356"/>
<String CONTENT="Columbia" HEIGHT="56" WIDTH="299" VPOS="507" HPOS="386"/>
<SP HEIGHT="33" WIDTH="30" VPOS="528" HPOS="685"/>
<String CONTENT="university" HEIGHT="69" WIDTH="316" VPOS="507" HPOS="716"/>
<SP HEIGHT="49" WIDTH="29" VPOS="527" HPOS="1032"/>
<String CONTENT="press," HEIGHT="50" WIDTH="174" VPOS="526" HPOS="1062"/>
<SP HEIGHT="62" WIDTH="30" VPOS="513" HPOS="1237"/>
<String CONTENT="1934." HEIGHT="51" WIDTH="149" VPOS="511" HPOS="1268"/>
</TextLine>
<TextLine HEIGHT="51" WIDTH="1272" VPOS="581" HPOS="253" CS="1">
<String CONTENT="vii" HEIGHT="39" WIDTH="68" VPOS="583" HPOS="253"/>
<SP HEIGHT="48" WIDTH="22" VPOS="583" HPOS="322"/>
<String CONTENT="p.," HEIGHT="38" WIDTH="57" VPOS="593" HPOS="345"/>
<SP HEIGHT="47" WIDTH="23" VPOS="583" HPOS="403"/>
<String CONTENT="2" HEIGHT="38" WIDTH="25" VPOS="583" HPOS="427"/>
<SP HEIGHT="38" WIDTH="25" VPOS="583" HPOS="453"/>
<String CS="1" CONTENT="l.,"/>
<SP HEIGHT="29" WIDTH="28" VPOS="602" HPOS="524"/>
<String CONTENT="[3]-258" HEIGHT="49" WIDTH="176" VPOS="583" HPOS="553"/>
<SP HEIGHT="47" WIDTH="23" VPOS="584" HPOS="730"/>
<String CS="1" CONTENT="p.,"/>
<SP/>
<String CS="1" CONTENT="1"/>
<SP/>
<String CS="1" CONTENT="l."/>
<SP HEIGHT="40" WIDTH="56" VPOS="583" HPOS="916"/>
<String CONTENT="illus.," HEIGHT="47" WIDTH="144" VPOS="583" HPOS="973"/>
<SP HEIGHT="47" WIDTH="25" VPOS="583" HPOS="1118"/>
<String CONTENT="diagrs." HEIGHT="48" WIDTH="179" VPOS="582" HPOS="1144"/>
<SP HEIGHT="40" WIDTH="51" VPOS="582" HPOS="1324"/>
<String CS="1" CONTENT="22&#189;c" HEIGHT="40" WIDTH="61" VPOS="582" HPOS="1376"/>
<String STYLE="superscript" CONTENT="m" HEIGHT="20" WIDTH="28" VPOS="585" HPOS="1482"/>
<String CONTENT="." HEIGHT="9" WIDTH="10" VPOS="614" HPOS="1515"/>
</TextLine>
<TextLine HEIGHT="50" WIDTH="731" VPOS="639" HPOS="254" CS="1">
<String CS="1" CONTENT="&#8220;References&#8221;:" HEIGHT="40" WIDTH="346" VPOS="639" HPOS="254"/>
<SP HEIGHT="38" WIDTH="30" VPOS="650" HPOS="631"/>
<String CONTENT="p." HEIGHT="37" WIDTH="41" VPOS="651" HPOS="662"/>
<SP HEIGHT="29" WIDTH="31" VPOS="660" HPOS="704"/>
<String CONTENT="[235]-254." HEIGHT="49" WIDTH="249" VPOS="640" HPOS="736"/>
</TextLine>
<TextLine HEIGHT="53" WIDTH="1888" VPOS="706" HPOS="182" CS="1">
<String CONTENT="&#169;" HEIGHT="51" WIDTH="50" VPOS="706" HPOS="182"/>
<SP HEIGHT="51" WIDTH="26" VPOS="706" HPOS="233"/>
<String CONTENT="May" HEIGHT="45" WIDTH="114" VPOS="711" HPOS="260"/>
<SP HEIGHT="48" WIDTH="24" VPOS="708" HPOS="375"/>
<String CONTENT="9," HEIGHT="48" WIDTH="38" VPOS="708" HPOS="400"/>
<SP HEIGHT="47" WIDTH="26" VPOS="709" HPOS="439"/>
<String CONTENT="1934;" HEIGHT="48" WIDTH="140" VPOS="708" HPOS="466"/>
<SP HEIGHT="47" WIDTH="28" VPOS="709" HPOS="607"/>
<String CONTENT="2c." HEIGHT="42" WIDTH="64" VPOS="709" HPOS="636"/>
<SP HEIGHT="28" WIDTH="29" VPOS="721" HPOS="701"/>
<String CONTENT="and" HEIGHT="38" WIDTH="93" VPOS="712" HPOS="731"/>
<SP HEIGHT="38" WIDTH="27" VPOS="712" HPOS="825"/>
<String CONTENT="aff." HEIGHT="40" WIDTH="80" VPOS="710" HPOS="853"/>
<SP HEIGHT="38" WIDTH="28" VPOS="711" HPOS="934"/>
<String CONTENT="May" HEIGHT="47" WIDTH="112" VPOS="711" HPOS="963"/>
<SP HEIGHT="48" WIDTH="24" VPOS="710" HPOS="1076"/>
<String CONTENT="11;" HEIGHT="46" WIDTH="80" VPOS="710" HPOS="1101"/>
<SP HEIGHT="46" WIDTH="29" VPOS="710" HPOS="1182"/>
<!-- cceid BFAE8813-6C64-1014-8713-889FF4349C01 --><String CONTENT="A" HEIGHT="38" WIDTH="40" VPOS="710" HPOS="1212"/>
<SP HEIGHT="39" WIDTH="25" VPOS="710" HPOS="1253"/>
<String CS="1" CONTENT="71580;" HEIGHT="41" WIDTH="144" VPOS="709" HPOS="1279"/>
<SP HEIGHT="47" WIDTH="29" VPOS="709" HPOS="1451"/>
<String CONTENT="Columbia" HEIGHT="42" WIDTH="252" VPOS="709" HPOS="1481"/>
<SP HEIGHT="28" WIDTH="27" VPOS="721" HPOS="1734"/>
<String CONTENT="univ." HEIGHT="40" WIDTH="129" VPOS="710" HPOS="1762"/>
<SP HEIGHT="37" WIDTH="28" VPOS="721" HPOS="1892"/>
<String CONTENT="press." HEIGHT="39" WIDTH="149" VPOS="719" HPOS="1921"/>
</TextLine>
<TextLine HEIGHT="49" WIDTH="279" VPOS="766" HPOS="258" CS="1">
<String CONTENT="(34-12530)" HEIGHT="49" WIDTH="279" VPOS="766" HPOS="258"/>
<SP/>
</TextLine>
<TextLine HEIGHT="66" WIDTH="672" VPOS="871" HPOS="178" STYLEREFS="StyleId-7CF3B6E8-3B7C-439C-A991-B078C0099D51-">
<String CONTENT="Mumey," HEIGHT="64" WIDTH="253" VPOS="871" HPOS="178"/>
<SP HEIGHT="64" WIDTH="28" VPOS="871" HPOS="432"/>
<String CONTENT="Nolie," HEIGHT="66" WIDTH="187" VPOS="871" HPOS="461"/>
<SP HEIGHT="61" WIDTH="31" VPOS="876" HPOS="649"/>
<String CONTENT="1891-" HEIGHT="49" WIDTH="169" VPOS="876" HPOS="681"/>
</TextLine>
<TextLine HEIGHT="150" WIDTH="1978" VPOS="946" HPOS="175" STYLEREFS="StyleId-531337E2-4CFA-46D4-B802-9E1F645C86B5-" CS="1">
<String CONTENT="William" HEIGHT="54" WIDTH="259" VPOS="948" HPOS="244"/>
<SP HEIGHT="51" WIDTH="28" VPOS="949" HPOS="504"/>
<String CONTENT="Beaumont" HEIGHT="53" WIDTH="319" VPOS="949" HPOS="533"/>
<SP HEIGHT="66" WIDTH="38" VPOS="950" HPOS="853"/>
<String CONTENT="(1785-1853)" HEIGHT="69" WIDTH="365" VPOS="947" HPOS="892"/>
<SP HEIGHT="68" WIDTH="85" VPOS="947" HPOS="1258"/>
<String CONTENT="The" HEIGHT="53" WIDTH="119" VPOS="948" HPOS="1344"/>
<SP HEIGHT="34" WIDTH="28" VPOS="967" HPOS="1464"/>
<String CONTENT="centenary" HEIGHT="64" WIDTH="304" VPOS="952" HPOS="1493"/>
<SP HEIGHT="49" WIDTH="26" VPOS="967" HPOS="1798"/>
<String CONTENT="of" HEIGHT="54" WIDTH="64" VPOS="948" HPOS="1825"/>
<SP HEIGHT="52" WIDTH="24" VPOS="948" HPOS="1890"/>
<String CONTENT="the" HEIGHT="53" WIDTH="96" VPOS="949" HPOS="1915"/>
<SP HEIGHT="49" WIDTH="25" VPOS="967" HPOS="2012"/>
<String CONTENT="publication" HEIGHT="134" WIDTH="1978" VPOS="947" HPOS="175"/>
<SP HEIGHT="34" WIDTH="34" VPOS="1044" HPOS="409"/>
<String CONTENT="of" HEIGHT="53" WIDTH="63" VPOS="1025" HPOS="444"/>
<SP HEIGHT="52" WIDTH="33" VPOS="1025" HPOS="508"/>
<String CONTENT="his" HEIGHT="54" WIDTH="88" VPOS="1025" HPOS="542"/>
<SP HEIGHT="34" WIDTH="34" VPOS="1046" HPOS="631"/>
<String CONTENT="contributions" HEIGHT="53" WIDTH="414" VPOS="1027" HPOS="666"/>
<SP HEIGHT="49" WIDTH="31" VPOS="1031" HPOS="1081"/>
<String CONTENT="to" HEIGHT="49" WIDTH="58" VPOS="1031" HPOS="1113"/>
<SP HEIGHT="36" WIDTH="32" VPOS="1044" HPOS="1172"/>
<String CONTENT="medicine," HEIGHT="68" WIDTH="295" VPOS="1026" HPOS="1205"/>
<SP HEIGHT="67" WIDTH="31" VPOS="1027" HPOS="1501"/>
<String CONTENT="by" HEIGHT="68" WIDTH="75" VPOS="1027" HPOS="1533"/>
<SP HEIGHT="69" WIDTH="33" VPOS="1026" HPOS="1609"/>
<String CONTENT="Nolie" HEIGHT="55" WIDTH="167" VPOS="1025" HPOS="1643"/>
<SP HEIGHT="54" WIDTH="31" VPOS="1026" HPOS="1811"/>
<String CONTENT="Mumey" HEIGHT="69" WIDTH="233" VPOS="1026" HPOS="1843"/>
<SP HEIGHT="49" WIDTH="39" VPOS="1046" HPOS="2077"/>
<String CS="1" CONTENT="&#8230;"/>
</TextLine>
<TextLine HEIGHT="71" WIDTH="1224" VPOS="1102" HPOS="178" STYLEREFS="StyleId-531337E2-4CFA-46D4-B802-9E1F645C86B5-" CS="1">
<String CONTENT="Denver," HEIGHT="66" WIDTH="241" VPOS="1104" HPOS="178"/>
<SP HEIGHT="65" WIDTH="25" VPOS="1105" HPOS="420"/>
<String CONTENT="Priv." HEIGHT="51" WIDTH="158" VPOS="1105" HPOS="446"/>
<SP HEIGHT="49" WIDTH="29" VPOS="1122" HPOS="605"/>
<String CONTENT="print." HEIGHT="70" WIDTH="176" VPOS="1102" HPOS="635"/>
<SP HEIGHT="33" WIDTH="33" VPOS="1139" HPOS="812"/>
<String CS="1" CONTENT="[H." HEIGHT="52" WIDTH="75" VPOS="1105" HPOS="863"/>
<SP HEIGHT="51" WIDTH="29" VPOS="1106" HPOS="939"/>
<String CONTENT="Badger]" HEIGHT="68" WIDTH="246" VPOS="1105" HPOS="969"/>
<SP HEIGHT="63" WIDTH="37" VPOS="1108" HPOS="1216"/>
<String CONTENT="1933." HEIGHT="49" WIDTH="148" VPOS="1107" HPOS="1254"/>
</TextLine>
<TextLine HEIGHT="52" WIDTH="1757" VPOS="1177" HPOS="253" CS="1">
<String CONTENT="2" HEIGHT="38" WIDTH="24" VPOS="1178" HPOS="253"/>
<SP/>
<String CONTENT="p." HEIGHT="36" WIDTH="42" VPOS="1189" HPOS="308"/>
<SP HEIGHT="37" WIDTH="28" VPOS="1179" HPOS="351"/>
<String CS="1" CONTENT="l.,"/>
<SP HEIGHT="29" WIDTH="35" VPOS="1198" HPOS="424"/>
<String CONTENT="[ix]-xvi" HEIGHT="50" WIDTH="192" VPOS="1178" HPOS="460"/>
<SP HEIGHT="47" WIDTH="34" VPOS="1180" HPOS="653"/>
<String CONTENT="p.," HEIGHT="37" WIDTH="55" VPOS="1190" HPOS="688"/>
<SP HEIGHT="44" WIDTH="32" VPOS="1181" HPOS="744"/>
<String CONTENT="1" HEIGHT="37" WIDTH="23" VPOS="1181" HPOS="777"/>
<SP HEIGHT="37" WIDTH="31" VPOS="1181" HPOS="801"/>
<String CS="1" CONTENT="l.,"/>
<SP HEIGHT="45" WIDTH="30" VPOS="1181" HPOS="877"/>
<String CONTENT="19-71" HEIGHT="41" WIDTH="141" VPOS="1179" HPOS="908"/>
<SP HEIGHT="47" WIDTH="30" VPOS="1180" HPOS="1050"/>
<String CS="1" CONTENT="p.,"/>
<SP/>
<String CS="1" CONTENT="1"/>
<SP/>
<String CS="1" CONTENT="l."/>
<SP HEIGHT="40" WIDTH="59" VPOS="1178" HPOS="1254"/>
<String CS="1" CONTENT="front."/>
<SP HEIGHT="48" WIDTH="29" VPOS="1179" HPOS="1463"/>
<String CONTENT="(port.)" HEIGHT="48" WIDTH="173" VPOS="1179" HPOS="1493"/>
<SP HEIGHT="48" WIDTH="38" VPOS="1180" HPOS="1667"/>
<String CONTENT="illus." HEIGHT="39" WIDTH="127" VPOS="1180" HPOS="1706"/>
<SP HEIGHT="40" WIDTH="58" VPOS="1179" HPOS="1834"/>
<String CONTENT="23" HEIGHT="41" WIDTH="56" VPOS="1179" HPOS="1893"/>
<String STYLE="superscript" CONTENT="cm" HEIGHT="22" WIDTH="44" VPOS="1181" HPOS="1952"/>
<String CONTENT="." HEIGHT="8" WIDTH="9" VPOS="1212" HPOS="2001"/>
</TextLine>
<TextLine HEIGHT="53" WIDTH="1924" VPOS="1232" HPOS="252">
<String CONTENT="One" HEIGHT="41" WIDTH="98" VPOS="1234" HPOS="252"/>
<SP HEIGHT="39" WIDTH="28" VPOS="1235" HPOS="351"/>
<String CONTENT="hundred" HEIGHT="40" WIDTH="221" VPOS="1235" HPOS="380"/>
<SP HEIGHT="39" WIDTH="29" VPOS="1236" HPOS="602"/>
<String CONTENT="copies" HEIGHT="49" WIDTH="159" VPOS="1234" HPOS="632"/>
<SP HEIGHT="29" WIDTH="29" VPOS="1247" HPOS="792"/>
<String CONTENT="of" HEIGHT="39" WIDTH="52" VPOS="1237" HPOS="822"/>
<SP HEIGHT="39" WIDTH="28" VPOS="1237" HPOS="875"/>
<String CONTENT="this" HEIGHT="40" WIDTH="98" VPOS="1236" HPOS="904"/>
<SP HEIGHT="29" WIDTH="29" VPOS="1247" HPOS="1003"/>
<String CONTENT="edition" HEIGHT="41" WIDTH="182" VPOS="1235" HPOS="1033"/>
<SP HEIGHT="30" WIDTH="32" VPOS="1246" HPOS="1216"/>
<String CONTENT="of" HEIGHT="40" WIDTH="50" VPOS="1236" HPOS="1249"/>
<SP HEIGHT="39" WIDTH="29" VPOS="1236" HPOS="1300"/>
<String CONTENT="Beaumont" HEIGHT="40" WIDTH="272" VPOS="1236" HPOS="1330"/>
<SP HEIGHT="38" WIDTH="31" VPOS="1237" HPOS="1603"/>
<String CONTENT="have" HEIGHT="40" WIDTH="124" VPOS="1237" HPOS="1635"/>
<SP HEIGHT="39" WIDTH="30" VPOS="1237" HPOS="1760"/>
<String CONTENT="been" HEIGHT="40" WIDTH="118" VPOS="1237" HPOS="1791"/>
<SP HEIGHT="38" WIDTH="29" VPOS="1247" HPOS="1910"/>
<String CONTENT="printed.&#8221;" HEIGHT="51" WIDTH="236" VPOS="1234" HPOS="1940"/>
</TextLine>
<TextLine HEIGHT="50" WIDTH="982" VPOS="1291" HPOS="180">
<String CONTENT="This" HEIGHT="40" WIDTH="117" VPOS="1291" HPOS="180"/>
<SP HEIGHT="29" WIDTH="24" VPOS="1302" HPOS="298"/>
<String CONTENT="copy" HEIGHT="38" WIDTH="117" VPOS="1301" HPOS="323"/>
<SP HEIGHT="36" WIDTH="26" VPOS="1303" HPOS="441"/>
<String CONTENT="signed" HEIGHT="48" WIDTH="166" VPOS="1292" HPOS="468"/>
<SP HEIGHT="40" WIDTH="27" VPOS="1293" HPOS="635"/>
<String CONTENT="but" HEIGHT="39" WIDTH="85" VPOS="1294" HPOS="663"/>
<SP HEIGHT="37" WIDTH="25" VPOS="1296" HPOS="749"/>
<String CONTENT="not" HEIGHT="37" WIDTH="84" VPOS="1296" HPOS="775"/>
<SP HEIGHT="37" WIDTH="25" VPOS="1296" HPOS="860"/>
<String CONTENT="numbered." HEIGHT="40" WIDTH="276" VPOS="1293" HPOS="886"/>
</TextLine>
<TextLine HEIGHT="52" WIDTH="1652" VPOS="1347" HPOS="527" CS="1">
<String CS="1" CONTENT="CONTENTS.&#8212;pt." HEIGHT="47" WIDTH="131" VPOS="1350" HPOS="527"/>
<SP HEIGHT="33" WIDTH="26" VPOS="1356" HPOS="659"/>
<String CS="1" CONTENT="I." HEIGHT="9" WIDTH="10" VPOS="1380" HPOS="707"/>
<SP HEIGHT="39" WIDTH="26" VPOS="1350" HPOS="718"/>
<String CONTENT="Dr." HEIGHT="39" WIDTH="82" VPOS="1350" HPOS="745"/>
<SP HEIGHT="40" WIDTH="26" VPOS="1350" HPOS="828"/>
<String CONTENT="William" HEIGHT="42" WIDTH="216" VPOS="1348" HPOS="855"/>
<SP HEIGHT="38" WIDTH="27" VPOS="1350" HPOS="1072"/>
<String CONTENT="Beaumont.&#8212;pt." HEIGHT="49" WIDTH="419" VPOS="1349" HPOS="1100"/>
<SP HEIGHT="34" WIDTH="26" VPOS="1355" HPOS="1520"/>
<String CS="1" CONTENT="II." HEIGHT="10" WIDTH="12" VPOS="1379" HPOS="1587"/>
<SP HEIGHT="39" WIDTH="25" VPOS="1350" HPOS="1600"/>
<String CONTENT="Alexis" HEIGHT="42" WIDTH="168" VPOS="1348" HPOS="1626"/>
<SP HEIGHT="40" WIDTH="29" VPOS="1350" HPOS="1795"/>
<String CONTENT="St." HEIGHT="40" WIDTH="67" VPOS="1350" HPOS="1825"/>
<SP HEIGHT="39" WIDTH="27" VPOS="1350" HPOS="1893"/>
<String CONTENT="Martin.&#8212;" HEIGHT="41" WIDTH="258" VPOS="1349" HPOS="1921"/>
</TextLine>
<TextLine HEIGHT="50" WIDTH="832" VPOS="1405" HPOS="182">
<String CONTENT="pt." HEIGHT="47" WIDTH="65" VPOS="1407" HPOS="182"/>
<SP HEIGHT="32" WIDTH="27" VPOS="1412" HPOS="248"/>
<String CONTENT="III." HEIGHT="33" WIDTH="71" VPOS="1412" HPOS="276"/>
<SP HEIGHT="39" WIDTH="27" VPOS="1406" HPOS="348"/>
<String CONTENT="The" HEIGHT="39" WIDTH="101" VPOS="1406" HPOS="376"/>
<SP HEIGHT="39" WIDTH="26" VPOS="1406" HPOS="478"/>
<String CONTENT="book." HEIGHT="39" WIDTH="135" VPOS="1406" HPOS="505"/>
<SP HEIGHT="42" WIDTH="56" VPOS="1405" HPOS="641"/>
<String CONTENT="Chronology." HEIGHT="48" WIDTH="316" VPOS="1406" HPOS="698"/>
</TextLine>
<TextLine HEIGHT="54" WIDTH="1888" VPOS="1471" HPOS="183">
<String CONTENT="&#169;" HEIGHT="51" WIDTH="49" VPOS="1471" HPOS="183"/>
<SP HEIGHT="51" WIDTH="30" VPOS="1471" HPOS="233"/>
<String CONTENT="Sept." HEIGHT="47" WIDTH="125" VPOS="1476" HPOS="264"/>
<SP HEIGHT="38" WIDTH="27" VPOS="1476" HPOS="390"/>
<String CONTENT="14," HEIGHT="41" WIDTH="67" VPOS="1476" HPOS="418"/>
<SP HEIGHT="41" WIDTH="27" VPOS="1476" HPOS="486"/>
<String CONTENT="1933;" HEIGHT="48" WIDTH="138" VPOS="1475" HPOS="514"/>
<SP HEIGHT="47" WIDTH="29" VPOS="1476" HPOS="653"/>
<String CONTENT="2c." HEIGHT="40" WIDTH="65" VPOS="1476" HPOS="683"/>
<SP HEIGHT="29" WIDTH="28" VPOS="1487" HPOS="749"/>
<String CONTENT="and" HEIGHT="38" WIDTH="94" VPOS="1478" HPOS="778"/>
<SP HEIGHT="38" WIDTH="27" VPOS="1478" HPOS="873"/>
<String CONTENT="aff." HEIGHT="40" WIDTH="79" VPOS="1476" HPOS="901"/>
<SP HEIGHT="41" WIDTH="31" VPOS="1476" HPOS="981"/>
<String CONTENT="Sept." HEIGHT="48" WIDTH="127" VPOS="1476" HPOS="1013"/>
<SP HEIGHT="40" WIDTH="25" VPOS="1476" HPOS="1141"/>
<String CONTENT="22;" HEIGHT="47" WIDTH="81" VPOS="1476" HPOS="1167"/>
<SP HEIGHT="46" WIDTH="29" VPOS="1477" HPOS="1249"/>
<!-- cceid BFAF045E-6C64-1014-8713-889FF4349C01 --><String CONTENT="A" HEIGHT="38" WIDTH="40" VPOS="1477" HPOS="1279"/>
<SP HEIGHT="40" WIDTH="26" VPOS="1476" HPOS="1320"/>
<String CONTENT="66216;" HEIGHT="48" WIDTH="170" VPOS="1475" HPOS="1347"/>
<SP HEIGHT="46" WIDTH="27" VPOS="1477" HPOS="1518"/>
<String CONTENT="N." HEIGHT="40" WIDTH="55" VPOS="1477" HPOS="1546"/>
<SP HEIGHT="40" WIDTH="28" VPOS="1477" HPOS="1602"/>
<String CONTENT="Mumey," HEIGHT="47" WIDTH="206" VPOS="1477" HPOS="1631"/>
<SP HEIGHT="47" WIDTH="28" VPOS="1477" HPOS="1838"/>
<String CONTENT="Denver." HEIGHT="39" WIDTH="204" VPOS="1477" HPOS="1867"/>
</TextLine>
<TextLine HEIGHT="48" WIDTH="282" VPOS="1533" HPOS="257">
<String CONTENT="(34-12528)" HEIGHT="48" WIDTH="282" VPOS="1533" HPOS="257"/>
</TextLine>
<TextLine HEIGHT="67" WIDTH="600" VPOS="1638" HPOS="174" STYLEREFS="StyleId-7CF3B6E8-3B7C-439C-A991-B078C0099D51-">
<String CONTENT="Munson," HEIGHT="66" WIDTH="270" VPOS="1638" HPOS="174"/>
<SP HEIGHT="64" WIDTH="27" VPOS="1640" HPOS="445"/>
<String CONTENT="Helen" HEIGHT="53" WIDTH="186" VPOS="1640" HPOS="473"/>
<SP HEIGHT="54" WIDTH="26" VPOS="1641" HPOS="660"/>
<String CONTENT="W." HEIGHT="55" WIDTH="87" VPOS="1641" HPOS="687"/>
</TextLine>
<TextLine HEIGHT="72" WIDTH="1926" VPOS="1714" HPOS="246" STYLEREFS="StyleId-531337E2-4CFA-46D4-B802-9E1F645C86B5-">
<String CONTENT="The" HEIGHT="51" WIDTH="120" VPOS="1716" HPOS="246"/>
<SP HEIGHT="34" WIDTH="34" VPOS="1733" HPOS="367"/>
<String CONTENT="story" HEIGHT="63" WIDTH="158" VPOS="1720" HPOS="402"/>
<SP HEIGHT="49" WIDTH="35" VPOS="1734" HPOS="561"/>
<String CONTENT="of" HEIGHT="53" WIDTH="63" VPOS="1715" HPOS="597"/>
<SP HEIGHT="52" WIDTH="33" VPOS="1716" HPOS="661"/>
<String CONTENT="the" HEIGHT="52" WIDTH="94" VPOS="1717" HPOS="695"/>
<SP HEIGHT="52" WIDTH="37" VPOS="1717" HPOS="790"/>
<String CONTENT="National" HEIGHT="51" WIDTH="272" VPOS="1717" HPOS="828"/>
<SP HEIGHT="51" WIDTH="35" VPOS="1717" HPOS="1101"/>
<String CONTENT="league" HEIGHT="67" WIDTH="195" VPOS="1718" HPOS="1137"/>
<SP HEIGHT="35" WIDTH="37" VPOS="1734" HPOS="1333"/>
<String CONTENT="of" HEIGHT="52" WIDTH="62" VPOS="1716" HPOS="1371"/>
<SP HEIGHT="53" WIDTH="36" VPOS="1716" HPOS="1434"/>
<String CONTENT="nursing" HEIGHT="68" WIDTH="242" VPOS="1717" HPOS="1471"/>
<SP HEIGHT="50" WIDTH="34" VPOS="1735" HPOS="1714"/>
<String CONTENT="education," HEIGHT="68" WIDTH="317" VPOS="1716" HPOS="1749"/>
<SP HEIGHT="67" WIDTH="35" VPOS="1717" HPOS="2067"/>
<String CONTENT="by" HEIGHT="67" WIDTH="69" VPOS="1717" HPOS="2103"/>
</TextLine>
<TextLine HEIGHT="57" WIDTH="2003" VPOS="1792" HPOS="176" STYLEREFS="StyleId-531337E2-4CFA-46D4-B802-9E1F645C86B5-" CS="1">
<String CONTENT="Helen" HEIGHT="51" WIDTH="184" VPOS="1794" HPOS="176"/>
<SP HEIGHT="53" WIDTH="45" VPOS="1794" HPOS="361"/>
<String CONTENT="W." HEIGHT="53" WIDTH="88" VPOS="1794" HPOS="407"/>
<SP HEIGHT="52" WIDTH="50" VPOS="1794" HPOS="496"/>
<String CONTENT="Munson" HEIGHT="53" WIDTH="246" VPOS="1794" HPOS="547"/>
<SP HEIGHT="33" WIDTH="52" VPOS="1813" HPOS="794"/>
<String CS="1" CONTENT="&#8230;"/>
<SP HEIGHT="34" WIDTH="53" VPOS="1813" HPOS="901"/>
<String CONTENT="with" HEIGHT="53" WIDTH="140" VPOS="1794" HPOS="955"/>
<SP HEIGHT="51" WIDTH="46" VPOS="1796" HPOS="1096"/>
<String CONTENT="the" HEIGHT="52" WIDTH="94" VPOS="1795" HPOS="1143"/>
<SP HEIGHT="35" WIDTH="46" VPOS="1812" HPOS="1238"/>
<String CONTENT="collaboration" HEIGHT="55" WIDTH="411" VPOS="1793" HPOS="1285"/>
<SP HEIGHT="35" WIDTH="47" VPOS="1812" HPOS="1697"/>
<String CONTENT="of" HEIGHT="51" WIDTH="63" VPOS="1795" HPOS="1745"/>
<SP HEIGHT="51" WIDTH="45" VPOS="1795" HPOS="1809"/>
<String CONTENT="Katharine" HEIGHT="54" WIDTH="324" VPOS="1794" HPOS="1855"/>
</TextLine>
<TextLine HEIGHT="149" WIDTH="1976" VPOS="1870" HPOS="176" STYLEREFS="StyleId-531337E2-4CFA-46D4-B802-9E1F645C86B5-" CS="1">
<String CONTENT="Stevens" HEIGHT="55" WIDTH="235" VPOS="1870" HPOS="177"/>
<SP HEIGHT="33" WIDTH="39" VPOS="1891" HPOS="413"/>
<String CS="1" CONTENT="&#8230;"/>
<SP HEIGHT="50" WIDTH="79" VPOS="1873" HPOS="508"/>
<String CONTENT="Philadelphia" HEIGHT="70" WIDTH="407" VPOS="1870" HPOS="588"/>
<SP HEIGHT="34" WIDTH="37" VPOS="1891" HPOS="996"/>
<String CONTENT="and" HEIGHT="51" WIDTH="111" VPOS="1874" HPOS="1034"/>
<SP HEIGHT="52" WIDTH="33" VPOS="1873" HPOS="1146"/>
<String CONTENT="London," HEIGHT="66" WIDTH="258" VPOS="1873" HPOS="1180"/>
<SP HEIGHT="67" WIDTH="33" VPOS="1872" HPOS="1439"/>
<String CONTENT="W." HEIGHT="54" WIDTH="90" VPOS="1872" HPOS="1473"/>
<SP HEIGHT="52" WIDTH="37" VPOS="1873" HPOS="1564"/>
<String CONTENT="B." HEIGHT="51" WIDTH="66" VPOS="1873" HPOS="1602"/>
<SP HEIGHT="56" WIDTH="40" VPOS="1871" HPOS="1669"/>
<String CONTENT="Saunders" HEIGHT="55" WIDTH="286" VPOS="1872" HPOS="1710"/>
<SP HEIGHT="34" WIDTH="34" VPOS="1892" HPOS="1997"/>
<String CONTENT="company," HEIGHT="130" WIDTH="1976" VPOS="1889" HPOS="176"/>
<SP HEIGHT="63" WIDTH="39" VPOS="1953" HPOS="347"/>
<String CONTENT="1934." HEIGHT="49" WIDTH="149" VPOS="1953" HPOS="387"/>
</TextLine>
<TextLine HEIGHT="50" WIDTH="449" VPOS="2023" HPOS="253" CS="1">
<String CONTENT="80" HEIGHT="40" WIDTH="53" VPOS="2023" HPOS="253"/>
<SP HEIGHT="39" WIDTH="21" VPOS="2033" HPOS="312"/>
<String CONTENT="p." HEIGHT="37" WIDTH="40" VPOS="2035" HPOS="334"/>
<SP HEIGHT="39" WIDTH="57" VPOS="2025" HPOS="375"/>
<String CONTENT="diagr." HEIGHT="48" WIDTH="152" VPOS="2024" HPOS="433"/>
<SP HEIGHT="37" WIDTH="57" VPOS="2025" HPOS="586"/>
<String CS="1" CONTENT="19&#189;cm." HEIGHT="41" WIDTH="58" VPOS="2024" HPOS="644"/>
</TextLine>
<TextLine HEIGHT="52" WIDTH="1925" VPOS="2079" HPOS="254">
<String CONTENT="&#8220;Approved" HEIGHT="48" WIDTH="282" VPOS="2080" HPOS="254"/>
<SP HEIGHT="39" WIDTH="43" VPOS="2082" HPOS="537"/>
<String CONTENT="by" HEIGHT="47" WIDTH="60" VPOS="2082" HPOS="581"/>
<SP HEIGHT="47" WIDTH="43" VPOS="2083" HPOS="642"/>
<String CONTENT="the" HEIGHT="39" WIDTH="81" VPOS="2082" HPOS="686"/>
<SP HEIGHT="41" WIDTH="44" VPOS="2081" HPOS="768"/>
<String CONTENT="Committee" HEIGHT="41" WIDTH="286" VPOS="2081" HPOS="813"/>
<SP HEIGHT="29" WIDTH="44" VPOS="2093" HPOS="1100"/>
<String CONTENT="on" HEIGHT="29" WIDTH="59" VPOS="2093" HPOS="1145"/>
<SP HEIGHT="37" WIDTH="42" VPOS="2092" HPOS="1205"/>
<String CONTENT="publications," HEIGHT="48" WIDTH="340" VPOS="2081" HPOS="1248"/>
<SP HEIGHT="47" WIDTH="45" VPOS="2082" HPOS="1589"/>
<String CONTENT="National" HEIGHT="43" WIDTH="231" VPOS="2080" HPOS="1635"/>
<SP HEIGHT="38" WIDTH="44" VPOS="2083" HPOS="1867"/>
<String CONTENT="league" HEIGHT="46" WIDTH="169" VPOS="2083" HPOS="1912"/>
<SP HEIGHT="29" WIDTH="43" VPOS="2094" HPOS="2082"/>
<String CONTENT="of" HEIGHT="41" WIDTH="53" VPOS="2082" HPOS="2126"/>
</TextLine>
<TextLine HEIGHT="50" WIDTH="532" VPOS="2136" HPOS="179">
<String CONTENT="nursing" HEIGHT="47" WIDTH="202" VPOS="2138" HPOS="179"/>
<SP HEIGHT="37" WIDTH="27" VPOS="2148" HPOS="382"/>
<String CONTENT="education.&#8221;" HEIGHT="43" WIDTH="301" VPOS="2136" HPOS="410"/>
</TextLine>
<TextLine HEIGHT="52" WIDTH="1925" VPOS="2192" HPOS="252">
<String CONTENT="&#8220;The" HEIGHT="39" WIDTH="127" VPOS="2195" HPOS="252"/>
<SP HEIGHT="28" WIDTH="30" VPOS="2206" HPOS="380"/>
<String CONTENT="material" HEIGHT="41" WIDTH="225" VPOS="2194" HPOS="411"/>
<SP HEIGHT="41" WIDTH="30" VPOS="2193" HPOS="637"/>
<String CONTENT="is" HEIGHT="41" WIDTH="42" VPOS="2194" HPOS="668"/>
<SP HEIGHT="39" WIDTH="28" VPOS="2196" HPOS="711"/>
<String CONTENT="based" HEIGHT="39" WIDTH="147" VPOS="2196" HPOS="740"/>
<SP HEIGHT="39" WIDTH="29" VPOS="2196" HPOS="888"/>
<String CONTENT="on" HEIGHT="28" WIDTH="60" VPOS="2206" HPOS="918"/>
<SP HEIGHT="28" WIDTH="33" VPOS="2206" HPOS="979"/>
<String CONTENT="reports" HEIGHT="45" WIDTH="185" VPOS="2198" HPOS="1013"/>
<SP HEIGHT="30" WIDTH="29" VPOS="2206" HPOS="1199"/>
<String CONTENT="of" HEIGHT="40" WIDTH="52" VPOS="2196" HPOS="1229"/>
<SP HEIGHT="40" WIDTH="30" VPOS="2196" HPOS="1282"/>
<String CONTENT="the" HEIGHT="40" WIDTH="81" VPOS="2196" HPOS="1313"/>
<SP HEIGHT="39" WIDTH="30" VPOS="2197" HPOS="1395"/>
<String CONTENT="National" HEIGHT="40" WIDTH="232" VPOS="2195" HPOS="1426"/>
<SP HEIGHT="37" WIDTH="30" VPOS="2197" HPOS="1659"/>
<String CONTENT="league" HEIGHT="46" WIDTH="171" VPOS="2197" HPOS="1690"/>
<SP HEIGHT="28" WIDTH="29" VPOS="2207" HPOS="1862"/>
<String CONTENT="of" HEIGHT="40" WIDTH="53" VPOS="2195" HPOS="1892"/>
<SP HEIGHT="39" WIDTH="29" VPOS="2195" HPOS="1946"/>
<String CONTENT="nursing" HEIGHT="48" WIDTH="201" VPOS="2194" HPOS="1976"/>
</TextLine>
<TextLine HEIGHT="53" WIDTH="1996" VPOS="2248" HPOS="180">
<String CONTENT="education" HEIGHT="41" WIDTH="256" VPOS="2251" HPOS="180"/>
<SP HEIGHT="29" WIDTH="37" VPOS="2262" HPOS="437"/>
<String CONTENT="and" HEIGHT="38" WIDTH="94" VPOS="2253" HPOS="475"/>
<SP HEIGHT="39" WIDTH="37" VPOS="2253" HPOS="570"/>
<String CONTENT="on" HEIGHT="30" WIDTH="60" VPOS="2263" HPOS="608"/>
<SP HEIGHT="39" WIDTH="36" VPOS="2253" HPOS="669"/>
<String CONTENT="data" HEIGHT="40" WIDTH="117" VPOS="2252" HPOS="706"/>
<SP HEIGHT="38" WIDTH="38" VPOS="2262" HPOS="824"/>
<String CONTENT="published" HEIGHT="49" WIDTH="254" VPOS="2251" HPOS="863"/>
<SP HEIGHT="39" WIDTH="37" VPOS="2253" HPOS="1118"/>
<String CONTENT="contemporaneously" HEIGHT="46" WIDTH="515" VPOS="2254" HPOS="1156"/>
<SP HEIGHT="49" WIDTH="38" VPOS="2252" HPOS="1672"/>
<String CONTENT="in" HEIGHT="38" WIDTH="49" VPOS="2253" HPOS="1711"/>
<SP HEIGHT="37" WIDTH="38" VPOS="2255" HPOS="1761"/>
<String CONTENT="the" HEIGHT="39" WIDTH="82" VPOS="2253" HPOS="1800"/>
<SP HEIGHT="39" WIDTH="36" VPOS="2253" HPOS="1883"/>
<String CONTENT="American" HEIGHT="42" WIDTH="256" VPOS="2250" HPOS="1920"/>
</TextLine>
<TextLine HEIGHT="49" WIDTH="1128" VPOS="2307" HPOS="179">
<String CONTENT="journal" HEIGHT="46" WIDTH="194" VPOS="2308" HPOS="179"/>
<SP HEIGHT="39" WIDTH="29" VPOS="2309" HPOS="374"/>
<String CONTENT="of" HEIGHT="39" WIDTH="51" VPOS="2309" HPOS="404"/>
<SP HEIGHT="38" WIDTH="27" VPOS="2309" HPOS="456"/>
<String CONTENT="nursing.&#8221;&#8212;Authors&#8217;" HEIGHT="49" WIDTH="537" VPOS="2307" HPOS="484"/>
<SP HEIGHT="39" WIDTH="29" VPOS="2309" HPOS="1022"/>
<String CONTENT="foreword." HEIGHT="41" WIDTH="255" VPOS="2308" HPOS="1052"/>
</TextLine>
<TextLine HEIGHT="53" WIDTH="1995" VPOS="2375" HPOS="182">
<String CONTENT="&#169;" HEIGHT="51" WIDTH="49" VPOS="2375" HPOS="182"/>
<SP HEIGHT="51" WIDTH="28" VPOS="2375" HPOS="232"/>
<String CONTENT="Apr." HEIGHT="46" WIDTH="113" VPOS="2380" HPOS="261"/>
<SP HEIGHT="40" WIDTH="28" VPOS="2379" HPOS="375"/>
<String CONTENT="20," HEIGHT="47" WIDTH="68" VPOS="2379" HPOS="404"/>
<SP HEIGHT="45" WIDTH="30" VPOS="2381" HPOS="473"/>
<String CONTENT="1934;" HEIGHT="41" WIDTH="138" VPOS="2379" HPOS="504"/>
<SP HEIGHT="43" WIDTH="31" VPOS="2378" HPOS="643"/>
<String CONTENT="2c." HEIGHT="40" WIDTH="65" VPOS="2379" HPOS="675"/>
<SP HEIGHT="39" WIDTH="29" VPOS="2380" HPOS="741"/>
<String CONTENT="Apr." HEIGHT="47" WIDTH="112" VPOS="2380" HPOS="771"/>
<SP HEIGHT="39" WIDTH="26" VPOS="2380" HPOS="884"/>
<String CONTENT="24;" HEIGHT="45" WIDTH="82" VPOS="2380" HPOS="911"/>
<SP HEIGHT="35" WIDTH="29" VPOS="2390" HPOS="994"/>
<String CONTENT="aff." HEIGHT="41" WIDTH="81" VPOS="2379" HPOS="1024"/>
<SP HEIGHT="40" WIDTH="29" VPOS="2380" HPOS="1106"/>
<String CONTENT="Apr." HEIGHT="47" WIDTH="110" VPOS="2380" HPOS="1136"/>
<SP HEIGHT="38" WIDTH="30" VPOS="2380" HPOS="1247"/>
<String CONTENT="25;" HEIGHT="45" WIDTH="82" VPOS="2380" HPOS="1278"/>
<SP HEIGHT="45" WIDTH="30" VPOS="2380" HPOS="1361"/>
<!-- cceid BFAF799C-6C64-1014-8713-889FF4349C01 --><String CONTENT="A" HEIGHT="38" WIDTH="41" VPOS="2380" HPOS="1392"/>
<SP HEIGHT="40" WIDTH="27" VPOS="2380" HPOS="1434"/>
<String CONTENT="72145;" HEIGHT="45" WIDTH="171" VPOS="2380" HPOS="1462"/>
<SP HEIGHT="46" WIDTH="31" VPOS="2379" HPOS="1634"/>
<String CONTENT="National" HEIGHT="41" WIDTH="231" VPOS="2379" HPOS="1666"/>
<SP HEIGHT="38" WIDTH="28" VPOS="2380" HPOS="1898"/>
<String CONTENT="league" HEIGHT="45" WIDTH="168" VPOS="2380" HPOS="1927"/>
<SP HEIGHT="30" WIDTH="28" VPOS="2388" HPOS="2096"/>
<String CONTENT="of" HEIGHT="40" WIDTH="52" VPOS="2378" HPOS="2125"/>
</TextLine>
<TextLine HEIGHT="50" WIDTH="1171" VPOS="2436" HPOS="249">
<String CONTENT="nursing" HEIGHT="48" WIDTH="203" VPOS="2437" HPOS="249"/>
<SP HEIGHT="40" WIDTH="26" VPOS="2445" HPOS="453"/>
<String CONTENT="education," HEIGHT="48" WIDTH="272" VPOS="2436" HPOS="480"/>
<SP HEIGHT="47" WIDTH="28" VPOS="2437" HPOS="753"/>
<String CONTENT="New" HEIGHT="40" WIDTH="116" VPOS="2437" HPOS="782"/>
<SP HEIGHT="40" WIDTH="28" VPOS="2437" HPOS="899"/>
<String CONTENT="York." HEIGHT="41" WIDTH="142" VPOS="2437" HPOS="928"/>
<SP HEIGHT="43" WIDTH="69" VPOS="2438" HPOS="1071"/>
<String CONTENT="(34-12526)" HEIGHT="49" WIDTH="279" VPOS="2437" HPOS="1141"/>
</TextLine>
<TextLine HEIGHT="65" WIDTH="573" VPOS="2541" HPOS="175" STYLEREFS="StyleId-7CF3B6E8-3B7C-439C-A991-B078C0099D51-">
<String CONTENT="Murphy," HEIGHT="64" WIDTH="276" VPOS="2541" HPOS="175"/>
<SP HEIGHT="61" WIDTH="29" VPOS="2544" HPOS="452"/>
<String CONTENT="Anna" HEIGHT="52" WIDTH="173" VPOS="2544" HPOS="482"/>
<SP HEIGHT="53" WIDTH="28" VPOS="2543" HPOS="656"/>
<String CONTENT="L." HEIGHT="55" WIDTH="63" VPOS="2543" HPOS="685"/>
</TextLine>
<TextLine HEIGHT="74" WIDTH="1930" VPOS="2615" HPOS="247" STYLEREFS="StyleId-531337E2-4CFA-46D4-B802-9E1F645C86B5-">
<String CONTENT="The" HEIGHT="53" WIDTH="120" VPOS="2619" HPOS="247"/>
<SP HEIGHT="53" WIDTH="31" VPOS="2619" HPOS="367"/>
<String CONTENT="happiness" HEIGHT="69" WIDTH="310" VPOS="2619" HPOS="398"/>
<SP HEIGHT="45" WIDTH="31" VPOS="2628" HPOS="708"/>
<String CONTENT="tree," HEIGHT="59" WIDTH="134" VPOS="2628" HPOS="740"/>
<SP HEIGHT="67" WIDTH="32" VPOS="2620" HPOS="875"/>
<String CONTENT="by" HEIGHT="67" WIDTH="74" VPOS="2620" HPOS="907"/>
<SP HEIGHT="67" WIDTH="32" VPOS="2620" HPOS="981"/>
<String CONTENT="Anna" HEIGHT="52" WIDTH="170" VPOS="2620" HPOS="1013"/>
<SP HEIGHT="52" WIDTH="34" VPOS="2620" HPOS="1183"/>
<String CONTENT="L." HEIGHT="52" WIDTH="64" VPOS="2620" HPOS="1217"/>
<SP HEIGHT="52" WIDTH="32" VPOS="2620" HPOS="1281"/>
<String CONTENT="Murphy." HEIGHT="68" WIDTH="276" VPOS="2619" HPOS="1313"/>
<SP HEIGHT="51" WIDTH="77" VPOS="2620" HPOS="1589"/>
<String CONTENT="Tacoma," HEIGHT="65" WIDTH="264" VPOS="2620" HPOS="1666"/>
<SP HEIGHT="66" WIDTH="32" VPOS="2619" HPOS="1930"/>
<String CONTENT="Wash.," HEIGHT="66" WIDTH="215" VPOS="2617" HPOS="1962"/>
</TextLine>
<TextLine HEIGHT="68" WIDTH="999" VPOS="2697" HPOS="177" STYLEREFS="StyleId-531337E2-4CFA-46D4-B802-9E1F645C86B5-" CS="1">
<String CONTENT="Allen" HEIGHT="52" WIDTH="170" VPOS="2697" HPOS="177"/>
<SP HEIGHT="49" WIDTH="28" VPOS="2715" HPOS="348"/>
<String CONTENT="printing" HEIGHT="67" WIDTH="265" VPOS="2697" HPOS="377"/>
<SP HEIGHT="50" WIDTH="26" VPOS="2715" HPOS="643"/>
<String CONTENT="company" HEIGHT="51" WIDTH="280" VPOS="2714" HPOS="670"/>
<SP HEIGHT="50" WIDTH="33" VPOS="2714" HPOS="951"/>
<String STYLE="subscript" CS="1" CONTENT="[c1" HEIGHT="34" WIDTH="13" VPOS="2730" HPOS="985"/>
<String CONTENT="934" HEIGHT="49" WIDTH="102" VPOS="2701" HPOS="1059"/>
<String STYLE="subscript" CONTENT="]" HEIGHT="35" WIDTH="12" VPOS="2730" HPOS="1164"/>
</TextLine>
<TextLine HEIGHT="50" WIDTH="361" VPOS="2769" HPOS="245" CS="1">
<String CONTENT="138" HEIGHT="41" WIDTH="86" VPOS="2771" HPOS="245"/>
<SP HEIGHT="48" WIDTH="25" VPOS="2771" HPOS="332"/>
<String CONTENT="p." HEIGHT="37" WIDTH="42" VPOS="2782" HPOS="358"/>
<SP HEIGHT="42" WIDTH="60" VPOS="2769" HPOS="401"/>
<String CS="1" CONTENT="20&#189;c" HEIGHT="41" WIDTH="55" VPOS="2769" HPOS="462"/>
<String STYLE="superscript" CONTENT="m" HEIGHT="21" WIDTH="28" VPOS="2773" HPOS="566"/>
<String CONTENT="." HEIGHT="5" WIDTH="7" VPOS="2802" HPOS="599"/>
</TextLine>
<TextLine HEIGHT="111" WIDTH="1977" VPOS="2823" HPOS="182" CS="1">
<String CONTENT="&#169;" HEIGHT="51" WIDTH="49" VPOS="2823" HPOS="182"/>
<SP HEIGHT="51" WIDTH="29" VPOS="2823" HPOS="232"/>
<String CONTENT="Mar." HEIGHT="38" WIDTH="120" VPOS="2829" HPOS="262"/>
<SP HEIGHT="39" WIDTH="27" VPOS="2828" HPOS="383"/>
<String CONTENT="16," HEIGHT="46" WIDTH="68" VPOS="2827" HPOS="411"/>
<SP HEIGHT="45" WIDTH="29" VPOS="2828" HPOS="480"/>
<String CONTENT="1934;" HEIGHT="44" WIDTH="140" VPOS="2825" HPOS="510"/>
<SP HEIGHT="42" WIDTH="29" VPOS="2827" HPOS="651"/>
<String CONTENT="2c." HEIGHT="40" WIDTH="67" VPOS="2827" HPOS="681"/>
<SP HEIGHT="39" WIDTH="28" VPOS="2828" HPOS="749"/>
<String CONTENT="Apr." HEIGHT="47" WIDTH="112" VPOS="2828" HPOS="778"/>
<SP HEIGHT="38" WIDTH="27" VPOS="2828" HPOS="891"/>
<String CONTENT="18;" HEIGHT="47" WIDTH="82" VPOS="2827" HPOS="919"/>
<SP HEIGHT="36" WIDTH="31" VPOS="2838" HPOS="1002"/>
<String CONTENT="aff." HEIGHT="41" WIDTH="81" VPOS="2827" HPOS="1034"/>
<SP HEIGHT="39" WIDTH="29" VPOS="2829" HPOS="1116"/>
<String CONTENT="May" HEIGHT="46" WIDTH="111" VPOS="2829" HPOS="1146"/>
<SP HEIGHT="46" WIDTH="28" VPOS="2829" HPOS="1258"/>
<String CONTENT="14;" HEIGHT="44" WIDTH="81" VPOS="2829" HPOS="1287"/>
<SP HEIGHT="44" WIDTH="32" VPOS="2829" HPOS="1369"/>
<!-- cceid BFAFFB16-6C64-1014-8713-889FF4349C01 --><String CONTENT="A" HEIGHT="38" WIDTH="40" VPOS="2829" HPOS="1402"/>
<SP HEIGHT="39" WIDTH="24" VPOS="2829" HPOS="1443"/>
<String CONTENT="72383;" HEIGHT="45" WIDTH="170" VPOS="2828" HPOS="1468"/>
<SP HEIGHT="45" WIDTH="30" VPOS="2828" HPOS="1639"/>
<String CONTENT="A." HEIGHT="38" WIDTH="51" VPOS="2828" HPOS="1670"/>
<SP HEIGHT="38" WIDTH="32" VPOS="2828" HPOS="1722"/>
<String CONTENT="L." HEIGHT="38" WIDTH="47" VPOS="2828" HPOS="1755"/>
<SP HEIGHT="38" WIDTH="32" VPOS="2827" HPOS="1803"/>
<String CONTENT="Murphy," HEIGHT="47" WIDTH="222" VPOS="2826" HPOS="1836"/>
<SP HEIGHT="46" WIDTH="29" VPOS="2827" HPOS="2059"/>
<String CONTENT="Tacoma," HEIGHT="109" WIDTH="1910" VPOS="2825" HPOS="249"/>
<SP HEIGHT="48" WIDTH="25" VPOS="2884" HPOS="397"/>
<String CONTENT="Wash." HEIGHT="40" WIDTH="163" VPOS="2884" HPOS="423"/>
<SP HEIGHT="47" WIDTH="65" VPOS="2885" HPOS="587"/>
<String CONTENT="(34-12273)" HEIGHT="48" WIDTH="280" VPOS="2884" HPOS="653"/>
</TextLine>
<TextLine HEIGHT="68" WIDTH="1027" VPOS="2986" HPOS="174" STYLEREFS="StyleId-7CF3B6E8-3B7C-439C-A991-B078C0099D51-">
<String CONTENT="Nevinson," HEIGHT="66" WIDTH="319" VPOS="2986" HPOS="174"/>
<SP HEIGHT="63" WIDTH="31" VPOS="2989" HPOS="494"/>
<String CONTENT="Henry" HEIGHT="63" WIDTH="206" VPOS="2989" HPOS="526"/>
<SP HEIGHT="62" WIDTH="25" VPOS="2990" HPOS="733"/>
<String CONTENT="Woodd," HEIGHT="64" WIDTH="238" VPOS="2990" HPOS="759"/>
<SP HEIGHT="59" WIDTH="33" VPOS="2995" HPOS="998"/>
<String CONTENT="1856-" HEIGHT="50" WIDTH="169" VPOS="2992" HPOS="1032"/>
</TextLine>
<TextLine HEIGHT="72" WIDTH="1931" VPOS="3064" HPOS="246" STYLEREFS="StyleId-531337E2-4CFA-46D4-B802-9E1F645C86B5-" CS="1">
<String CONTENT="In" HEIGHT="53" WIDTH="72" VPOS="3066" HPOS="246"/>
<SP HEIGHT="47" WIDTH="27" VPOS="3072" HPOS="319"/>
<String CONTENT="the" HEIGHT="53" WIDTH="95" VPOS="3066" HPOS="347"/>
<SP HEIGHT="51" WIDTH="28" VPOS="3068" HPOS="443"/>
<String CONTENT="dark" HEIGHT="53" WIDTH="145" VPOS="3066" HPOS="472"/>
<SP HEIGHT="52" WIDTH="25" VPOS="3066" HPOS="618"/>
<String CONTENT="backward," HEIGHT="69" WIDTH="322" VPOS="3065" HPOS="644"/>
<SP HEIGHT="66" WIDTH="26" VPOS="3068" HPOS="967"/>
<String CONTENT="by" HEIGHT="66" WIDTH="75" VPOS="3068" HPOS="994"/>
<SP HEIGHT="67" WIDTH="28" VPOS="3067" HPOS="1070"/>
<String CONTENT="Henry" HEIGHT="68" WIDTH="202" VPOS="3067" HPOS="1099"/>
<SP HEIGHT="67" WIDTH="29" VPOS="3068" HPOS="1302"/>
<String CONTENT="W." HEIGHT="54" WIDTH="89" VPOS="3068" HPOS="1332"/>
<SP HEIGHT="53" WIDTH="33" VPOS="3067" HPOS="1422"/>
<String CONTENT="Nevinson" HEIGHT="54" WIDTH="290" VPOS="3067" HPOS="1456"/>
<SP HEIGHT="32" WIDTH="36" VPOS="3086" HPOS="1747"/>
<String CS="1" CONTENT="&#8230;"/>
<SP HEIGHT="52" WIDTH="77" VPOS="3066" HPOS="1840"/>
<String CONTENT="London," HEIGHT="65" WIDTH="259" VPOS="3066" HPOS="1918"/>
</TextLine>
<TextLine HEIGHT="71" WIDTH="987" VPOS="3142" HPOS="176" STYLEREFS="StyleId-531337E2-4CFA-46D4-B802-9E1F645C86B5-">
<String CONTENT="G." HEIGHT="55" WIDTH="68" VPOS="3142" HPOS="176"/>
<SP HEIGHT="51" WIDTH="27" VPOS="3145" HPOS="245"/>
<String CONTENT="Routledge" HEIGHT="67" WIDTH="320" VPOS="3145" HPOS="273"/>
<SP HEIGHT="51" WIDTH="23" VPOS="3146" HPOS="594"/>
<String CONTENT="&amp;" HEIGHT="51" WIDTH="46" VPOS="3146" HPOS="618"/>
<SP HEIGHT="50" WIDTH="23" VPOS="3147" HPOS="665"/>
<String CONTENT="sons," HEIGHT="49" WIDTH="147" VPOS="3162" HPOS="689"/>
<SP HEIGHT="66" WIDTH="24" VPOS="3145" HPOS="837"/>
<String CONTENT="ltd.," HEIGHT="67" WIDTH="122" VPOS="3145" HPOS="862"/>
<SP HEIGHT="64" WIDTH="28" VPOS="3148" HPOS="985"/>
<String CONTENT="1934." HEIGHT="51" WIDTH="149" VPOS="3148" HPOS="1014"/>
</TextLine>
<TextLine HEIGHT="51" WIDTH="452" VPOS="3216" HPOS="244" CS="1">
<String CONTENT="xi," HEIGHT="47" WIDTH="63" VPOS="3217" HPOS="244"/>
<SP HEIGHT="46" WIDTH="26" VPOS="3218" HPOS="308"/>
<String CONTENT="276" HEIGHT="41" WIDTH="88" VPOS="3217" HPOS="335"/>
<SP HEIGHT="49" WIDTH="24" VPOS="3217" HPOS="424"/>
<String CONTENT="p." HEIGHT="38" WIDTH="44" VPOS="3228" HPOS="449"/>
<SP HEIGHT="42" WIDTH="57" VPOS="3216" HPOS="494"/>
<String CS="1" CONTENT="22&#189;" HEIGHT="40" WIDTH="55" VPOS="3216" HPOS="552"/>
<String STYLE="superscript" CONTENT="cm" HEIGHT="23" WIDTH="44" VPOS="3218" HPOS="641"/>
<String CONTENT="." HEIGHT="7" WIDTH="8" VPOS="3249" HPOS="688"/>
</TextLine>
<TextLine HEIGHT="54" WIDTH="1926" VPOS="3270" HPOS="247" CS="1">
<String CS="1" CONTENT="&#8220;&#8230;" HEIGHT="17" WIDTH="23" VPOS="3274" HPOS="247"/>
<SP HEIGHT="28" WIDTH="29" VPOS="3286" HPOS="327"/>
<String CONTENT="visions" HEIGHT="41" WIDTH="184" VPOS="3273" HPOS="357"/>
<SP HEIGHT="29" WIDTH="27" VPOS="3284" HPOS="542"/>
<String CONTENT="of" HEIGHT="38" WIDTH="50" VPOS="3274" HPOS="570"/>
<SP HEIGHT="39" WIDTH="28" VPOS="3274" HPOS="621"/>
<String CONTENT="the" HEIGHT="39" WIDTH="83" VPOS="3274" HPOS="650"/>
<SP HEIGHT="38" WIDTH="25" VPOS="3283" HPOS="734"/>
<String CONTENT="past" HEIGHT="44" WIDTH="110" VPOS="3277" HPOS="760"/>
<SP HEIGHT="37" WIDTH="32" VPOS="3277" HPOS="871"/>
<String CS="1" CONTENT="&#8230;"/>
<SP HEIGHT="28" WIDTH="32" VPOS="3285" HPOS="952"/>
<String CONTENT="running" HEIGHT="49" WIDTH="210" VPOS="3274" HPOS="985"/>
<SP HEIGHT="48" WIDTH="22" VPOS="3275" HPOS="1196"/>
<String CONTENT="in" HEIGHT="39" WIDTH="50" VPOS="3275" HPOS="1219"/>
<SP HEIGHT="29" WIDTH="30" VPOS="3286" HPOS="1270"/>
<String CONTENT="order" HEIGHT="39" WIDTH="141" VPOS="3276" HPOS="1301"/>
<SP HEIGHT="29" WIDTH="29" VPOS="3286" HPOS="1443"/>
<String CONTENT="of" HEIGHT="41" WIDTH="52" VPOS="3274" HPOS="1473"/>
<SP HEIGHT="40" WIDTH="26" VPOS="3274" HPOS="1526"/>
<String CONTENT="date" HEIGHT="38" WIDTH="113" VPOS="3276" HPOS="1553"/>
<SP HEIGHT="40" WIDTH="27" VPOS="3274" HPOS="1667"/>
<String CONTENT="from" HEIGHT="40" WIDTH="128" VPOS="3274" HPOS="1695"/>
<SP HEIGHT="39" WIDTH="28" VPOS="3273" HPOS="1824"/>
<String CONTENT="Troy" HEIGHT="47" WIDTH="127" VPOS="3273" HPOS="1853"/>
<SP HEIGHT="45" WIDTH="32" VPOS="3275" HPOS="1981"/>
<String CONTENT="to" HEIGHT="37" WIDTH="46" VPOS="3275" HPOS="2014"/>
<SP HEIGHT="38" WIDTH="31" VPOS="3274" HPOS="2061"/>
<String CONTENT="the" HEIGHT="39" WIDTH="80" VPOS="3272" HPOS="2093"/>
</TextLine>
<TextLine HEIGHT="54" WIDTH="1995" VPOS="3326" HPOS="176" CS="1">
<String CONTENT="great" HEIGHT="47" WIDTH="137" VPOS="3331" HPOS="176"/>
<SP HEIGHT="39" WIDTH="31" VPOS="3331" HPOS="314"/>
<String CONTENT="war" HEIGHT="30" WIDTH="102" VPOS="3339" HPOS="346"/>
<SP HEIGHT="30" WIDTH="37" VPOS="3340" HPOS="449"/>
<String CS="1" CONTENT="&#8230;"/>
<SP HEIGHT="29" WIDTH="37" VPOS="3341" HPOS="533"/>
<String CONTENT="sugested" HEIGHT="47" WIDTH="225" VPOS="3330" HPOS="571"/>
<SP HEIGHT="40" WIDTH="33" VPOS="3330" HPOS="797"/>
<String CONTENT="by" HEIGHT="47" WIDTH="59" VPOS="3330" HPOS="831"/>
<SP HEIGHT="47" WIDTH="33" VPOS="3330" HPOS="891"/>
<String CONTENT="imagination" HEIGHT="49" WIDTH="318" VPOS="3329" HPOS="925"/>
<SP HEIGHT="29" WIDTH="35" VPOS="3342" HPOS="1244"/>
<String CONTENT="or" HEIGHT="29" WIDTH="52" VPOS="3342" HPOS="1280"/>
<SP HEIGHT="29" WIDTH="33" VPOS="3341" HPOS="1333"/>
<String CONTENT="ancient" HEIGHT="40" WIDTH="191" VPOS="3331" HPOS="1367"/>
<SP HEIGHT="37" WIDTH="37" VPOS="3334" HPOS="1559"/>
<String CONTENT="records" HEIGHT="40" WIDTH="192" VPOS="3330" HPOS="1597"/>
<SP HEIGHT="29" WIDTH="39" VPOS="3341" HPOS="1790"/>
<String CS="1" CONTENT="&#8230;&#8221;&#8212;Introd.," HEIGHT="47" WIDTH="287" VPOS="3328" HPOS="1884"/>
</TextLine>
<TextLine HEIGHT="37" WIDTH="113" VPOS="3397" HPOS="172">
<String CONTENT="p." HEIGHT="37" WIDTH="42" VPOS="3397" HPOS="172"/>
<SP HEIGHT="28" WIDTH="28" VPOS="3399" HPOS="215"/>
<String CONTENT="x." HEIGHT="28" WIDTH="41" VPOS="3399" HPOS="244"/>
</TextLine>
<TextLine HEIGHT="56" WIDTH="1992" VPOS="3437" HPOS="179" CS="1">
<String CONTENT="&#169;" HEIGHT="51" WIDTH="50" VPOS="3440" HPOS="179"/>
<SP/>
<String CS="1" CONTENT="1c."/>
<SP/>
<String CONTENT="Apr." HEIGHT="46" WIDTH="112" VPOS="3445" HPOS="356"/>
<SP HEIGHT="40" WIDTH="28" VPOS="3444" HPOS="469"/>
<String CONTENT="28," HEIGHT="46" WIDTH="69" VPOS="3444" HPOS="498"/>
<SP HEIGHT="46" WIDTH="29" VPOS="3444" HPOS="568"/>
<String CONTENT="1934;" HEIGHT="46" WIDTH="139" VPOS="3442" HPOS="598"/>
<SP HEIGHT="44" WIDTH="33" VPOS="3444" HPOS="738"/>
<!-- cceid BFB073D2-6C64-1014-8713-889FF4349C01 --><String CONTENT="A" HEIGHT="37" WIDTH="38" VPOS="3444" HPOS="772"/>
<SP HEIGHT="38" WIDTH="28" VPOS="3444" HPOS="811"/>
<String CONTENT="ad" HEIGHT="40" WIDTH="61" VPOS="3442" HPOS="840"/>
<SP HEIGHT="39" WIDTH="27" VPOS="3442" HPOS="902"/>
<String CONTENT="int." HEIGHT="40" WIDTH="85" VPOS="3443" HPOS="930"/>
<SP HEIGHT="39" WIDTH="28" VPOS="3444" HPOS="1016"/>
<String CONTENT="18893;" HEIGHT="48" WIDTH="167" VPOS="3442" HPOS="1045"/>
<SP HEIGHT="37" WIDTH="34" VPOS="3454" HPOS="1213"/>
<String CONTENT="pubd." HEIGHT="47" WIDTH="139" VPOS="3444" HPOS="1248"/>
<SP HEIGHT="40" WIDTH="33" VPOS="3443" HPOS="1388"/>
<String CONTENT="Mar." HEIGHT="39" WIDTH="121" VPOS="3443" HPOS="1422"/>
<SP HEIGHT="39" WIDTH="29" VPOS="3443" HPOS="1544"/>
<String CONTENT="1;" HEIGHT="46" WIDTH="53" VPOS="3443" HPOS="1574"/>
<SP HEIGHT="46" WIDTH="32" VPOS="3443" HPOS="1628"/>
<String CONTENT="Harcourt," HEIGHT="46" WIDTH="258" VPOS="3442" HPOS="1661"/>
<SP HEIGHT="47" WIDTH="31" VPOS="3441" HPOS="1920"/>
<String CONTENT="Brace" HEIGHT="38" WIDTH="154" VPOS="3441" HPOS="1952"/>
<SP HEIGHT="40" WIDTH="28" VPOS="3439" HPOS="2107"/>
<String CONTENT="&amp;" HEIGHT="40" WIDTH="35" VPOS="3439" HPOS="2136"/>
</TextLine>
<TextLine HEIGHT="50" WIDTH="875" VPOS="3499" HPOS="244" CS="1">
<String CS="1" CONTENT="co.," HEIGHT="30" WIDTH="53" VPOS="3511" HPOS="244"/>
<SP HEIGHT="46" WIDTH="28" VPOS="3501" HPOS="325"/>
<String CONTENT="inc.," HEIGHT="47" WIDTH="104" VPOS="3501" HPOS="354"/>
<SP HEIGHT="47" WIDTH="26" VPOS="3501" HPOS="459"/>
<String CONTENT="New" HEIGHT="39" WIDTH="115" VPOS="3501" HPOS="486"/>
<SP HEIGHT="40" WIDTH="27" VPOS="3499" HPOS="602"/>
<String CONTENT="York." HEIGHT="41" WIDTH="143" VPOS="3499" HPOS="630"/>
<SP HEIGHT="47" WIDTH="65" VPOS="3500" HPOS="774"/>
<String CONTENT="(34-12983)" HEIGHT="48" WIDTH="279" VPOS="3500" HPOS="840"/>
</TextLine>
<TextLine HEIGHT="68" WIDTH="1022" VPOS="3602" HPOS="170" STYLEREFS="StyleId-7CF3B6E8-3B7C-439C-A991-B078C0099D51-">
<String CONTENT="Nijinsky," HEIGHT="67" WIDTH="304" VPOS="3602" HPOS="170"/>
<SP HEIGHT="63" WIDTH="29" VPOS="3606" HPOS="475"/>
<String CONTENT="Romola" HEIGHT="54" WIDTH="240" VPOS="3604" HPOS="505"/>
<SP HEIGHT="63" WIDTH="31" VPOS="3605" HPOS="746"/>
<String CONTENT="(de" HEIGHT="64" WIDTH="99" VPOS="3604" HPOS="778"/>
<SP HEIGHT="51" WIDTH="29" VPOS="3605" HPOS="878"/>
<String CONTENT="Pulszky)" HEIGHT="64" WIDTH="284" VPOS="3604" HPOS="908"/>
</TextLine>
<TextLine HEIGHT="76" WIDTH="1928" VPOS="3675" HPOS="239" STYLEREFS="StyleId-531337E2-4CFA-46D4-B802-9E1F645C86B5-" CS="1">
<String CONTENT="Nijinsky," HEIGHT="68" WIDTH="292" VPOS="3681" HPOS="239"/>
<SP HEIGHT="66" WIDTH="27" VPOS="3682" HPOS="531"/>
<String CONTENT="by" HEIGHT="67" WIDTH="74" VPOS="3682" HPOS="558"/>
<SP HEIGHT="68" WIDTH="28" VPOS="3682" HPOS="632"/>
<String CONTENT="Bomola" HEIGHT="51" WIDTH="241" VPOS="3683" HPOS="660"/>
<SP HEIGHT="52" WIDTH="26" VPOS="3683" HPOS="901"/>
<String CONTENT="Nijinsky" HEIGHT="69" WIDTH="271" VPOS="3681" HPOS="927"/>
<SP HEIGHT="46" WIDTH="34" VPOS="3703" HPOS="1198"/>
<String CS="1" CONTENT="&#8230;"/>
<SP HEIGHT="52" WIDTH="33" VPOS="3682" HPOS="1288"/>
<String CONTENT="foreword" HEIGHT="54" WIDTH="287" VPOS="3681" HPOS="1321"/>
<SP HEIGHT="52" WIDTH="27" VPOS="3681" HPOS="1608"/>
<String CONTENT="by" HEIGHT="66" WIDTH="74" VPOS="3682" HPOS="1635"/>
<SP HEIGHT="64" WIDTH="27" VPOS="3684" HPOS="1709"/>
<String CONTENT="Paul" HEIGHT="53" WIDTH="149" VPOS="3681" HPOS="1736"/>
<SP HEIGHT="54" WIDTH="27" VPOS="3679" HPOS="1885"/>
<String CONTENT="Claudel." HEIGHT="56" WIDTH="255" VPOS="3677" HPOS="1912"/>
</TextLine>
<TextLine HEIGHT="68" WIDTH="1219" VPOS="3759" HPOS="169" STYLEREFS="StyleId-531337E2-4CFA-46D4-B802-9E1F645C86B5-">
<String CONTENT="New" HEIGHT="51" WIDTH="137" VPOS="3761" HPOS="169"/>
<SP HEIGHT="51" WIDTH="29" VPOS="3760" HPOS="307"/>
<String CONTENT="York," HEIGHT="65" WIDTH="178" VPOS="3760" HPOS="337"/>
<SP HEIGHT="64" WIDTH="32" VPOS="3761" HPOS="516"/>
<String CONTENT="Simon" HEIGHT="55" WIDTH="194" VPOS="3761" HPOS="549"/>
<SP HEIGHT="33" WIDTH="31" VPOS="3778" HPOS="744"/>
<String CONTENT="and" HEIGHT="51" WIDTH="112" VPOS="3760" HPOS="776"/>
<SP HEIGHT="55" WIDTH="31" VPOS="3760" HPOS="889"/>
<String CONTENT="Schuster," HEIGHT="67" WIDTH="284" VPOS="3760" HPOS="921"/>
<SP HEIGHT="62" WIDTH="33" VPOS="3765" HPOS="1206"/>
<String CONTENT="1934." HEIGHT="51" WIDTH="148" VPOS="3764" HPOS="1240"/>
</TextLine>
<TextLine HEIGHT="51" WIDTH="1352" VPOS="3831" HPOS="245" CS="1">
<String CONTENT="3" HEIGHT="39" WIDTH="24" VPOS="3835" HPOS="245"/>
<SP/>
<String CONTENT="p." HEIGHT="36" WIDTH="41" VPOS="3845" HPOS="298"/>
<SP HEIGHT="38" WIDTH="25" VPOS="3835" HPOS="340"/>
<String CS="1" CONTENT="l.,"/>
<SP HEIGHT="47" WIDTH="26" VPOS="3833" HPOS="411"/>
<String CONTENT="ix-xvii," HEIGHT="46" WIDTH="198" VPOS="3832" HPOS="438"/>
<SP HEIGHT="45" WIDTH="25" VPOS="3834" HPOS="637"/>
<String CONTENT="447" HEIGHT="38" WIDTH="88" VPOS="3834" HPOS="663"/>
<SP HEIGHT="46" WIDTH="23" VPOS="3834" HPOS="752"/>
<String CONTENT="p." HEIGHT="37" WIDTH="40" VPOS="3843" HPOS="776"/>
<SP HEIGHT="40" WIDTH="63" VPOS="3833" HPOS="817"/>
<String CONTENT="front.," HEIGHT="48" WIDTH="162" VPOS="3833" HPOS="881"/>
<SP HEIGHT="37" WIDTH="28" VPOS="3844" HPOS="1044"/>
<String CONTENT="plates," HEIGHT="46" WIDTH="169" VPOS="3835" HPOS="1073"/>
<SP HEIGHT="37" WIDTH="27" VPOS="3844" HPOS="1243"/>
<String CONTENT="ports." HEIGHT="46" WIDTH="147" VPOS="3835" HPOS="1271"/>
<SP HEIGHT="39" WIDTH="59" VPOS="3832" HPOS="1419"/>
<String CONTENT="24" HEIGHT="39" WIDTH="58" VPOS="3832" HPOS="1479"/>
<String STYLE="superscript" CONTENT="cm" HEIGHT="22" WIDTH="44" VPOS="3833" HPOS="1539"/>
<String CONTENT="." HEIGHT="6" WIDTH="8" VPOS="3865" HPOS="1589"/>
</TextLine>
<TextLine HEIGHT="57" WIDTH="1985" VPOS="3883" HPOS="177" CS="1">
<String CONTENT="&#169;" HEIGHT="51" WIDTH="50" VPOS="3887" HPOS="177"/>
<SP HEIGHT="51" WIDTH="25" VPOS="3887" HPOS="228"/>
<String CONTENT="Mar." HEIGHT="38" WIDTH="122" VPOS="3892" HPOS="254"/>
<SP HEIGHT="39" WIDTH="26" VPOS="3891" HPOS="377"/>
<String CONTENT="22," HEIGHT="48" WIDTH="69" VPOS="3890" HPOS="404"/>
<SP HEIGHT="46" WIDTH="27" VPOS="3892" HPOS="474"/>
<String CONTENT="1984;" HEIGHT="46" WIDTH="139" VPOS="3890" HPOS="502"/>
<SP HEIGHT="48" WIDTH="26" VPOS="3889" HPOS="642"/>
<String CONTENT="2c." HEIGHT="41" WIDTH="67" VPOS="3890" HPOS="669"/>
<SP HEIGHT="38" WIDTH="27" VPOS="3891" HPOS="737"/>
<String CONTENT="Mar." HEIGHT="38" WIDTH="120" VPOS="3891" HPOS="765"/>
<SP HEIGHT="38" WIDTH="25" VPOS="3891" HPOS="886"/>
<String CONTENT="26;" HEIGHT="47" WIDTH="82" VPOS="3891" HPOS="912"/>
<SP HEIGHT="37" WIDTH="30" VPOS="3901" HPOS="995"/>
<String CONTENT="aff." HEIGHT="41" WIDTH="81" VPOS="3890" HPOS="1026"/>
<SP HEIGHT="38" WIDTH="27" VPOS="3892" HPOS="1108"/>
<String CONTENT="Mar." HEIGHT="38" WIDTH="120" VPOS="3892" HPOS="1136"/>
<SP HEIGHT="38" WIDTH="26" VPOS="3891" HPOS="1257"/>
<String CONTENT="24;" HEIGHT="46" WIDTH="83" VPOS="3891" HPOS="1284"/>
<SP HEIGHT="47" WIDTH="29" VPOS="3890" HPOS="1368"/>
<!-- cceid BFB0EA4C-6C64-1014-8713-889FF4349C01 --><String CONTENT="A" HEIGHT="38" WIDTH="40" VPOS="3890" HPOS="1398"/>
<SP HEIGHT="39" WIDTH="25" VPOS="3890" HPOS="1439"/>
<String CONTENT="71451;" HEIGHT="46" WIDTH="170" VPOS="3889" HPOS="1465"/>
<SP HEIGHT="47" WIDTH="32" VPOS="3888" HPOS="1636"/>
<String CONTENT="Simon" HEIGHT="41" WIDTH="162" VPOS="3887" HPOS="1669"/>
<SP HEIGHT="39" WIDTH="25" VPOS="3887" HPOS="1832"/>
<String CONTENT="&amp;" HEIGHT="39" WIDTH="35" VPOS="3887" HPOS="1858"/>
<SP HEIGHT="40" WIDTH="29" VPOS="3886" HPOS="1894"/>
<String CONTENT="Schuster," HEIGHT="41" WIDTH="238" VPOS="3885" HPOS="1924"/>
</TextLine>
<TextLine HEIGHT="42" WIDTH="90" VPOS="3947" HPOS="242">
<String CONTENT="inc." HEIGHT="42" WIDTH="90" VPOS="3947" HPOS="242"/>
</TextLine>
</TextBlock>
</PrintSpace>
</Page>
</Layout>
</alto>