2350 4196
1126 4000 99 49 352

190 380 214 64 [Wade,
439 382 137 52 Mrs.
611 380 201 54 Eileen
845 383 185 52 Marie
1061 384 328 62 Tremayne
1421 383 372 66 (Edwards)]
1835 386 168 49 1896-

252 457 147 51 Paul
438 458 110 51 and
588 457 265 67 Michael,
894 459 73 67 by
1007 459 195 52 Eileen
1243 460 315 67 Tremayne
1623 460 177 66 [pseud]
1915 458 254 52 London.

181 533 364 54 Hutchinson
576 537 43 49 &
649 553 96 49 co.,
777 536 101 52 ltd.
971 539 117 63 [1934]

252 604 85 41 352
364 617 41 37 p.
470 606 114 42 19cm.

187 660 1984 54 © 1c. Mar. 16. 1934; A ad int. 18741: pubd. Jan. 19: Eileen Tremayne
255 722 164 41 Wade,
453 723 277 45 Blackpool.
764 723 234 47 England.
1070 723 247 47 (34-7298)

184 810 196 65 Work,
412 812 208 52 Milton
653 814 238 63 Cooper,
924 816 170 49 1864—

253 887 120 52 The
416 887 473 54 Work-Peterson
935 895 252 47 accurate
1230 888 291 54 valuation
1567 892 204 64 system
1815 887 63 52 of
1922 892 250 49 contract

186 963 1925 71 bridge, by Milton C. Work … [and] Olive Avery Peterson …
185 1041 422 70 Philadelphia,
651 1042 247 69 Chicago
947 1049 136 63 [etc.]
1130 1045 120 51 The
1292 1044 154 54 John
1491 1043 60 54 C.
1595 1044 262 52 Winston
1898 1060 270 51 company

189 1123 192 64 [c1934]

286 1223 8 15 x,
317 1191 83 41 101
423 1202 41 37 p.
525 1192 114 40 19cm.

285 1249 140 40 "Some
448 1249 51 40 of
525 1250 82 39 the
629 1250 215 47 trophies
870 1261 105 30 won
1003 1252 59 46 by
1087 1251 400 40 Work-Peterson"
1544 1263 58 28 on
1628 1252 361 48 lining-papers.

187 1306 1902 51 © Mar. 6. 1934; 2c. and aff. Mar. 17; A 69868: John C. Winston co.
265 1367 249 47 (34-6146)

185 1455 202 63 Yeats,
416 1456 254 55 William
700 1458 223 60 Butler,
957 1462 170 49 1865-

251 1535 220 52 Letters
504 1541 56 46 to
595 1534 94 52 the
721 1553 121 34 new
877 1535 202 64 island,
1113 1535 71 66 by
1216 1534 259 54 William
1510 1533 202 54 Butler
1746 1534 204 66 Yeats;
1986 1534 187 54 edited

183 1612 138 51 with
349 1630 71 33 an
450 1612 386 52 introduction
863 1612 75 67 by
965 1612 222 51 Horace
1216 1611 305 68 Reynolds.
1598 1610 360 69 Cambridge,
1985 1612 189 68 Mass.,

181 1689 273 53 Harvard
487 1689 316 67 university
836 1708 172 48 press,
1044 1692 147 51 1934.

252 1762 1205 50 xiii p., 2 l., [3]-222 p. front, (port.) 19½cm.
255 1818 1917 50 “These essays … are reprinted by permission of the Boston pilot and
183 1878 80 39 the
293 1876 294 40 Providence
615 1876 195 47 journal
843 1876 63 49 [in
934 1876 156 39 which
1120 1886 173 37 papers
1322 1877 113 46 they
1466 1886 124 30 were
1618 1876 260 49 originally
1907 1877 267 48 published,

182 1933 411 47 1888-1892]"—p.
644 1933 60 48 [iv]

187 1987 50 51 ©
272 1992 108 39 Jan.
413 1991 68 40 24.
544 1990 109 39 1934;
690 1991 66 39 2c.
789 1990 108 40 Jan.
931 1990 80 39 31:
1048 1989 52 40 aff.
1164 1990 107 39 Feb.
1307 1991 51 38 7:
1394 1991 39 37 A
1468 1990 168 46 70178;
1673 1990 258 41 President
1960 1993 94 38 and
256 1992 1899 96 fellows
407 2048 50 40 of
490 2048 227 38 Harvard

752 2049 190 44 college,
978 2046 298 47 Cambridge.
1313 2048 144 37 Mass.
1530 2047 278 48 (34-27057)

184 2138 230 64 Young,
444 2137 232 54 Arthur
702 2139 222 63 Henry,
957 2140 170 49 1866-

251 2216 113 51 Art
406 2214 253 68 Young’s
701 2214 256 67 inferno;
1002 2233 29 32 a
1072 2214 240 67 journey
1348 2215 251 67 through
1638 2216 114 50 hell
1791 2214 87 53 six
1915 2215 259 53 hundred

181 2312 163 49 years
372 2293 151 52 after
549 2293 204 52 Dante.
830 2293 136 51 New
997 2291 176 67 York,
1200 2292 246 67 Delphic
1472 2293 216 52 studios
1723 2295 191 64 [c1934]

253 2367 86 39 176
366 2377 56 37 p.,
450 2366 26 39 2
525 2399 8 7 l.
562 2366 108 39 incl.
699 2365 163 47 front.,
892 2365 127 39 illus.
1079 2364 144 41 28½cm.

256 2423 91 41 “Of
373 2424 79 39 the
479 2423 109 40 first
612 2422 181 40 edition
821 2422 50 40 of
898 2432 86 29 one
1012 2422 240 39 thousand
1280 2422 171 47 copies,
1480 2422 98 40 this
1604 2422 122 40 book
1752 2423 40 39 is
1820 2423 200 39 number
2044 2422 129 40 436.”

256 2480 187 40 “Books
472 2480 61 45 by
560 2479 90 39 Art
678 2478 196 48 Young”:
933 2490 43 36 p.
1007 2478 53 49 [7]

188 2534 1984 51 © Jan. 2. 1934; 2c. Jan. 22: aff. Jan. 20: A 70286; A. Young. Danbury,
255 2595 146 40 Conn.
473 2593 248 48 (34-3301)

186 2684 229 64 Young,
445 2685 257 53 Frances
729 2683 69 55 Y.

259 2761 191 55 Secret
496 2761 63 51 of
605 2762 94 50 the
748 2760 144 52 dark
940 2761 188 64 house,
1175 2778 30 32 a
1251 2765 251 61 mystery
1548 2766 156 60 story
1754 2760 93 52 for
1893 2759 157 68 girls,
2097 2760 73 66 by

184 2837 1988 68 Frances Y. Young … New York, Cupples & Leon company
191 2920 189 63 [c1934]

256 2985 741 51 2 p. l., 209 p. front. 20cm.
190 3041 1874 51 © Mar. 15. 1934; 2c. and aff. Mar. 22: A 69966: Cupples & Leon co.
271 3101 248 47 (34-5976)

185 3192 214 62 Young
446 3191 185 52 men’s
681 3188 302 55 Christian
1034 3188 405 54 associations.
1514 3190 270 53 Business
1833 3189 339 54 secretaries'

257 3267 353 55 association.

252 3346 325 52 Handbook
614 3345 63 53 of
714 3343 333 54 association
1084 3342 250 56 business
1373 3344 479 67 administration,
1888 3344 274 66 compiled

187 3423 178 52 under
387 3424 93 50 the
506 3422 272 53 direction
805 3421 63 52 of
892 3422 93 50 the
1007 3421 325 53 Handbook
1355 3421 317 53 committee
1697 3422 63 52 of
1783 3423 94 51 the
1902 3422 266 52 Business

184 3500 341 53 secretaries’
560 3499 333 53 association
932 3498 62 53 of
1029 3499 93 51 the
1157 3500 210 64 Young
1398 3498 171 53 men’s
1606 3498 292 56 Christian

186 3499 1958 133 associations
380 3579 62 51 of
486 3578 187 50 North
719 3576 290 64 America;
1061 3576 67 53 G.
1177 3576 54 54 S.
1280 3575 312 53 Bilheimer
1661 3577 129 65 [and]
1841 3577 192 53 James
2078 3576 87 52 W.

185 3653 669 54 McCandless—editors.
931 3654 137 50 New
1105 3651 177 67 York,
1317 3653 359 52 Association
1712 3671 172 48 press,
1921 3656 148 49 1934.

253 3727 80 46 vii,
361 3728 86 39 486
474 3738 42 36 p.
544 3726 108 40 incl.
682 3725 166 48 diagr.,
876 3725 168 39 forms.
1099 3725 143 40 23½cm.

251 3784 223 39 Includes
507 3783 388 47 bibliographies.

189 3835 1982 51 © Jan. 4, 1934; 2c. Feb. 17: aff. Jan. 27: A 69516: General board of
256 3897 50 37 Y.
336 3897 61 38 M.
425 3896 46 39 C.
499 3897 67 44 A.,
594 3896 115 38 New
736 3895 141 38 York.
949 3894 247 47 (34-5199)
