2350 4296
1079 4000 132 52 1049

154 358 119 51 The
325 355 315 53 American
693 357 160 50 short
903 355 160 52 short
1113 356 155 62 story
1322 352 337 64 1932-1933;
1716 368 70 33 an
1840 348 312 67 anthology

224 426 1927 67 of … new short short stories … New York, N. Y., The
222 512 239 55 Galleon
497 532 174 49 press,
710 513 323 53 1932-1933.

226 601 27 39 2
280 613 40 29 v.
380 599 144 41 22½cm.

158 672 170 40 Editor
348 683 6 28 :
389 670 128 48 1932,
552 672 225 38 Kenneth
811 670 234 38 Houston.

162 764 53 29 [v.
245 744 55 47 1],
332 738 56 52 ©:
413 743 117 40 Nov.
559 743 38 46 1,
628 741 112 40 1932;
816 752 41 29 [v.
885 741 28 38 2],
976 735 50 52 ©
1058 739 99 40 Oct.
1186 739 38 46 1,
1255 736 112 41 1933;
1426 736 66 40 2c.
1523 736 117 39 each
1671 737 94 38 and
1796 734 107 41 affs.
1933 736 118 46 Aug.
2084 735 67 46 18,

230 799 139 47 1934;
400 799 40 39 A
467 798 156 44 74568,
654 799 168 46 74567;
854 797 202 41 Galleon
1082 804 146 39 press,
1258 795 89 39 inc.
1423 792 280 49 (34-24143)

153 902 315 54 American
499 905 280 50 students
807 901 369 59 foundation,
1207 900 110 52 inc.

225 991 155 52 Year
429 990 163 68 book,
645 991 307 51 American
1006 990 256 51 students
1317 986 363 67 foundation,
1735 985 418 67 incorporated.

153 1072 252 63 1934/35.
487 1070 156 67 [New
679 1070 177 67 York,
895 1072 148 63 1934]

226 1155 548 50 3 p. l., 308 p. 22½cm.
228 1225 42 38 A
292 1226 243 46 directory
558 1226 52 39 of
633 1226 186 40 schools
845 1227 95 38 and
961 1224 203 47 colleges
1185 1224 52 39 of
1260 1224 82 40 the
1368 1223 180 40 United
1575 1221 176 50 States,
1779 1222 119 40 with
156 1223 1980 99 information
290 1282 149 40 about
467 1282 242 41 available
741 1280 341 49 scholarships.

160 1349 50 52 ©
242 1354 118 48 Aug.
395 1355 37 47 8,
465 1354 113 40 1934;
640 1354 63 39 2c.
740 1355 94 38 and
868 1353 79 40 aff.
981 1353 119 47 Aug.
1134 1351 50 49 9;
1221 1353 40 38 A
1295 1352 169 47 74486;
1501 1352 158 40 Amer.
1692 1353 225 39 students
228 1352 1904 107 foundation,
374 1411 104 47 inc.,
511 1411 116 40 New
659 1410 143 40 York.
877 1409 279 49 (34-24291)

157 1513 330 65 Bechstein,
521 1516 265 64 Ludwig,
823 1517 323 51 1801-1860.

344 1605 1802 70 … Rheinsagen; modernized, simplified, and edited, with
156 1684 1995 70 questions and vocabulary, by C. H. Handschin … New York,
156 1763 451 69 Prentice-Hall,
638 1765 125 67 inc.,
797 1769 147 49 1934.

230 1850 1124 48 viii p., 1 l., 178 p. incl. front., illus. 19cm.
159 1919 51 51 ©
242 1923 115 47 July
387 1923 68 47 13,
488 1922 139 48 1934;
660 1922 67 42 2c.
758 1923 118 47 Aug.
909 1922 52 46 2;
996 1922 80 39 aff.
1110 1922 118 47 Aug.
1261 1921 80 47 10;
1378 1923 39 37 A
1450 1922 169 46 73814;
1655 1921 375 47 Prentice-Hall,
2063 1923 90 40 inc.

229 1980 283 48 [Copyright
537 1980 42 40 is
606 1980 204 40 claimed
840 1991 58 29 on
927 1979 247 48 questions
1203 1980 94 39 and
1327 1980 309 48 vocabulary]

237 2037 278 47 (34-23781)

157 2139 169 61 Beck,
357 2141 157 52 Thor
546 2142 236 63 Jensen,
818 2144 169 51 1882-

222 2229 290 55 Northern
574 2230 330 69 antiquities
962 2234 58 51 in
1082 2233 221 52 French
1364 2232 263 68 learning
1688 2234 112 51 and
1859 2233 295 53 literature

162 2308 367 69 (1755-1855);
606 2329 28 33 a
668 2310 172 68 study
872 2310 59 52 in
965 2311 381 67 preromantic
1377 2312 175 66 ideas,
1583 2312 74 66 by
1691 2314 171 51 Thor.
1897 2312 54 53 J.
1985 2312 153 53 Beck.

151 2388 2003 71 v. 1. The “Vagina Gentium” and the liberty legend … New
151 2466 178 68 York,
364 2467 300 55 Columbia
695 2467 317 68 university
1092 2471 148 64 [c1934]

228 2540 87 41 195
340 2552 43 36 p.
442 2540 143 39 24½cm.
657 2541 355 48 (Publications
1043 2542 50 38 of
1122 2542 80 39 the
1233 2543 234 40 Institute
1498 2543 50 40 of
1580 2543 185 39 French
1798 2542 199 49 studies,
2031 2545 115 44 inc.)

224 2611 1567 51 Vol. I issued also as thesis (PH. D.) Columbia university.
160 2678 50 51 ©
243 2683 110 40 Feb.
386 2682 68 47 28,
488 2681 114 40 1934;
663 2682 65 40 2c.
764 2683 116 46 Aug.
915 2684 55 38 17;
1033 2682 79 40 aff.
1148 2684 118 47 Aug.
1300 2684 55 38 16;
1420 2685 37 37 A
1491 2684 169 47 74561;
1697 2685 51 40 G.
1786 2686 49 39 L.
1870 2686 108 39 Van
228 2687 1910 100 Roosbroeck,
449 2740 117 39 New
599 2740 144 38 York.
819 2739 280 49 (34-24345)

153 2842 240 65 Becker,
425 2843 228 55 Knuth.

317 2932 1598 71 … Verden venter—… København, Gyldendal, 1934.
222 3004 27 39 2
280 3016 42 29 v.
381 3003 148 41 22½cm.

227 3058 171 50 Sequel
427 3062 50 39 to
507 3059 96 42 Det
632 3059 191 49 daglige
851 3060 134 42 brød.

158 3127 1998 58 © Feb. 21, 1934; 1c. each June 28; A-Foreign 25154; Gyldendalske
225 3189 283 48 bogliandel,
542 3189 213 40 Nordisk
784 3189 176 48 forlag.
1032 3190 277 49 (34-25943)

152 3294 139 64 Bell,
325 3296 137 52 Mrs.
500 3294 335 64 Euphemia
865 3295 232 65 Young.

320 3384 1836 77 … Beautiful Bermuda; the standard guide to Bermuda, by
151 3461 323 69 Euphemia
520 3465 213 66 Young
778 3463 156 66 Bell;
979 3463 400 71 illustrations,
1422 3486 181 50 maps,
1646 3470 184 67 plans.
1908 3469 100 55 7th
2052 3473 105 66 ed.,

152 3557 111 35 rev.
299 3541 74 68 by
410 3541 56 55 S.
502 3542 67 52 E.
605 3541 144 53 Bell.
819 3543 139 52 New
992 3542 164 53 York
1188 3544 114 52 and
1337 3547 308 67 Bermuda,
1680 3549 303 53 Beautiful
149 3553 1984 119 Bermuda
355 3618 337 69 publishing
724 3637 298 50 company,
1057 3623 150 54 1934.

233 3689 271 50 [ii]-xxxiii,
527 3689 86 39 240
639 3700 41 36 p.
706 3689 109 41 incl.
839 3691 165 46 front.,
1030 3690 127 40 illus.
1210 3692 29 39 2
1259 3693 118 41 fold.
1403 3705 152 38 maps.
1610 3695 115 43 19cm.

228 3746 66 41 At
318 3747 124 39 head
472 3746 51 40 of
549 3746 136 41 title:
715 3746 144 40 From
886 3746 230 42 different
1143 3748 300 49 viewpoints.

227 3804 227 40 Includes
487 3801 303 50 advertising
818 3803 195 40 matter.

157 3874 53 53 ©
244 3879 127 42 June
404 3878 69 49 25,
508 3878 140 46 1934;
685 3878 67 39 2c.
788 3877 115 47 July
940 3878 50 46 3;
1028 3878 80 39 aff.
1146 3879 118 48 Aug.
1300 3882 51 41 8;
1391 3882 38 38 A
1467 3884 169 45 74554;
1675 3886 167 43 Frank
1877 3889 126 41 Ross
2038 3890 119 46 Bell,

223 3936 117 40 New
374 3936 144 39 York.
590 3934 279 48 (34-24133)
