2350 4196
1082 4001 100 52 927

146 357 251 63 Heaton,
430 354 189 55 Willis
650 356 217 63 Edgar.

277 429 1867 71 … Heaton on Surrogates’ courts. 5th ed. (Myers) Index
146 506 1999 73 volume. Supplement, 1930-1934 … Albany, N. Y., and New
148 588 176 67 York,
356 590 67 51 N.
458 591 88 62 Y.,
577 588 278 54 Matthew
887 589 224 52 Bender
1141 592 45 49 &
1215 604 296 51 company,
1541 588 419 66 incorporated,
1994 590 149 51 1934.

219 662 58 39 39
302 671 29 38 p
402 662 54 40 23½
490 664 43 21 cm.

219 720 65 38 At
308 720 124 38 head
462 719 51 39 of
542 718 135 41 title:
708 718 126 40 1934.

220 775 117 40 This
360 776 250 47 pamphlet
632 775 43 40 is
698 778 49 37 to
771 776 57 38 be
851 774 138 42 fitted
1012 774 102 40 into
1139 774 80 39 the
1243 774 171 47 pocket
1440 778 51 36 at
1518 774 81 39 the
1623 774 124 39 back
1772 774 51 39 of
1848 774 81 39 the
1955 774 190 41 volume

149 833 51 39 of
227 833 81 38 the
336 834 72 38 set
437 834 47 38 to
514 832 158 39 which
699 832 39 40 it
765 832 196 47 belongs.

152 898 51 52 ©
233 902 119 48 Aug.
382 901 39 47 9,
453 902 141 46 1934;
626 902 64 39 2c.
724 903 95 38 and
852 900 80 42 aff.
965 901 118 47 Aug.
1116 901 54 39 10;
1229 901 40 38 A
1300 900 170 46 74524;
1505 901 237 39 Matthew
1773 901 190 39 Bender
1994 901 37 40 &
2063 910 81 39 co.,

220 959 90 40 inc.

276 1059 1865 72 … Heaton on Surrogates’ courts. 5th ed. Table of cases.
148 1134 1995 77 Supplement, 1934 … Albany, N. Y. and New York, N. Y.,
142 1217 278 54 Matthew
448 1219 226 52 Bender
701 1222 46 50 &
774 1234 296 52 company,
1098 1217 418 68 incorporated,
1549 1220 150 50 1934.

214 1292 59 38 12.
299 1303 28 37 p.
396 1292 56 40 23½
486 1294 42 21 cm

216 1348 62 40 At
305 1349 123 40 head
457 1349 50 39 of
536 1348 134 41 title:
699 1348 126 41 1934.

216 1405 117 41 This
356 1406 250 47 pamphlet
629 1406 40 40 is
696 1409 46 37 to
770 1406 54 39 be
849 1405 137 41 fitted
1013 1405 101 39 into
1140 1406 80 38 the
1246 1404 170 48 pocket
1442 1408 49 36 at
1518 1405 81 39 the
1625 1405 122 39 back
1773 1405 51 39 of
1848 1406 80 39 the
1954 1404 191 41 volume

146 1463 50 39 of
222 1464 81 38 the
329 1466 73 37 set
431 1465 47 38 to
506 1461 156 41 which
688 1463 38 39 it
755 1463 208 48 belongs.

150 1521 50 51 ©
231 1525 117 48 Aug.
381 1525 39 47 9,
452 1524 139 48 1934;
623 1525 67 40 2c.
722 1526 96 39 and
849 1524 79 42 aff.
961 1525 117 47 Aug.
1111 1523 81 48 10;
1225 1524 41 38 A
1297 1523 171 49 74524;
1504 1525 236 39 Matthew
1772 1524 190 40 Bender
1995 1525 36 40 &
2061 1535 82 39 co.,

216 1582 90 40 inc.

274 1683 1866 74 … Heaton on Surrogates’ courts. 5th ed. (Myers) v. 1-5.
145 1759 1997 77 Supplement, 1930-1934 … Albany, N. Y. and New York,
142 1843 67 51 N.
243 1845 89 64 Y.,
362 1842 278 53 Matthew
671 1842 225 54 Bender
927 1847 45 48 &
1003 1859 295 52 company,
1327 1843 420 68 incorporated,
1782 1847 148 48 1934.

215 1916 27 40 5
269 1928 41 27 v.
367 1916 55 40 23½
456 1918 44 21 cm
505 1949 6 7 .

213 1974 63 39 At
303 1973 124 40 head
455 1973 51 40 of
533 1973 134 40 title:
697 1972 127 40 1934.

219 2030 154 40 These
410 2030 276 47 pamphlets
726 2040 83 28 are
849 2032 47 38 to
938 2030 56 39 be
1033 2029 138 40 fitted
1211 2029 101 40 into
1355 2030 82 38 the
1477 2030 197 48 pockets
1716 2033 51 36 at
1809 2031 81 38 the
1932 2031 121 39 back
2092 2031 53 40 of

145 2088 81 39 the
252 2088 216 38 volumes
496 2087 51 39 of
574 2088 81 39 the
682 2090 73 36 set
783 2090 48 36 to
858 2086 157 40 which
1043 2087 113 47 they
1183 2087 183 47 belong.

148 2141 50 51 ©
227 2146 119 46 Aug.
374 2143 39 47 9,
442 2143 114 41 1934;
611 2144 66 39 2c.
708 2145 118 39 each
855 2144 95 39 and
979 2142 80 40 aff.
1091 2144 117 47 Aug.
1238 2144 80 46 10;
1350 2144 40 38 A
1420 2142 171 49 74524;
1623 2144 236 39 Matthew
1889 2144 189 40 Bender
2108 2144 36 40 &

215 2211 80 34 co.,
327 2201 87 39 inc.

139 2300 2005 153 … Heaton on Surrogates’ courts. 5th ed. v. 6. (Handy-Myers) Supplement, 1934 … Albany, N. Y. and New York,
140 2459 70 52 N.
247 2461 90 65 Y.,
372 2460 279 52 Matthew
686 2459 226 53 Bender
948 2462 45 50 &
1028 2477 296 50 company,
1359 2460 420 68 incorporated,
1818 2464 148 48 1934.

215 2531 669 50 1 p. l., vi, 3-86 p. 23½ cm .
214 2591 66 38 At
305 2591 123 39 head
459 2590 51 40 of
538 2589 135 40 title:
705 2589 126 40 1934.

217 2646 117 40 This
357 2647 249 47 pamphlet
631 2647 41 39 is
697 2650 47 36 to
770 2647 55 38 be
849 2645 139 41 fitted
1012 2646 102 39 into
1140 2647 79 38 the
1243 2646 171 47 pocket
1440 2648 54 37 at
1516 2647 81 38 the
1623 2646 122 39 back
1770 2646 50 40 of
1847 2647 81 39 the
1952 2647 190 41 volume

144 2705 52 38 of
223 2705 81 39 the
330 2706 75 38 set
433 2706 48 37 to
509 2704 158 39 which
695 2704 41 38 it
762 2702 211 47 belongs.

147 2757 50 51 ©
229 2761 118 47 Aug.
380 2760 38 40 9.
449 2760 139 41 1934;
622 2760 68 40 2c.
720 2760 95 39 and
848 2759 81 42 aff.
961 2759 117 47 Aug.
1113 2758 79 47 10;
1225 2762 41 35 A
1295 2758 171 47 74524;
1502 2760 235 39 Matthew
1769 2760 191 39 Bender
1993 2760 35 40 &
2058 2769 83 39 co.,

217 2818 89 39 inc.

140 2920 209 65 Hedin,
381 2921 154 54 Sven
570 2921 252 62 Anders,
857 2922 170 49 1865-

279 2993 1842 73 … A conquest of Tibet. [New York, E. P. Dutton & co., inc.,
151 3078 150 65 1934]

217 3146 87 39 viii
329 3156 57 38 p.,
416 3149 23 38 1
488 3178 8 8 l.,
538 3146 177 39 11-400
738 3156 43 37 p.
809 3145 109 42 incl.
947 3147 134 39 front.
1124 3146 171 48 (port.)
1332 3147 128 41 illus.
1517 3147 57 39 24½
1606 3150 43 20 cm
1656 3180 7 6 .

218 3204 62 40 At
308 3205 124 39 head
462 3204 51 39 of
543 3203 135 41 title:
712 3203 126 41 Sven
866 3203 174 41 Hedin.

216 3262 139 39 Head
391 3262 95 39 and
523 3261 88 39 tail
647 3260 171 49 pieces.

217 3319 318 39 “Translated
564 3318 127 39 from
721 3319 82 39 the
833 3316 217 43 Swedish
1077 3319 60 46 by
1165 3317 162 41 Julius
1355 3318 349 50 Lincoln.”—p.
1751 3322 61 48 [iv]

216 3376 160 40 “First
407 3374 228 42 edition.”

148 3434 50 50 ©
226 3437 116 47 July
369 3437 67 46 16,
465 3436 139 46 1934;
633 3436 64 39 2c.
727 3436 94 38 and
850 3434 79 41 aff.
960 3435 114 47 July
1104 3436 79 45 17;
1214 3436 39 38 A
1282 3436 170 47 74250;
1482 3438 51 39 E.
1564 3437 49 40 P.
1644 3438 186 39 Dutton
1860 3439 35 39 &
1923 3449 80 37 co.,
2034 3439 105 48 inc.,

213 3495 116 40 New
354 3494 143 39 York.
572 3492 279 48 (34-20537)

145 3598 282 65 Hegland,
458 3597 242 64 Martin,
734 3598 170 50 1880-

145 3669 1970 154 Aspirations; ideals for the Christian life, by Martin Hegland. Minneapolis, Augsburg publishing house [ c 1934]
211 3827 60 40 42
293 3837 42 37 p.
392 3826 54 40 15½
479 3827 46 22 cm
528 3855 8 9 .

148 3880 50 51 ©
234 3885 125 39 June
392 3883 70 46 21,
498 3882 140 45 1934;
673 3881 67 40 2c.
777 3880 126 42 June
936 3880 83 48 29;
1058 3880 78 41 aff.
1175 3882 125 40 June
1335 3883 55 39 28;
1455 3884 40 39 A
1529 3884 170 47 74118;
1736 3886 257 48 Augsburg
2029 3888 107 46 pub.

217 3942 162 38 house.
451 3937 280 48 (34-20735)
