2350 4196
1085 4016 134 51 1419.

186 355 262 66 Derleth,
477 356 240 65 August
744 357 89 56 W.

317 433 1864 69 … The man on all fours, a Judge Peck mystery story. New
181 511 177 68 York,
385 512 219 68 Loring
630 516 45 50 &
700 512 231 68 Mussey
964 545 12 35 [
982 518 17 22 c
1005 515 151 63 1934]

247 583 68 39 xii
345 595 57 37 p.,
430 587 25 37 1
516 617 7 15 l.,
554 585 173 39 15-244
753 596 42 37 p.
856 585 128 40 illus.
1014 582 187 50 (plans)
1269 583 55 41 19½
1356 587 44 21 cm
1406 616 8 8 .

181 639 51 51 ©
267 643 101 41 Oct.
400 642 69 48 26,
501 642 140 47 1934;
678 642 65 41 2c.
779 643 102 40 Oct.
914 643 81 46 15;
1032 642 81 42 aff.
1149 642 99 40 Oct.
1283 641 56 40 30
1357 652 9 36 ;
1401 642 44 43 A,
1475 641 170 48 77016;
1681 642 181 49 Loring
1893 643 38 41 &
1964 644 209 48 Mussey.

255 698 279 49 (34-35889)

183 772 241 66 Disney,
460 775 167 64 Walt,
657 774 399 66 productions,
1084 775 104 54 ltd.

248 849 225 69 Mickey
509 853 199 52 Mouse
743 852 223 52 waddle
1001 852 174 66 book;
1210 855 159 64 story
1407 851 112 52 and
1555 850 378 55 illustrations
1971 854 73 65 by
2081 854 96 51 the

172 926 137 54 staff
353 929 63 52 of
460 930 95 52 the
599 931 157 53 Walt
802 932 216 64 Disney
1064 929 232 53 studios.
1373 930 138 52 New
1557 930 179 67 York,
1781 932 146 51 Blue
1971 931 200 52 ribbon

172 1006 190 68 books,
390 1007 401 68 incorporated
826 1041 12 34 [
845 1014 18 21 c
868 1011 151 63 1934]

246 1082 82 48 [33]
359 1091 42 37 p.
459 1081 126 40 illus.
617 1081 137 48 (part
780 1081 111 48 col.)
957 1081 57 39 26
1016 1083 44 21 cm
1065 1112 6 7 .

252 1139 289 38 Illustrated
572 1140 96 45 t.-p.
700 1139 95 39 and
824 1138 349 48 lining-papers
1202 1137 51 39 in
1285 1140 169 38 colors.

252 1195 73 40 On
355 1205 167 29 cover:
557 1195 102 41 The
693 1197 136 45 story
860 1195 124 40 book
1016 1195 120 39 with
1170 1195 280 39 characters
1484 1196 111 38 that
1627 1205 131 30 come
1790 1198 86 37 out
1907 1197 97 38 and
2036 1197 142 39 walk.

250 1252 328 40 Instructions
604 1253 81 39 for
708 1251 320 49 assembling:
1058 1263 41 37 p.
1132 1251 204 50 [32]-[33]

249 1309 233 40 Contains
514 1310 228 46 envelope
776 1309 119 40 with
929 1310 81 39 the
1043 1319 201 37 runway
1277 1319 63 30 on
1370 1308 159 41 which
1560 1309 84 40 the
1675 1309 189 40 waddle
1896 1310 281 40 characters

172 1366 129 39 walk
326 1366 96 40 and
446 1375 27 30 a
502 1368 198 38 smaller
726 1377 89 29 one
840 1365 119 41 with
987 1367 82 39 the
1095 1367 138 39 brass
1258 1366 158 48 pieces
1444 1367 118 39 used
1589 1367 50 38 in
1664 1366 195 48 putting
1886 1368 85 39 the
1992 1366 178 49 figures

172 1424 234 46 together.

180 1476 51 51 ©
260 1480 128 48 Sept.
415 1479 69 49 24,
513 1479 140 48 1934;
683 1480 65 40 2c.
780 1481 102 40 Oct.
911 1479 82 47 26;
1024 1480 80 40 aff.
1134 1480 101 40 Oct.
1264 1479 82 48 24;
1377 1481 40 38 A
1446 1479 170 48 76764;
1647 1481 133 39 Walt
1808 1480 184 48 Disney
244 1482 1912 102 enterprises,
446 1539 99 46 ltd.,
580 1538 301 46 Hollywood,
916 1538 142 40 Calif.
1132 1537 279 48 (34-35884)

177 1611 93 54 Du
297 1613 159 65 Bois,
484 1613 325 56 Theodora.

249 1689 121 54 The
412 1690 290 69 traveling
742 1697 126 62 toys
918 1691 52 67 [by]
1077 1690 300 53 Theodora
1421 1690 265 68 DuBois;
1733 1690 325 55 illustrated
2103 1690 72 68 by

178 1767 151 53 Fern
371 1769 156 54 Bisel
568 1771 158 51 Peat.
823 1768 425 69 Philadelphia,
1290 1771 121 52 The
1452 1772 161 51 Penn
1655 1769 334 68 publishing
178 1788 1972 127 company
368 1880 12 34 [
387 1853 16 21 c
409 1850 151 65 1934]

248 1918 84 41 201
361 1931 41 37 p.
434 1919 108 42 incl.
573 1921 85 39 col.
688 1919 163 49 front.,
881 1920 127 40 illus.
1070 1920 84 40 col.
1185 1922 169 45 plates.
1415 1920 55 39 22½
1503 1923 43 21 cm
1553 1952 8 8 .

244 1976 140 47 Maps
413 1987 63 30 on
500 1977 363 48 lining-papers.

174 2031 51 51 ©
254 2035 101 40 Oct.
383 2034 69 48 22,
482 2034 140 48 1934;
653 2034 66 42 2c.
749 2037 95 38 and
874 2035 81 41 aff.
986 2035 100 41 Oct.
1116 2034 81 48 30;
1227 2035 42 39 A
1296 2034 171 48 77030;
1501 2036 135 39 Penn
1662 2036 109 47 pub.
1800 2046 66 29 co.

253 2092 280 48 (34-35886)

171 2166 325 69 Dumesnil,
528 2170 180 64 Rene,
744 2169 172 54 1879-

304 2244 1868 69 … Saint Bernard, homme d’action. Paris, Desclee, de
169 2325 274 52 Brouwer
472 2329 55 48 et
554 2324 83 52 cie
672 2326 171 65 [1934]

239 2398 98 48 130,
369 2398 54 50 [2]
454 2409 42 37 p.
525 2398 109 40 incl.
663 2399 148 39 front,
852 2397 172 49 (port.)
1094 2399 60 47 pl.
1214 2397 59 40 20½
1303 2400 15 20 cm
1352 2429 8 7 .

245 2454 118 40 “Les
393 2453 222 41 sources”
636 2465 8 29 :
675 2465 42 37 p.
751 2453 247 50 [125]-130.

176 2508 1998 51 © May 22, 1934; 1c. Aug. 14 : A-Foreign 25426; Desclee, de Brouwer &
241 2569 82 40 cie.
396 2569 280 48 (34-35480)

175 2642 406 67 Ebbinghaus,
615 2645 240 64 Jorgen,
891 2647 173 50 1896-

240 2721 295 68 Gedichte,
589 2740 109 35 von
752 2723 217 67 Jorgen
1023 2722 388 68 Ebbinghaus.
1488 2723 226 53 Vollme
1767 2722 34 53 i.
1856 2724 109 65 W.,
174 2723 1971 145 Urd-verlag

422 2805 172 63 [ c 1934]
241 2871 68 49 79,
344 2874 54 49 [1]
429 2884 42 37 p.
533 2873 54 40 19
590 2876 44 20 cm
641 2907 7 6 .

174 2928 1620 52 © July 20, 1934 ; 1c. Oct. 2 ; A-Foreign 25827; Urd-verlag.
256 2987 279 49 (34-35503)

177 3050 220 65 Edwin,
428 3053 170 53 Ross.

235 3128 157 53 Born
419 3128 323 65 unwanted,
768 3128 76 66 by
869 3129 143 51 Ross
1041 3127 223 53 Edwin.
1341 3129 138 52 New
1507 3127 180 67 York,
1713 3128 120 51 The
1862 3128 304 66 Macaulay

164 3210 503 64 company [ c 1934]
243 3279 84 40 256
360 3290 40 37 p.
462 3278 54 40 19½
549 3283 15 20 cm
599 3312 8 8 .

177 3331 50 53 ©
256 3337 109 39 Jan.
392 3335 70 49 25,
490 3335 140 47 1934;
661 3335 65 40 2c.
758 3336 96 39 and
882 3334 82 41 aff.
994 3335 109 40 Jan.
1133 3334 81 48 30;
1244 3336 43 38 A
1315 3334 169 49 70052;
1516 3336 259 46 Macaulay
1804 3346 66 29 co.

249 3393 279 48 (34-37837)

176 3452 440 64 Encyclopaedia
679 3453 64 51 of
804 3454 193 52 sexual
1057 3453 352 69 knowledge,
1469 3455 74 65 by
1604 3457 129 52 Drs.
1796 3455 70 52 A.
1931 3455 239 66 Costler,

239 3530 72 56 A.
344 3533 186 67 Willy
563 3532 113 53 and
709 3531 218 66 others;
964 3532 184 52 under
1179 3532 99 52 the
1311 3535 229 65 general
1575 3531 317 68 editorship
1929 3532 62 53 of
239 3535 1906 128 Norman

400 3609 1127 68 Haire … London, F. Aldor [1934]
242 3681 1049 50 2 p. l. , vii-xxii p., 2 l., 3-647 p. 25½ cm .
174 3738 1982 98 “Originally published in the French language in 1933 … I have written
278 3796 1671 50 special articles … [and] have made a number of corrections,
173 3797 1979 97 amendments
353 3857 95 38 and
477 3853 375 42 notes.”—Pref.
882 3855 48 38 to
962 3853 84 40 the
1073 3852 200 48 English
1302 3853 197 47 edition,
1531 3854 196 48 signed:
1757 3854 213 42 Norman
2003 3853 168 42 Haire.

243 3910 161 43 “First
429 3911 255 48 published
713 3910 127 41 1934.
900 3910 183 41 Second
1109 3910 287 49 impression
1427 3911 126 40 June
1583 3910 128 44 1934.”
