2350 4196
1184 4009 64 48 92

208 456 268 68 carrying
503 461 95 47 out
628 456 63 52 of
717 457 288 68 liturgical
1037 457 288 52 functions
1353 456 306 69 generally,
1690 455 302 69 according
2019 462 56 47 to
2104 458 94 51 the

209 533 1990 68 Roman ceremonial, by Rev. William A. O’Brien … New
210 613 177 64 York,
426 611 326 54 Cincinnati
798 618 135 60 [etc.]
977 613 276 67 Benziger
1288 613 276 64 brothers,
1603 614 149 50 1933.

281 702 61 39 ix.
372 701 81 39 101
483 712 42 35 p.
555 701 106 38 incl.
692 700 147 39 front,
870 699 161 47 (plan)
1070 700 139 46 illus.,
1240 700 150 47 diagr.
1451 700 115 39 19cm.

213 769 50 50 ©
290 774 115 38 Nov.
433 771 67 40 27.
528 770 112 41 1933;
696 772 65 39 2c.
790 773 109 37 Dec.
927 771 54 38 22:
1038 771 80 39 aff.
1146 772 107 38 Jan.
1282 771 66 39 12.
1378 771 113 39 1934;
1548 772 40 36 A
1646 770 111 39 67952;
1814 770 233 46 Benziger
2078 770 121 38 bros.

293 829 247 42 (31-1932)

214 930 333 65 O’Donnell,
578 931 195 64 Elliot,
804 930 170 55 1872-

284 1009 229 67 Family
539 1009 194 67 ghosts
763 1009 111 52 and
902 1009 228 68 ghostly
1158 1009 365 67 phenomena,
1553 1009 70 67 by
1651 1009 209 50 Elliott
1910 1008 32 65 [!]

213 1008 1966 145 O’Donnell … New York, E. P. Dutton & co., inc. [c1934]
283 1159 85 41 280
397 1171 43 36 p.
501 1160 126 40 illus.
658 1159 198 48 (music)
925 1160 143 40 22½cm.

286 1217 160 40 “First
474 1216 224 42 edition.”

216 1287 1934 50 © Jan. 23, 1934; 2c. and aff. Jan. 24: A 69192; E. P. Dutton & co., inc.
297 1347 248 48 (34-1905)

216 1450 430 63 Oppenheimer
677 1451 203 64 casing
911 1468 100 47 co.,
1043 1451 264 66 Chicago.

284 1526 249 68 Sausage
558 1526 229 53 manual
815 1528 111 52 and
950 1531 119 49 text
1092 1527 143 51 book
1262 1527 92 54 for
1381 1526 217 54 federal
1625 1527 288 67 inspected
1940 1526 264 53 factories

225 1606 205 66 (under
457 1605 226 53 Bureau
710 1605 63 51 of
799 1603 210 53 animal
1033 1605 262 68 industry
1321 1605 369 68 inspection),

219 1605 1983 145 a guide to quality … Chicago, New York [etc.] Oppenheimer casing co.
222 1764 191 64 [c1934]

286 1832 54 39 96
372 1842 42 37 p.
477 1832 145 40 23½cm.

286 1890 224 39 Includes
545 1889 300 48 advertising
878 1891 191 39 matter.

218 1962 1989 51 © Jan. 11, 1934; 2c. and aff. Jan. 22: A 69145: Oppenheimer casing co.
307 2020 50 50 [©
384 2024 222 47 changes]
673 2021 249 49 (34-2012)

220 2124 231 63 Oregon
510 2125 184 66 digest
752 2124 321 52 annotated.
1185 2128 97 48 1933
1340 2126 342 51 cumulative
1740 2129 209 49 annual
2006 2128 201 67 pocket

290 2202 1917 72 parts for vols. 1 -10 … San Francisco, Bancroft-Whitney
291 2299 278 49 company:
650 2281 80 54 St.
776 2280 166 54 Paul,
983 2282 161 52 West
1186 2299 77 48 pu
1282 2281 237 67 dishing
1563 2299 77 34 co.
1692 2285 191 63 [c1933]

285 2356 55 39 10
403 2388 8 7 v.
467 2355 115 39 25cm.

284 2412 293 40 Cover-title.

289 2470 154 38 These
472 2469 273 46 pamphlets
777 2478 82 28 are
891 2470 47 37 to
969 2468 56 39 be
1055 2467 136 39 fitted
1223 2468 101 39 into
1358 2470 81 37 the
1470 2470 196 45 pockets
1699 2473 50 36 at
1782 2471 80 38 the
1895 2471 120 38 back
2048 2471 49 38 of
2129 2471 81 38 the

218 2527 214 38 volumes
460 2526 50 39 of
537 2526 82 38 the
645 2528 72 36 set
744 2528 48 37 to
821 2525 158 39 which
1005 2525 113 46 they
1146 2525 179 47 belong.

223 2593 1986 54 © Dec. 28, 1933; 2c. each and aff. Jan. 19, 1934; A 69082; West pub. co.
293 2654 92 40 and
410 2653 484 46 Bancroft-Whitney
919 2663 66 29 co.

222 2754 226 65 Ormes,
479 2754 202 64 Manly
711 2756 255 62 Dayton,
1001 2758 321 50 1858-1929.

292 2830 121 52 The
447 2830 146 52 book
631 2829 64 53 of
733 2829 281 54 Colorado
1056 2829 243 70 Springs
1345 2831 108 69 [by]
1497 2832 202 70 Manly
1737 2835 233 68 Dayton
2011 2834 200 55 Ormes

246 2907 1961 72 [ and] Eleanor R. Ormes … Colorado Springs, The Dentan
222 2987 262 67 printing
512 3002 98 50 co.,
673 2987 115 50 1933.

327 3090 8 15 x,
362 3057 85 40 366
474 3068 42 37 p.
578 3058 125 39 illus.
735 3058 129 47 (incl.
895 3058 171 47 ports.)
1130 3057 114 40 26cm.

296 3114 285 40 Illustrated
609 3114 345 47 lining-papers;
1011 3124 41 37 p.
1080 3114 88 38 viii
1195 3114 214 47 wrongly
1436 3116 261 40 numbered
1726 3127 42 37 p.
1799 3117 80 43 vii.

294 3170 235 40 “Limited
565 3170 561 40 edition.”—Foreword.

228 3239 1967 108 © Jan. 23. 1934; 2c. and aff. Jan. 26; A 69201: Eleanor R. Ormes, Colorado Springs. Col. (34-1999)
227 3402 234 62 Patton,
488 3402 204 52 James
716 3402 217 55 Welch.

294 3476 304 53 Unionism
644 3478 111 51 and
801 3477 441 53 reconstruction
1290 3479 57 50 in
1393 3480 326 67 Tennessee,
1802 3484 291 51 1860-1869.
2138 3481 76 69 by

226 3552 1988 76 James Welch Patton … Chapel Hill, The University of
227 3630 183 52 North
441 3630 267 54 Carolina
737 3648 172 49 press,
937 3635 147 48 1934.

298 3702 80 40 xii.
406 3702 84 40 267
516 3712 41 37 p.
612 3703 146 39 front,
789 3703 168 47 (port.)
995 3704 168 46 plates,
1190 3703 186 40 facsim.
1433 3703 144 43 23½cm.

299 3759 281 40 Illustrated
619 3759 357 47 lining-papers.

299 3814 343 48 Bibliography:
701 3824 42 38 p.
776 3813 215 44 242-258.

231 3884 1983 56 © Jan. 22, 1934; 2c. Jan. 25: aff. Jan. 26; A 69214: University of North
300 3943 224 40 Carolina
551 3955 146 36 press.
764 3943 248 48 (34-2002)
