2350 4196
1093 4001 131 48 1295

187 354 205 64 Grant,
426 352 192 67 Elihu,
654 354 171 54 1873-

317 431 1855 69 … Rumeileh, being Ain Shems excavations (Palestine)
186 510 140 51 Part
434 553 8 7 III.
525 512 125 65 [By]
689 509 177 53 Elihu
897 510 201 54 Grant.
1175 510 353 66 Haverford,
1562 513 148 51 1934.

256 584 62 45 ix,
363 582 58 40 99
461 593 56 37 p.,
564 584 20 37 1
653 614 6 6 l.
732 585 85 39 col.
861 584 162 46 front.,
1069 584 140 46 illus.,
1255 584 156 46 plates
1441 584 135 48 (part
1620 584 111 45 col.)
1785 583 177 47 diagrs.
2037 584 54 39 31½
2125 586 43 20 cm
2175 615 7 7 .

196 640 230 48 (Biblical
466 642 93 37 and
600 640 205 40 kindred
845 641 186 39 studies.
1113 651 73 29 no.
1227 640 38 40 5.
1335 640 280 39 Haverford
1657 641 191 45 college,
1889 640 293 48 Haverford,

185 697 383 48 Pennsylvania)

188 750 53 51 ©
266 753 101 41 Oct.
395 754 67 46 10,
491 753 139 47 1934;
659 754 25 38 2
689 765 36 29 c.
754 754 101 41 Oct.
882 754 81 47 24;
994 754 79 40 aff.
1104 754 97 40 Oct.
1232 755 54 39 17;
1343 754 41 38 A
1412 753 170 47 76740;
1614 755 50 37 E.
1696 753 167 47 Grant,
1893 754 117 38 New
2044 753 138 41 York.

178 846 242 62 Grudin,
450 846 198 53 Louis.

250 918 56 53 A
342 920 232 52 tearless
617 920 170 68 glass,
829 921 140 51 with
1010 939 30 33 a
1083 919 228 68 preface
1354 937 73 35 on
1467 919 97 52 the
1608 925 92 46 art
1740 919 64 51 of
1845 924 221 64 poetry,
2107 918 75 68 by

180 998 1619 68 Louis Grudin. New York, Covici, Friede [ c 1934]
251 1069 959 51 4 p. l., xxiv p., 1 l., 11-70 p. 22½ cm .
254 1127 184 41 Poems.

186 1183 50 51 ©
268 1187 126 47 Sept.
424 1186 68 47 28,
522 1185 139 43 1934;
692 1187 66 40 2c.
787 1189 94 37 and
910 1186 80 40 aff.
1020 1187 100 40 Oct.
1150 1187 24 38 3;
1234 1187 38 37 A
1303 1185 141 40 76287;
1503 1187 50 39 L.
1583 1186 200 41 Grudin,
1812 1187 117 43 New
1957 1187 144 39 York.

261 1242 281 50 (34-32914)

179 1332 214 67 Gruen,
430 1335 334 53 Ferdinand
800 1336 284 63 Bernard,
1124 1337 167 50 1882-

314 1412 1866 69 … English grammar in American high schools since 1900.
185 1490 1994 67 by Ferdinand Bernard Gruen … Washington, D. C., The
184 1567 259 54 Catholic
477 1569 317 67 university
825 1569 64 52 of
917 1568 281 67 America,
1232 1574 148 48 1934.

255 1640 63 49 xi,
346 1641 86 40 292
458 1652 42 37 p.
563 1642 178 47 diagrs.
802 1642 54 40 23
861 1645 14 20 cm
911 1676 7 7 .

257 1700 62 38 At
351 1700 123 38 head
510 1699 51 39 of
594 1700 136 38 title:
767 1700 101 38 The
901 1698 220 41 Catholic
1158 1698 269 47 university
1463 1698 50 39 of
1546 1697 236 40 America.

255 1756 170 39 Thesis
469 1755 107 47 (PH.
644 1756 326 47 D.)—Catholic
1005 1755 269 47 university
1307 1756 51 39 of
1390 1755 236 46 America,
1660 1755 126 39 1934.

256 1811 347 48 Bibliography:
663 1824 42 36 p.
735 1812 217 41 207-288.

186 1865 1979 110 © June 2, 1934; 2c. and aff. June 27; A 74012; Catholic univ. of America. (34-19317)
176 2013 202 67 Guest,
411 2016 200 64 Edgar
641 2015 230 65 Albert,
904 2020 170 51 1881-

309 2093 1872 70 … Collected verse of Edgar A. Guest. Chicago, The Reilly
175 2174 518 67 & Lee co. [ c 1934]
249 2246 28 39 8
300 2255 42 38 p.
408 2277 7 9 l.,
445 2245 86 41 937
556 2255 45 38 p.
661 2245 55 39 22
720 2247 45 22 cm
769 2278 9 8 .

185 2301 50 50 ©
265 2305 99 40 Oct.
394 2306 40 45 4,
465 2303 113 41 1934;
637 2305 66 40 2c.
735 2306 94 38 and
860 2304 80 40 aff.
973 2304 101 40 Oct.
1103 2304 51 47 8;
1186 2305 41 37 A
1257 2304 169 40 76361;
1506 2304 114 47 Reilly
1651 2303 36 39 &
1714 2304 93 39 Lee
1836 2314 66 29 co.

261 2361 278 48 (34-32915)

180 2453 251 63 Hacker,
462 2452 183 53 Louis
675 2454 252 62 Morton,
965 2454 170 50 1899-

251 2528 1868 69 A short history of the new deal, by Louis M. Hacker …
182 2609 137 52 New
349 2608 178 66 York,
557 2611 63 49 F.
654 2609 53 54 S.
741 2608 197 55 Crofts
968 2612 45 49 &
1041 2627 96 48 co.,
1168 2612 148 50 1934.

252 2683 82 38 151
367 2693 41 36 p.
469 2682 179 47 diagrs.
708 2681 54 41 23½
796 2684 44 20 cm
845 2712 7 7 .

251 2738 314 48 Bibliography:
656 2749 43 37 p.
728 2738 215 39 145-146.

185 2792 50 51 ©
267 2796 125 48 Sept.
421 2797 68 38 27.
519 2795 139 47 1934;
689 2794 66 42 2c.
785 2797 94 37 and
908 2795 80 40 aff.
1021 2796 124 46 Sept.
1175 2795 59 39 29;
1288 2796 40 37 A
1355 2795 138 40 75561;
1559 2796 51 39 F.
1643 2794 43 41 S.
1716 2794 165 41 Crofts
1912 2794 36 39 &
1977 2803 81 37 co.,
2087 2793 91 41 inc.

263 2852 279 48 (34-27295)

182 2929 210 63 Hader,
426 2932 137 51 Mrs.
599 2929 182 52 Berta
813 2929 327 63 (Hoerner)

248 3006 223 66 Midget
521 3005 112 52 and
685 3005 260 67 Bridget,
994 3004 74 68 by
1118 3006 173 53 Berta
1342 3005 112 52 and
1506 3004 196 52 Elmer
1752 3003 214 53 Hader.
2043 3003 136 53 New

181 3084 175 66 York,
386 3084 118 51 The
536 3082 335 52 Macmillan
900 3099 295 50 company,
1229 3085 148 51 1934.

252 3154 1451 51 90. [1] p. incl. col. front., illus. (part col.) 21 × 23½ cm .
254 3214 283 40 Illustrated
576 3213 359 48 lining-papers.

188 3267 1991 51 © Oct. 9, 1934; 2c. and aff. Oct. 10; A 76466; Berta Hader and Elmer
253 3329 179 45 Hader,
466 3329 180 46 Nyack.
680 3328 55 40 N.
766 3328 52 37 Y.
891 3326 279 48 (34-32941)

183 3403 142 64 Hall,
359 3405 201 53 James
593 3405 284 58 Noman,
915 3402 162 54 1887-

252 3481 118 52 The
397 3482 111 51 tale
537 3480 63 52 of
627 3498 29 34 a
684 3478 336 68 shipwreck,
1044 3479 75 68 by
1146 3479 192 54 James
1367 3480 256 52 Norman
1650 3478 172 66 Hall;
1854 3478 138 52 with
188 3477 1966 134 illustrations
465 3559 73 66 by
576 3557 91 52 W.
706 3556 218 53 Alister
963 3557 362 53 Macdonald.
1404 3558 215 52 Boston
1665 3557 112 52 and
1818 3556 139 53 New
2002 3555 179 68 York,

187 3633 308 70 Houghton
530 3634 199 52 Mifflin
766 3651 296 50 company,
1096 3637 147 50 1934.

250 3708 26 38 4
338 3741 7 7 p.
411 3740 7 8 l.,
450 3707 96 41 163.
582 3708 33 49 [1]
670 3718 25 35 p.
772 3707 163 46 front.,
966 3707 170 47 plates.
1197 3706 54 40 21½
1286 3709 44 22 cm
1334 3739 8 8 .

256 3763 297 49 “Originally
588 3764 251 46 published
874 3763 47 40 in
959 3764 81 39 the
1072 3763 215 41 Atlantic
1321 3764 218 47 monthly
1574 3764 154 40 under
1762 3764 81 39 the
1879 3761 108 42 title
2023 3762 157 41 ‘From

189 3822 96 37 med
317 3825 47 36 to
389 3820 400 40 mura’.”—Verso
818 3819 51 40 of
895 3819 58 41 2d
980 3819 169 47 prelim.
1192 3820 112 40 leaf.

189 3874 48 51 ©
274 3880 124 47 Sept.
432 3879 68 47 28,
533 3878 138 47 1934;
708 3878 65 40 2c.
808 3879 94 38 and
936 3878 80 40 aff.
1050 3879 102 40 Oct.
1184 3880 50 45 5;
1271 3880 41 38 A
1344 3879 146 40 76340;
1551 3880 40 38 J.
1631 3880 51 38 N.
1717 3880 129 42 Hall,
1881 3877 180 49 Tahiti,
256 3880 1903 99 Society
408 3938 206 38 Islands.
686 3934 279 49 (34-27296)
