2350 4196
1144 4002 122 48 1752

214 376 318 51 Industrial
560 376 85 50 air
671 374 392 66 conditioning
1089 373 261 67 practice.
1417 376 84 47 1st
1525 371 84 52 ed.
1674 370 268 66 Chicago,
1967 370 230 66 Keeney

279 450 334 68 publishing
648 468 295 49 company,
982 452 148 49 1934.

288 523 96 47 viii,
416 522 85 40 324
533 533 40 36 p.
635 523 141 44 illus.,
809 523 177 45 diagrs.
1046 521 52 39 21½
1136 523 42 20 cm
1183 552 7 8 .

283 578 126 40 “The
436 578 224 39 material
688 578 255 40 contained
968 578 166 39 herein
1160 577 94 39 and
1277 576 235 46 prepared
1537 574 60 46 by
1624 585 28 28 a
1680 574 200 40 number
1906 573 52 40 of
213 573 1968 101 authorities
335 634 257 46 originally
625 636 239 44 appeared
896 635 49 37 in
977 634 83 39 the
1089 643 144 37 pages
1266 632 52 39 of
1349 631 226 45 Heating,
1608 630 167 47 piping
1807 632 93 38 and
1936 632 75 38 air
210 631 1970 105 conditioning.”—Pref.

284 745 344 41 “References”
656 749 51 36 at
733 747 89 38 end
848 747 51 38 of
925 746 80 39 the
1032 745 106 40 first
1162 745 210 46 chapter.

216 800 1817 51 © Nov. 1, 1934; 2c·. Nov. 5; aff. Dec. 7; A 78461; Keeney pub. co.
296 861 217 46 (30-214)

219 962 275 60 Infantry
548 961 133 53 drill
735 964 365 64 regulations,
1154 962 212 54 United
1422 963 187 54 States
1662 980 177 47 army,
1892 962 136 52 with
2082 960 121 54 rifle

284 1039 474 66 marksmanship,
798 1039 259 56 military
1101 1037 297 67 discipline
1443 1038 112 51 and
1600 1037 319 67 courtesies,
1965 1037 237 52 interior

283 1117 182 65 guard
512 1116 169 67 duty;
731 1116 321 52 illustrated
1100 1116 111 51 and
1256 1114 324 67 simplified.
1662 1114 378 70 Harrisburg,
2082 1116 120 68 Pa.,

285 1192 120 53 The
431 1193 263 68 Military
722 1194 211 51 service
960 1193 335 68 publishing
1323 1210 77 35 co.
1438 1194 170 64 [1934]

285 1306 936 47 2 p. l., 113 p. illus., diagrs. 18½cm.
291 1363 128 38 “The
448 1362 109 39 drill
588 1365 74 37 set
688 1363 133 39 forth
851 1363 41 39 is
921 1364 108 38 that
1056 1362 271 47 prescribed
1357 1362 58 46 by
1447 1363 79 39 the
1553 1361 117 39 War
1699 1364 304 44 department
2032 1363 79 38 for
2138 1362 62 39 all

218 1418 1966 104 components of the army, as given in Basic field manual, volume II (infantry drill regulations), simplified and condensed.”—Pref.
293 1530 159 40 “First
482 1531 225 39 edition.”

220 1584 1983 54 © Nov. 10. 1934; 2c. and aff. Nov. 19; A 78183; Military service pub.
288 1657 64 26 co.
425 1644 218 46 (35-211)

219 1735 223 63 Inman,
471 1734 216 56 Hilma,

288 1810 119 52 The
444 1816 263 61 towman,
747 1812 72 65 by
857 1811 199 54 Hilma
1093 1813 221 52 Inman.
1388 1815 232 61 Boston,
1656 1819 189 57 Mass.,
1881 1814 156 51 Ruth
2079 1813 123 52 Hill

242 1891 173 62 [ c 1934 ]
288 1958 84 40 254
404 1970 42 37 p.
506 1958 56 42 20½
594 1962 43 20 cm
643 1992 7 7 .

290 2013 71 41 On
389 2026 166 29 cover:
585 2017 38 36 A
652 2017 138 39 novel
818 2016 50 40 of
895 2018 139 38 canal
1062 2018 112 38 boat
1201 2018 132 46 days.

224 2068 50 51 ©
354 2083 68 28 Nov.
457 2072 37 41 8.
530 2072 111 39 1934;
704 2074 65 37 2c.
806 2073 108 38 Dec.
948 2075 55 36 24;
1067 2073 79 39 all.
1181 2075 108 37 Dec.
1325 2074 52 38 21;
1444 2075 38 37 A
1518 2074 140 40 78650;
1724 2076 130 37 Ruth
1891 2076 113 38 Hill.

301 2129 218 46 (35-183)

225 2218 186 63 Kries,
442 2217 269 55 Wilhelm
738 2235 129 48 von,
900 2225 167 48 1886-

353 2296 1849 68 … London, von Wilhelm von Kries. Berlin, A. Metzner.
227 2377 145 49 1934.

297 2445 1717 50 2 p. l., 7-79, [1] p. 22 cm . (Deutschland von draussen gesehen)
226 2499 50 51 ©
310 2504 110 45 May
450 2503 67 40 31.
551 2503 111 38 1934;
723 2506 62 35 1c.
821 2503 98 39 Oct.
953 2503 50 41 2;
1040 2504 302 46 A-Foreign
1375 2504 170 46 25825;
1581 2507 170 38 Alfred
1786 2507 213 39 Metzner
2031 2507 177 41 verlag.

304 2558 218 49 (35-159)

225 2647 180 63 Laun,
436 2649 216 52 Rudolf
681 2665 129 48 von,
842 2654 169 49 1882-

354 2714 1855 84 … Der wandel del ideen staat und volk als äusserung des
226 2804 456 66 weltgewissens;
728 2806 118 51 cine
893 2805 494 53 völkerrechtliche
1429 2809 114 51 und
1585 2808 484 53 staatsrechtliche
226 2827 1959 121 untersuchung
605 2883 101 50 auf
742 2882 486 68 philosophischer
1260 2886 335 67 grundlage,
1630 2905 108 33 von
1775 2887 220 52 Rudolf
2083 2905 124 33 Laun.

231 2960 298 51 Barcelona
588 2961 145 65 [Imp.
766 2961 378 66 Elzeviriana]
1181 2964 147 54 1933.

296 3044 111 30 xxx,
436 3033 82 38 463
549 3045 38 35 p.
645 3033 25 38 30
703 3036 14 19 cm
752 3065 7 7 .

295 3091 63 37 At
385 3091 120 37 head
536 3090 50 37 of
616 3089 131 39 title:
779 3091 227 37 Institució
1066 3092 188 39 Patxot.

302 3146 1277 46 Recipient of the Institució Patxot award. 1931.
297 3202 679 40 "Druckfehlervorzeichnis":
1040 3216 38 35 p.
1112 3205 95 39 463.

299 3259 403 47 Bibliographical
739 3260 272 39 foot-notes.

230 3310 50 51 ©
317 3315 98 39 Oct.
452 3315 65 42 10,
554 3315 137 41 1933;
731 3318 63 37 1c.
832 3317 105 38 Jan.
976 3316 37 41 9.
1050 3317 110 40 1934;
1227 3320 305 48 A-Foreign
1571 3323 140 40 23337;
1779 3324 162 38 Bruno
1978 3323 232 41 Cassirer,

297 3372 177 39 Berlin.
547 3373 60 46 (A
627 3373 225 40 33-1783)

230 3462 225 64 Lesser,
483 3462 95 54 Sol
604 3463 71 55 K.

296 3536 446 53 Fundamentals
800 3538 62 51 of
919 3541 304 65 procedure
1281 3544 110 50 and
1451 3545 248 67 analysis
1758 3545 58 51 in
1875 3544 334 67 optometric

226 3614 1985 74 examination. 3d rev. ed. By S. K. Lesser … [Fort Worth,
227 3690 152 66 Tex.,
412 3697 17 21 c
435 3694 150 63 1934]

301 3761 61 48 ix,
397 3764 79 37 111
509 3772 39 37 p.
612 3763 111 39 illus.,
783 3764 177 47 diagrs.
1020 3764 55 40 23
1080 3768 14 20 cm
1128 3798 7 7 .

300 3818 344 40 “References”
670 3822 51 36 at
744 3821 88 38 end
860 3821 51 38 of
936 3824 91 36 two
1053 3822 51 38 of
1127 3823 78 39 the
1231 3825 237 45 chapters.

231 3871 50 51 ©
357 3886 68 28 Nov.
455 3875 67 43 26,
561 3875 104 40 1934;
723 3881 63 35 2c.
818 3879 93 37 and
940 3879 79 38 aff.
1051 3880 108 38 Dec.
1189 3882 52 39 4;
1275 3883 39 36 A
1341 3883 138 38 77621;
1547 3885 41 39 S.
1620 3886 55 37 K.
1709 3887 182 41 Lesser.
1925 3886 70 38 Ft.
2028 3885 181 40 Worth.

308 3934 217 39 (35-283)
