<alto xmlns="http://www.loc.gov/standards/alto/ns-v3#" xmlns:xsi="http://www.w3.org/2001/XMLSchema-instance" xsi:schemaLocation="http://www.loc.gov/standards/alto/ns-v3# http://www.loc.gov/alto/v3/alto-3-0.xsd"><Description>
<MeasurementUnit>pixel</MeasurementUnit>
<sourceImageInformation>
<fileName>1934_v1_Part1.pdf</fileName>
</sourceImageInformation>
<OCRProcessing ID="IdOcr">
<ocrProcessingStep>
<processingDateTime>2019-01-10</processingDateTime>
<processingSoftware>
<softwareCreator>ABBYY</softwareCreator>
<softwareName>ABBYY Recognition Server</softwareName>
<softwareVersion>4.0</softwareVersion>
</processingSoftware>
</ocrProcessingStep>
</OCRProcessing>
</Description>
<Styles>
<ParagraphStyle ALIGN="Left" FIRSTLINE="0." ID="StyleId-FFFFFFFF-FFFF-FFFF-FFFF-FFFFFFFFFFFF-" LEFT="0." RIGHT="0." />
<ParagraphStyle ALIGN="Right" FIRSTLINE="0." ID="StyleId-521E1FC6-FE7E-43A4-90E6-A9B61626A263-" LEFT="0." LINESPACE="13.30000019" RIGHT="0." />
<ParagraphStyle ALIGN="Left" FIRSTLINE="-27." ID="StyleId-639B624E-F6F5-47B6-BB1D-34E64B53022F-" LEFT="0." LINESPACE="13.43999958" RIGHT="0." />
<ParagraphStyle ALIGN="Left" FIRSTLINE="0." ID="StyleId-100905F9-D385-406B-A5BD-ED5B8FD85431-" LEFT="0." RIGHT="0." />
<ParagraphStyle ALIGN="Left" FIRSTLINE="-27." ID="StyleId-7C9F9BA2-EF3A-4B7F-8486-CCC7B7F49B39-" LEFT="0." LINESPACE="18.71999931" RIGHT="0." />
<ParagraphStyle ALIGN="Block" FIRSTLINE="-27." ID="StyleId-350780E3-60F2-4605-88F5-BB54F9B87091-" LEFT="0." LINESPACE="18.71999931" RIGHT="0." />
<ParagraphStyle ALIGN="Left" FIRSTLINE="0." ID="StyleId-90B16C58-D795-4C77-9B89-30378C515D40-" LEFT="0." LINESPACE="14.39999962" RIGHT="0." />
<ParagraphStyle ALIGN="Right" FIRSTLINE="-27." ID="StyleId-17090E09-AFAF-4086-BD9B-4E99FAE6B057-" LEFT="0." LINESPACE="14.39999962" RIGHT="0." />
<ParagraphStyle ALIGN="Left" FIRSTLINE="-27." ID="StyleId-8B87B633-89DB-4D72-B1FC-26E4ABD680BC-" LEFT="0." LINESPACE="18.47999954" RIGHT="0." />
<ParagraphStyle ALIGN="Left" FIRSTLINE="0." ID="StyleId-42DA7417-CA90-4D71-A57B-06556C38D752-" LEFT="0." LINESPACE="13.30000019" RIGHT="0." />
<ParagraphStyle ALIGN="Block" FIRSTLINE="0." ID="StyleId-D8EE2A7E-42AE-4E35-98DB-F0F935637AA0-" LEFT="0." LINESPACE="6.599999905" RIGHT="0." />
<ParagraphStyle ALIGN="Left" FIRSTLINE="0." ID="StyleId-33CD3121-D4F5-43B6-BA96-6382D166E6B8-" LEFT="0." LINESPACE="15.5" RIGHT="0." />
<ParagraphStyle ALIGN="Block" FIRSTLINE="-21." ID="StyleId-1CE52AFA-C319-4DD9-B4B1-F0EBFA2B3F0B-" LEFT="0." LINESPACE="18.71999931" RIGHT="0." />
<ParagraphStyle ALIGN="Left" FIRSTLINE="0." ID="StyleId-B74F1B65-92F1-49C5-A5FA-D20442F031F2-" LEFT="0." LINESPACE="17.70006076" RIGHT="0." />
<ParagraphStyle ALIGN="Center" FIRSTLINE="0." ID="StyleId-79E2924A-215C-40B7-B577-7236BFBAA25E-" LEFT="0." LINESPACE="7.199999809" RIGHT="0." />
</Styles>
<Layout>
<Page HEIGHT="4296" ID="Page1473" PHYSICAL_IMG_NR="1473" WIDTH="2350">
<TopMargin HEIGHT="297" HPOS="0" VPOS="0" WIDTH="2350">
</TopMargin>
<LeftMargin HEIGHT="3652" HPOS="0" VPOS="297" WIDTH="108">
</LeftMargin>
<RightMargin HEIGHT="3652" HPOS="2196" VPOS="297" WIDTH="154">
</RightMargin>
<BottomMargin HEIGHT="347" HPOS="0" VPOS="3949" WIDTH="2350">
<TextBlock HEIGHT="65" HPOS="1030" ID="Page1473_Block1" LANG="en-US" STYLEREFS="StyleId-02E88CD1-8D0B-4977-A804-DFBED77E7266-" VPOS="3973" WIDTH="182">
<TextLine HEIGHT="54" HPOS="1064" VPOS="3981" WIDTH="131">
<String CONTENT="1473" HEIGHT="54" HPOS="1064" VPOS="3981" WIDTH="131" />
</TextLine>
</TextBlock>
</BottomMargin>
<PrintSpace HEIGHT="3652" HPOS="108" VPOS="297" WIDTH="2088">
<TextBlock CS="1" HEIGHT="3652" HPOS="108" ID="Page1473_Block2" LANG="en-US" STYLEREFS="StyleId-D4F7D07C-085D-4393-82D2-561405E98613-" VPOS="297" WIDTH="2088">
<TextLine HEIGHT="67" HPOS="165" STYLEREFS="StyleId-345B41BA-A8A3-4681-81BC-B821C2545B61-" VPOS="352" WIDTH="1120">
<String CONTENT="Barr," HEIGHT="65" HPOS="165" VPOS="353" WIDTH="165" />
<SP HEIGHT="63" HPOS="331" VPOS="355" WIDTH="28" />
<String CONTENT="Mrs." HEIGHT="56" HPOS="360" VPOS="355" WIDTH="139" />
<SP HEIGHT="56" HPOS="500" VPOS="355" WIDTH="28" />
<String CONTENT="Louise" HEIGHT="54" HPOS="529" VPOS="354" WIDTH="214" />
<SP HEIGHT="64" HPOS="744" VPOS="355" WIDTH="29" />
<String CONTENT="(Farrow)" HEIGHT="65" HPOS="774" VPOS="354" WIDTH="301" />
<SP HEIGHT="64" HPOS="1076" VPOS="354" WIDTH="38" />
<String CONTENT="1887-" HEIGHT="54" HPOS="1115" VPOS="352" WIDTH="170" />
</TextLine>
<TextLine HEIGHT="64" HPOS="227" STYLEREFS="StyleId-345B41BA-A8A3-4681-81BC-B821C2545B61-" VPOS="431" WIDTH="1930">
<String CONTENT="Presses" HEIGHT="52" HPOS="227" VPOS="433" WIDTH="226" />
<SP HEIGHT="35" HPOS="454" VPOS="450" WIDTH="38" />
<String CONTENT="of" HEIGHT="51" HPOS="493" VPOS="432" WIDTH="64" />
<SP HEIGHT="52" HPOS="558" VPOS="432" WIDTH="35" />
<String CONTENT="northern" HEIGHT="53" HPOS="594" VPOS="433" WIDTH="274" />
<SP HEIGHT="54" HPOS="869" VPOS="431" WIDTH="41" />
<String CONTENT="California" HEIGHT="54" HPOS="911" VPOS="431" WIDTH="323" />
<SP HEIGHT="34" HPOS="1235" VPOS="449" WIDTH="40" />
<String CONTENT="and" HEIGHT="52" HPOS="1276" VPOS="432" WIDTH="112" />
<SP HEIGHT="52" HPOS="1389" VPOS="432" WIDTH="37" />
<String CONTENT="their" HEIGHT="52" HPOS="1427" VPOS="431" WIDTH="149" />
<SP HEIGHT="51" HPOS="1577" VPOS="432" WIDTH="36" />
<String CONTENT="books," HEIGHT="64" HPOS="1614" VPOS="431" WIDTH="191" />
<SP HEIGHT="59" HPOS="1806" VPOS="436" WIDTH="43" />
<String CONTENT="1900-1933" HEIGHT="49" HPOS="1850" VPOS="435" WIDTH="307" />
</TextLine>
<TextLine CS="1" HEIGHT="148" HPOS="158" STYLEREFS="StyleId-345B41BA-A8A3-4681-81BC-B821C2545B61-" VPOS="508" WIDTH="1975">
<String CONTENT="[by]" HEIGHT="68" HPOS="164" VPOS="510" WIDTH="106" />
<SP HEIGHT="66" HPOS="271" VPOS="512" WIDTH="30" />
<String CONTENT="Louise" HEIGHT="54" HPOS="302" VPOS="509" WIDTH="206" />
<SP HEIGHT="51" HPOS="509" VPOS="512" WIDTH="24" />
<String CONTENT="Farrow" HEIGHT="52" HPOS="534" VPOS="512" WIDTH="236" />
<SP HEIGHT="51" HPOS="771" VPOS="513" WIDTH="24" />
<String CONTENT="Barr." HEIGHT="51" HPOS="796" VPOS="513" WIDTH="165" />
<SP HEIGHT="50" HPOS="962" VPOS="512" WIDTH="74" />
<String CONTENT="Berkeley," HEIGHT="66" HPOS="1037" VPOS="510" WIDTH="294" />
<SP HEIGHT="64" HPOS="1332" VPOS="512" WIDTH="27" />
<String CONTENT="The" HEIGHT="51" HPOS="1360" VPOS="510" WIDTH="121" />
<SP HEIGHT="50" HPOS="1482" VPOS="511" WIDTH="28" />
<String CONTENT="Book" HEIGHT="51" HPOS="1511" VPOS="510" WIDTH="162" />
<SP HEIGHT="51" HPOS="1674" VPOS="510" WIDTH="25" />
<String CONTENT="arts" HEIGHT="48" HPOS="1700" VPOS="515" WIDTH="117" />
<SP HEIGHT="35" HPOS="1818" VPOS="528" WIDTH="25" />
<String CONTENT="club," HEIGHT="66" HPOS="1844" VPOS="509" WIDTH="144" />
<SP HEIGHT="65" HPOS="1989" VPOS="510" WIDTH="24" />
<String CONTENT="University" HEIGHT="147" HPOS="158" VPOS="508" WIDTH="1975" />
<SP HEIGHT="48" HPOS="370" VPOS="607" WIDTH="28" />
<String CONTENT="of" HEIGHT="54" HPOS="399" VPOS="588" WIDTH="64" />
<SP HEIGHT="55" HPOS="464" VPOS="588" WIDTH="29" />
<String CONTENT="California," HEIGHT="68" HPOS="494" VPOS="588" WIDTH="342" />
<SP HEIGHT="62" HPOS="837" VPOS="594" WIDTH="30" />
<String CONTENT="1934." HEIGHT="50" HPOS="868" VPOS="593" WIDTH="148" />
</TextLine>
<TextLine CS="1" HEIGHT="50" HPOS="229" VPOS="666" WIDTH="1073">
<String CONTENT="4" HEIGHT="38" HPOS="229" LANG="en-US" VPOS="668" WIDTH="27" />
<SP HEIGHT="45" HPOS="257" VPOS="668" WIDTH="23" />
<String CONTENT="p." HEIGHT="37" HPOS="281" LANG="fr" VPOS="676" WIDTH="43" />
<SP />
<String CONTENT="l.," CS="1" LANG="fr" />
<SP />
<String CONTENT="vii-xxii" HEIGHT="41" HPOS="420" LANG="en-US" VPOS="666" WIDTH="205" />
<SP HEIGHT="48" HPOS="626" VPOS="668" WIDTH="23" />
<String CONTENT="p.," HEIGHT="37" HPOS="650" LANG="fr" VPOS="679" WIDTH="57" />
<SP HEIGHT="47" HPOS="708" VPOS="669" WIDTH="23" />
<String CONTENT="1" HEIGHT="38" HPOS="732" LANG="en-US" VPOS="669" WIDTH="25" />
<SP />
<String CONTENT="l.," CS="1" LANG="en-US" />
<SP />
<String CONTENT="276" HEIGHT="41" HPOS="852" LANG="en-US" VPOS="667" WIDTH="88" />
<SP HEIGHT="49" HPOS="941" VPOS="667" WIDTH="22" />
<String CONTENT="p.," HEIGHT="37" HPOS="964" LANG="fr" VPOS="679" WIDTH="57" />
<SP HEIGHT="48" HPOS="1022" VPOS="667" WIDTH="23" />
<String CONTENT="1" HEIGHT="39" HPOS="1046" LANG="en-US" VPOS="667" WIDTH="25" />
<SP HEIGHT="39" HPOS="1072" VPOS="667" WIDTH="24" />
<String CONTENT="l." CS="1" HEIGHT="7" HPOS="1119" LANG="en-US" VPOS="699" WIDTH="7" />
<SP HEIGHT="40" HPOS="1127" VPOS="666" WIDTH="59" />
<String CONTENT="26cm." CS="1" HEIGHT="42" HPOS="1187" LANG="en-US" VPOS="666" WIDTH="115" />
</TextLine>
<TextLine HEIGHT="50" HPOS="230" VPOS="723" WIDTH="1929">
<String CONTENT="&#8220;400" HEIGHT="41" HPOS="230" VPOS="724" WIDTH="113" />
<SP HEIGHT="41" HPOS="344" VPOS="724" WIDTH="24" />
<String CONTENT="copies" HEIGHT="48" HPOS="369" VPOS="725" WIDTH="157" />
<SP HEIGHT="39" HPOS="527" VPOS="726" WIDTH="26" />
<String CONTENT="have" HEIGHT="39" HPOS="554" VPOS="726" WIDTH="124" />
<SP HEIGHT="39" HPOS="679" VPOS="726" WIDTH="27" />
<String CONTENT="been" HEIGHT="39" HPOS="707" VPOS="726" WIDTH="117" />
<SP HEIGHT="37" HPOS="825" VPOS="736" WIDTH="25" />
<String CONTENT="printed" HEIGHT="49" HPOS="851" VPOS="724" WIDTH="193" />
<SP HEIGHT="40" HPOS="1045" VPOS="724" WIDTH="29" />
<String CONTENT="by" HEIGHT="46" HPOS="1075" VPOS="725" WIDTH="59" />
<SP HEIGHT="46" HPOS="1135" VPOS="725" WIDTH="28" />
<String CONTENT="the" HEIGHT="38" HPOS="1164" VPOS="725" WIDTH="80" />
<SP HEIGHT="39" HPOS="1245" VPOS="724" WIDTH="26" />
<String CONTENT="Printing" HEIGHT="48" HPOS="1272" VPOS="723" WIDTH="227" />
<SP HEIGHT="46" HPOS="1500" VPOS="725" WIDTH="26" />
<String CONTENT="department," HEIGHT="46" HPOS="1527" VPOS="725" WIDTH="320" />
<SP HEIGHT="47" HPOS="1848" VPOS="724" WIDTH="30" />
<String CONTENT="University" HEIGHT="47" HPOS="1879" VPOS="724" WIDTH="280" />
</TextLine>
<TextLine HEIGHT="51" HPOS="158" VPOS="779" WIDTH="1454">
<String CONTENT="of" HEIGHT="40" HPOS="158" VPOS="781" WIDTH="51" />
<SP HEIGHT="40" HPOS="210" VPOS="781" WIDTH="26" />
<String CONTENT="California" HEIGHT="41" HPOS="237" VPOS="780" WIDTH="271" />
<SP HEIGHT="37" HPOS="509" VPOS="792" WIDTH="25" />
<String CONTENT="press," HEIGHT="38" HPOS="535" VPOS="792" WIDTH="149" />
<SP HEIGHT="47" HPOS="685" VPOS="783" WIDTH="27" />
<String CONTENT="Berkeley." HEIGHT="46" HPOS="713" VPOS="782" WIDTH="248" />
<SP HEIGHT="41" HPOS="962" VPOS="781" WIDTH="60" />
<String CONTENT="This" HEIGHT="40" HPOS="1023" VPOS="781" WIDTH="117" />
<SP HEIGHT="30" HPOS="1141" VPOS="791" WIDTH="26" />
<String CONTENT="copy" HEIGHT="37" HPOS="1168" VPOS="791" WIDTH="116" />
<SP HEIGHT="48" HPOS="1285" VPOS="779" WIDTH="26" />
<String CONTENT="is" HEIGHT="42" HPOS="1312" VPOS="779" WIDTH="43" />
<SP HEIGHT="30" HPOS="1356" VPOS="791" WIDTH="24" />
<String CONTENT="no." HEIGHT="29" HPOS="1381" VPOS="791" WIDTH="74" />
<SP HEIGHT="39" HPOS="1456" VPOS="781" WIDTH="26" />
<String CONTENT="386.&#8221;" HEIGHT="41" HPOS="1483" VPOS="780" WIDTH="129" />
</TextLine>
<TextLine HEIGHT="48" HPOS="227" VPOS="837" WIDTH="1931">
<String CONTENT="The" HEIGHT="39" HPOS="227" VPOS="839" WIDTH="101" />
<SP HEIGHT="39" HPOS="329" VPOS="839" WIDTH="27" />
<String CONTENT="items" HEIGHT="40" HPOS="357" VPOS="839" WIDTH="142" />
<SP HEIGHT="38" HPOS="500" VPOS="840" WIDTH="26" />
<String CONTENT="listed" HEIGHT="40" HPOS="527" VPOS="839" WIDTH="145" />
<SP HEIGHT="39" HPOS="673" VPOS="840" WIDTH="28" />
<String CONTENT="are" HEIGHT="28" HPOS="702" VPOS="850" WIDTH="83" />
<SP HEIGHT="37" HPOS="786" VPOS="841" WIDTH="25" />
<String CONTENT="limited" HEIGHT="40" HPOS="812" VPOS="839" WIDTH="188" />
<SP HEIGHT="39" HPOS="1001" VPOS="840" WIDTH="28" />
<String CONTENT="to" HEIGHT="37" HPOS="1030" VPOS="841" WIDTH="47" />
<SP HEIGHT="38" HPOS="1078" VPOS="840" WIDTH="29" />
<String CONTENT="the" HEIGHT="39" HPOS="1108" VPOS="839" WIDTH="80" />
<SP HEIGHT="37" HPOS="1189" VPOS="848" WIDTH="27" />
<String CONTENT="private" HEIGHT="48" HPOS="1217" VPOS="837" WIDTH="190" />
<SP HEIGHT="37" HPOS="1408" VPOS="848" WIDTH="27" />
<String CONTENT="presses" HEIGHT="38" HPOS="1436" VPOS="847" WIDTH="191" />
<SP HEIGHT="30" HPOS="1628" VPOS="847" WIDTH="29" />
<String CONTENT="and" HEIGHT="39" HPOS="1658" VPOS="838" WIDTH="94" />
<SP HEIGHT="47" HPOS="1753" VPOS="838" WIDTH="30" />
<String CONTENT="presses" HEIGHT="37" HPOS="1784" VPOS="848" WIDTH="188" />
<SP HEIGHT="28" HPOS="1973" VPOS="849" WIDTH="31" />
<String CONTENT="which" HEIGHT="40" HPOS="2005" VPOS="838" WIDTH="153" />
</TextLine>
<TextLine HEIGHT="49" HPOS="157" VPOS="894" WIDTH="2002">
<String CONTENT="produce" HEIGHT="47" HPOS="157" VPOS="896" WIDTH="207" />
<SP HEIGHT="39" HPOS="365" VPOS="895" WIDTH="26" />
<String CONTENT="fine" HEIGHT="40" HPOS="392" VPOS="895" WIDTH="94" />
<SP HEIGHT="38" HPOS="487" VPOS="897" WIDTH="30" />
<String CONTENT="books" HEIGHT="39" HPOS="518" VPOS="897" WIDTH="147" />
<SP HEIGHT="30" HPOS="666" VPOS="906" WIDTH="27" />
<String CONTENT="which" HEIGHT="40" HPOS="694" VPOS="896" WIDTH="157" />
<SP HEIGHT="39" HPOS="852" VPOS="897" WIDTH="29" />
<String CONTENT="are" HEIGHT="29" HPOS="882" VPOS="907" WIDTH="83" />
<SP HEIGHT="37" HPOS="966" VPOS="898" WIDTH="25" />
<String CONTENT="located" HEIGHT="40" HPOS="992" VPOS="895" WIDTH="189" />
<SP HEIGHT="40" HPOS="1182" VPOS="895" WIDTH="25" />
<String CONTENT="in" HEIGHT="39" HPOS="1208" VPOS="896" WIDTH="50" />
<SP HEIGHT="41" HPOS="1259" VPOS="894" WIDTH="29" />
<String CONTENT="San" HEIGHT="41" HPOS="1289" VPOS="894" WIDTH="96" />
<SP HEIGHT="38" HPOS="1386" VPOS="895" WIDTH="29" />
<String CONTENT="Francisco" HEIGHT="39" HPOS="1416" VPOS="895" WIDTH="260" />
<SP HEIGHT="29" HPOS="1677" VPOS="905" WIDTH="27" />
<String CONTENT="and" HEIGHT="38" HPOS="1705" VPOS="896" WIDTH="96" />
<SP HEIGHT="38" HPOS="1802" VPOS="896" WIDTH="31" />
<String CONTENT="vicinity" HEIGHT="47" HPOS="1834" VPOS="895" WIDTH="201" />
<SP HEIGHT="37" HPOS="2036" VPOS="905" WIDTH="30" />
<String CONTENT="and" HEIGHT="37" HPOS="2067" VPOS="898" WIDTH="92" />
</TextLine>
<TextLine HEIGHT="48" HPOS="158" VPOS="951" WIDTH="1774">
<String CONTENT="which" HEIGHT="40" HPOS="158" VPOS="952" WIDTH="157" />
<SP HEIGHT="39" HPOS="316" VPOS="952" WIDTH="30" />
<String CONTENT="have" HEIGHT="40" HPOS="347" VPOS="952" WIDTH="123" />
<SP HEIGHT="39" HPOS="471" VPOS="953" WIDTH="29" />
<String CONTENT="been" HEIGHT="39" HPOS="501" VPOS="953" WIDTH="118" />
<SP HEIGHT="29" HPOS="620" VPOS="963" WIDTH="32" />
<String CONTENT="active" HEIGHT="38" HPOS="653" VPOS="954" WIDTH="159" />
<SP HEIGHT="38" HPOS="813" VPOS="954" WIDTH="29" />
<String CONTENT="during" HEIGHT="45" HPOS="843" VPOS="953" WIDTH="177" />
<SP HEIGHT="43" HPOS="1021" VPOS="955" WIDTH="32" />
<String CONTENT="the" HEIGHT="39" HPOS="1054" VPOS="953" WIDTH="80" />
<SP HEIGHT="36" HPOS="1135" VPOS="963" WIDTH="31" />
<String CONTENT="past" HEIGHT="45" HPOS="1167" VPOS="954" WIDTH="109" />
<SP HEIGHT="40" HPOS="1277" VPOS="951" WIDTH="32" />
<String CONTENT="five" HEIGHT="41" HPOS="1310" VPOS="951" WIDTH="92" />
<SP HEIGHT="35" HPOS="1403" VPOS="963" WIDTH="30" />
<String CONTENT="years," HEIGHT="36" HPOS="1434" VPOS="962" WIDTH="156" />
<SP HEIGHT="30" HPOS="1591" VPOS="962" WIDTH="59" />
<String CONTENT="cf." HEIGHT="46" HPOS="1651" VPOS="952" WIDTH="61" />
<SP HEIGHT="38" HPOS="1713" VPOS="953" WIDTH="35" />
<String CONTENT="Introd." HEIGHT="39" HPOS="1749" VPOS="953" WIDTH="183" />
</TextLine>
<TextLine CS="1" HEIGHT="51" HPOS="502" VPOS="1006" WIDTH="1658">
<String CONTENT="CONTENTS.&#8212;Presses" CS="1" HEIGHT="39" HPOS="502" VPOS="1010" WIDTH="259" />
<SP HEIGHT="29" HPOS="762" VPOS="1020" WIDTH="25" />
<String CONTENT="and" HEIGHT="38" HPOS="788" VPOS="1011" WIDTH="94" />
<SP HEIGHT="39" HPOS="883" VPOS="1010" WIDTH="24" />
<String CONTENT="bibliographies.&#8212;Institutions" HEIGHT="50" HPOS="908" VPOS="1006" WIDTH="771" />
<SP HEIGHT="29" HPOS="1680" VPOS="1019" WIDTH="24" />
<String CONTENT="co&#246;perating" CS="1" HEIGHT="48" HPOS="1705" VPOS="1009" WIDTH="311" />
<SP HEIGHT="37" HPOS="2017" VPOS="1020" WIDTH="23" />
<String CONTENT="with" HEIGHT="39" HPOS="2041" VPOS="1009" WIDTH="119" />
</TextLine>
<TextLine CS="1" HEIGHT="50" HPOS="156" VPOS="1064" WIDTH="1152">
<String CONTENT="presses.&#8212;Source" HEIGHT="47" HPOS="156" VPOS="1064" WIDTH="445" />
<SP HEIGHT="41" HPOS="602" VPOS="1065" WIDTH="30" />
<String CONTENT="bibliography" HEIGHT="49" HPOS="633" VPOS="1065" WIDTH="336" />
<SP HEIGHT="48" HPOS="970" VPOS="1066" WIDTH="38" />
<String CONTENT="(p." HEIGHT="47" HPOS="1009" VPOS="1066" WIDTH="67" />
<SP HEIGHT="41" HPOS="1077" VPOS="1065" WIDTH="28" />
<String CONTENT="236-242)" CS="1" HEIGHT="40" HPOS="1106" VPOS="1065" WIDTH="202" />
</TextLine>
<TextLine HEIGHT="52" HPOS="160" VPOS="1133" WIDTH="1994">
<String CONTENT="&#169;" HEIGHT="52" HPOS="160" VPOS="1133" WIDTH="51" />
<SP HEIGHT="52" HPOS="212" VPOS="1133" WIDTH="35" />
<String CONTENT="Oct." HEIGHT="39" HPOS="248" VPOS="1138" WIDTH="100" />
<SP HEIGHT="38" HPOS="349" VPOS="1138" WIDTH="37" />
<String CONTENT="5," HEIGHT="43" HPOS="387" VPOS="1138" WIDTH="38" />
<SP HEIGHT="42" HPOS="426" VPOS="1139" WIDTH="35" />
<String CONTENT="1934;" HEIGHT="43" HPOS="462" VPOS="1136" WIDTH="140" />
<SP HEIGHT="42" HPOS="603" VPOS="1137" WIDTH="38" />
<String CONTENT="2c." HEIGHT="42" HPOS="642" VPOS="1137" WIDTH="65" />
<SP HEIGHT="29" HPOS="708" VPOS="1150" WIDTH="36" />
<String CONTENT="and" HEIGHT="38" HPOS="745" VPOS="1139" WIDTH="94" />
<SP HEIGHT="38" HPOS="840" VPOS="1139" WIDTH="36" />
<String CONTENT="aff." HEIGHT="39" HPOS="877" VPOS="1138" WIDTH="79" />
<SP HEIGHT="40" HPOS="957" VPOS="1138" WIDTH="40" />
<String CONTENT="Oct." HEIGHT="40" HPOS="998" VPOS="1138" WIDTH="100" />
<SP HEIGHT="41" HPOS="1099" VPOS="1136" WIDTH="36" />
<String CONTENT="22;" HEIGHT="47" HPOS="1136" VPOS="1136" WIDTH="79" />
<SP HEIGHT="44" HPOS="1216" VPOS="1139" WIDTH="39" />
<String CONTENT="A" HEIGHT="36" HPOS="1256" VPOS="1139" WIDTH="42" />
<SP HEIGHT="37" HPOS="1299" VPOS="1139" WIDTH="35" />
<String CONTENT="77108:" HEIGHT="41" HPOS="1335" VPOS="1136" WIDTH="168" />
<SP HEIGHT="39" HPOS="1504" VPOS="1138" WIDTH="42" />
<String CONTENT="L." HEIGHT="39" HPOS="1547" VPOS="1138" WIDTH="49" />
<SP HEIGHT="39" HPOS="1597" VPOS="1138" WIDTH="38" />
<String CONTENT="F." HEIGHT="40" HPOS="1636" VPOS="1138" WIDTH="50" />
<SP HEIGHT="39" HPOS="1687" VPOS="1139" WIDTH="37" />
<String CONTENT="Barr," HEIGHT="46" HPOS="1725" VPOS="1139" WIDTH="139" />
<SP HEIGHT="46" HPOS="1865" VPOS="1139" WIDTH="39" />
<String CONTENT="Berkeley," HEIGHT="45" HPOS="1905" VPOS="1138" WIDTH="249" />
</TextLine>
<TextLine HEIGHT="49" HPOS="227" VPOS="1194" WIDTH="494">
<String CONTENT="Calif." HEIGHT="41" HPOS="227" VPOS="1194" WIDTH="143" />
<SP HEIGHT="48" HPOS="371" VPOS="1195" WIDTH="71" />
<String CONTENT="(34-37077)" HEIGHT="48" HPOS="443" VPOS="1195" WIDTH="278" />
</TextLine>
<TextLine HEIGHT="65" HPOS="155" STYLEREFS="StyleId-AAA60B5B-8E33-4B72-867E-8F398DB64155-" VPOS="1298" WIDTH="448">
<String CONTENT="Bell," HEIGHT="65" HPOS="155" VPOS="1298" WIDTH="141" />
<SP HEIGHT="64" HPOS="297" VPOS="1299" WIDTH="30" />
<String CONTENT="Thomas." HEIGHT="56" HPOS="328" VPOS="1298" WIDTH="275" />
</TextLine>
<TextLine CS="1" HEIGHT="69" HPOS="224" STYLEREFS="StyleId-345B41BA-A8A3-4681-81BC-B821C2545B61-" VPOS="1374" WIDTH="1931">
<String CONTENT="Striker" HEIGHT="55" HPOS="224" VPOS="1375" WIDTH="224" />
<SP HEIGHT="55" HPOS="449" VPOS="1374" WIDTH="43" />
<String CONTENT="Godown," HEIGHT="69" HPOS="493" VPOS="1374" WIDTH="277" />
<SP HEIGHT="67" HPOS="771" VPOS="1376" WIDTH="42" />
<String CONTENT="by" HEIGHT="67" HPOS="814" VPOS="1376" WIDTH="74" />
<SP HEIGHT="66" HPOS="889" VPOS="1377" WIDTH="46" />
<String CONTENT="Thomas" HEIGHT="53" HPOS="936" VPOS="1375" WIDTH="246" />
<SP HEIGHT="52" HPOS="1183" VPOS="1376" WIDTH="44" />
<String CONTENT="Bell" HEIGHT="52" HPOS="1228" VPOS="1375" WIDTH="127" />
<SP HEIGHT="50" HPOS="1356" VPOS="1377" WIDTH="49" />
<String CONTENT="&#8230;" CS="1" />
<SP HEIGHT="50" HPOS="1461" VPOS="1376" WIDTH="79" />
<String CONTENT="London," HEIGHT="69" HPOS="1541" VPOS="1374" WIDTH="258" />
<SP HEIGHT="69" HPOS="1800" VPOS="1374" WIDTH="43" />
<String CONTENT="Eyre" HEIGHT="69" HPOS="1844" VPOS="1374" WIDTH="154" />
<SP HEIGHT="33" HPOS="1999" VPOS="1395" WIDTH="44" />
<String CONTENT="and" HEIGHT="52" HPOS="2044" VPOS="1377" WIDTH="111" />
</TextLine>
<TextLine CS="1" HEIGHT="68" HPOS="154" STYLEREFS="StyleId-345B41BA-A8A3-4681-81BC-B821C2545B61-" VPOS="1453" WIDTH="621">
<String CONTENT="Spotti" HEIGHT="68" HPOS="154" LANG="fi" VPOS="1453" WIDTH="188" />
<SP HEIGHT="53" HPOS="343" VPOS="1454" WIDTH="7" />
<String CONTENT="swoode," HEIGHT="66" HPOS="351" LANG="en-US" VPOS="1454" WIDTH="240" />
<SP HEIGHT="62" HPOS="592" VPOS="1458" WIDTH="32" />
<String CONTENT="1934." CS="1" HEIGHT="50" HPOS="658" LANG="en-US" VPOS="1457" WIDTH="117" />
</TextLine>
<TextLine CS="1" HEIGHT="49" HPOS="222" VPOS="1526" WIDTH="335">
<String CONTENT="318" HEIGHT="40" HPOS="222" VPOS="1527" WIDTH="86" />
<SP HEIGHT="48" HPOS="309" VPOS="1527" WIDTH="28" />
<String CONTENT="p." HEIGHT="37" HPOS="338" VPOS="1538" WIDTH="42" />
<SP HEIGHT="41" HPOS="381" VPOS="1526" WIDTH="59" />
<String CONTENT="19cm." CS="1" HEIGHT="42" HPOS="441" VPOS="1526" WIDTH="116" />
</TextLine>
<TextLine CS="1" HEIGHT="51" HPOS="157" VPOS="1593" WIDTH="1996">
<String CONTENT="&#169;" HEIGHT="51" HPOS="157" VPOS="1593" WIDTH="53" />
<SP HEIGHT="51" HPOS="211" VPOS="1593" WIDTH="22" />
<String CONTENT="1c." CS="1" HEIGHT="28" HPOS="264" VPOS="1609" WIDTH="36" />
<SP HEIGHT="40" HPOS="301" VPOS="1597" WIDTH="30" />
<String CONTENT="Oct." HEIGHT="40" HPOS="332" VPOS="1597" WIDTH="99" />
<SP HEIGHT="39" HPOS="432" VPOS="1596" WIDTH="27" />
<String CONTENT="26," HEIGHT="47" HPOS="460" VPOS="1596" WIDTH="68" />
<SP HEIGHT="44" HPOS="529" VPOS="1599" WIDTH="28" />
<String CONTENT="1934;" HEIGHT="43" HPOS="558" VPOS="1597" WIDTH="139" />
<SP HEIGHT="41" HPOS="698" VPOS="1599" WIDTH="31" />
<String CONTENT="A" HEIGHT="38" HPOS="730" VPOS="1599" WIDTH="42" />
<SP HEIGHT="38" HPOS="773" VPOS="1599" WIDTH="25" />
<String CONTENT="ad" HEIGHT="38" HPOS="799" LANG="de" VPOS="1600" WIDTH="60" />
<SP HEIGHT="40" HPOS="860" VPOS="1598" WIDTH="27" />
<String CONTENT="int." HEIGHT="41" HPOS="888" LANG="de" VPOS="1598" WIDTH="86" />
<SP HEIGHT="41" HPOS="975" VPOS="1598" WIDTH="26" />
<String CONTENT="19508;" CS="1" HEIGHT="39" HPOS="1002" VPOS="1597" WIDTH="113" />
<SP HEIGHT="37" HPOS="1173" VPOS="1607" WIDTH="28" />
<String CONTENT="pubd." HEIGHT="47" HPOS="1202" VPOS="1597" WIDTH="140" />
<SP HEIGHT="37" HPOS="1343" VPOS="1598" WIDTH="30" />
<String CONTENT="Aug." HEIGHT="45" HPOS="1374" VPOS="1598" WIDTH="118" />
<SP HEIGHT="38" HPOS="1493" VPOS="1598" WIDTH="26" />
<String CONTENT="31;" HEIGHT="46" HPOS="1520" VPOS="1598" WIDTH="82" />
<SP HEIGHT="46" HPOS="1603" VPOS="1598" WIDTH="31" />
<String CONTENT="T." HEIGHT="37" HPOS="1635" VPOS="1598" WIDTH="49" />
<SP HEIGHT="36" HPOS="1685" VPOS="1599" WIDTH="29" />
<String CONTENT="Bell," HEIGHT="46" HPOS="1715" VPOS="1598" WIDTH="119" />
<SP HEIGHT="46" HPOS="1835" VPOS="1598" WIDTH="29" />
<String CONTENT="New" HEIGHT="38" HPOS="1865" VPOS="1598" WIDTH="116" />
<SP HEIGHT="38" HPOS="1982" VPOS="1598" WIDTH="27" />
<String CONTENT="York." HEIGHT="38" HPOS="2010" VPOS="1598" WIDTH="143" />
</TextLine>
<TextLine HEIGHT="48" HPOS="234" VPOS="1654" WIDTH="280">
<String CONTENT="(34-37248)" HEIGHT="48" HPOS="234" VPOS="1654" WIDTH="280" />
</TextLine>
<TextLine HEIGHT="66" HPOS="152" STYLEREFS="StyleId-AAA60B5B-8E33-4B72-867E-8F398DB64155-" VPOS="1757" WIDTH="820">
<String CONTENT="Berning," HEIGHT="66" HPOS="152" VPOS="1757" WIDTH="279" />
<SP HEIGHT="63" HPOS="432" VPOS="1760" WIDTH="35" />
<String CONTENT="Wilhelm," HEIGHT="65" HPOS="468" VPOS="1757" WIDTH="292" />
<SP HEIGHT="60" HPOS="761" VPOS="1762" WIDTH="38" />
<String CONTENT="1877-" HEIGHT="55" HPOS="800" VPOS="1757" WIDTH="172" />
</TextLine>
<TextLine CS="1" HEIGHT="68" HPOS="284" STYLEREFS="StyleId-345B41BA-A8A3-4681-81BC-B821C2545B61-" VPOS="1833" WIDTH="1695">
<String CONTENT="&#8230;" CS="1" LANG="en-US" />
<SP HEIGHT="53" HPOS="284" VPOS="1833" WIDTH="30" />
<String CONTENT="Katholische" HEIGHT="54" HPOS="315" LANG="de" VPOS="1833" WIDTH="377" />
<SP HEIGHT="54" HPOS="693" VPOS="1833" WIDTH="23" />
<String CONTENT="kirche" HEIGHT="54" HPOS="717" LANG="en-US" VPOS="1833" WIDTH="196" />
<SP HEIGHT="35" HPOS="914" VPOS="1852" WIDTH="26" />
<String CONTENT="und" HEIGHT="52" HPOS="941" LANG="de" VPOS="1835" WIDTH="118" />
<SP HEIGHT="52" HPOS="1060" VPOS="1835" WIDTH="30" />
<String CONTENT="deutsches" HEIGHT="53" HPOS="1091" LANG="de" VPOS="1834" WIDTH="294" />
<SP HEIGHT="44" HPOS="1386" VPOS="1852" WIDTH="27" />
<String CONTENT="yolkstum," HEIGHT="68" HPOS="1414" LANG="en-US" VPOS="1833" WIDTH="307" />
<SP HEIGHT="50" HPOS="1722" VPOS="1851" WIDTH="28" />
<String CONTENT="von" HEIGHT="35" HPOS="1751" LANG="en-US" VPOS="1851" WIDTH="111" />
<SP HEIGHT="52" HPOS="1863" VPOS="1835" WIDTH="31" />
<String CONTENT="dr." HEIGHT="52" HPOS="1895" LANG="en-US" VPOS="1835" WIDTH="84" />
</TextLine>
<TextLine CS="1" HEIGHT="148" HPOS="152" STYLEREFS="StyleId-345B41BA-A8A3-4681-81BC-B821C2545B61-" VPOS="1833" WIDTH="1979">
<String CONTENT="Wilhelm" HEIGHT="131" HPOS="152" LANG="en-US" VPOS="1833" WIDTH="1979" />
<SP HEIGHT="51" HPOS="302" VPOS="1913" WIDTH="27" />
<String CONTENT="Berning" HEIGHT="69" HPOS="330" LANG="en-US" VPOS="1912" WIDTH="259" />
<SP HEIGHT="50" HPOS="590" VPOS="1931" WIDTH="31" />
<String CONTENT="&#8230;" CS="1" LANG="en-US" />
<SP HEIGHT="52" HPOS="679" VPOS="1912" WIDTH="77" />
<String CONTENT="M&#252;nchen," HEIGHT="66" HPOS="757" LANG="de" VPOS="1912" WIDTH="307" />
<SP HEIGHT="67" HPOS="1065" VPOS="1911" WIDTH="24" />
<String CONTENT="G." HEIGHT="55" HPOS="1090" LANG="fr" VPOS="1911" WIDTH="70" />
<SP HEIGHT="53" HPOS="1161" VPOS="1912" WIDTH="23" />
<String CONTENT="D." HEIGHT="53" HPOS="1185" LANG="en-US" VPOS="1912" WIDTH="72" />
<SP HEIGHT="55" HPOS="1258" VPOS="1911" WIDTH="26" />
<String CONTENT="W." HEIGHT="55" HPOS="1285" LANG="en-US" VPOS="1911" WIDTH="91" />
<SP HEIGHT="55" HPOS="1377" VPOS="1910" WIDTH="28" />
<String CONTENT="Callwey," HEIGHT="69" HPOS="1406" LANG="en-US" VPOS="1910" WIDTH="272" />
<SP HEIGHT="64" HPOS="1679" VPOS="1915" WIDTH="28" />
<String CONTENT="1934." HEIGHT="53" HPOS="1708" LANG="en-US" VPOS="1914" WIDTH="151" />
</TextLine>
<TextLine CS="1" HEIGHT="50" HPOS="221" VPOS="1984" WIDTH="1924">
<String CONTENT="41," CS="1" HEIGHT="48" HPOS="221" LANG="en-US" VPOS="1984" WIDTH="69" />
<SP HEIGHT="29" HPOS="291" VPOS="2005" WIDTH="32" />
<String CONTENT="[1]" HEIGHT="48" HPOS="324" LANG="en-US" VPOS="1986" WIDTH="54" />
<SP HEIGHT="38" HPOS="379" VPOS="1996" WIDTH="27" />
<String CONTENT="p." HEIGHT="37" HPOS="407" LANG="en-US" VPOS="1996" WIDTH="41" />
<SP HEIGHT="41" HPOS="449" VPOS="1984" WIDTH="51" />
<String CONTENT="21cm." HEIGHT="48" HPOS="501" LANG="en-US" VPOS="1984" WIDTH="119" />
<SP HEIGHT="47" HPOS="621" VPOS="1986" WIDTH="67" />
<String CONTENT="(Das" HEIGHT="48" HPOS="689" LANG="de" VPOS="1985" WIDTH="124" />
<SP HEIGHT="29" HPOS="814" VPOS="1996" WIDTH="25" />
<String CONTENT="neue" HEIGHT="32" HPOS="840" LANG="de" VPOS="1996" WIDTH="124" />
<SP HEIGHT="32" HPOS="965" VPOS="1996" WIDTH="26" />
<String CONTENT="reich," HEIGHT="48" HPOS="992" LANG="de" VPOS="1986" WIDTH="144" />
<SP HEIGHT="48" HPOS="1137" VPOS="1986" WIDTH="26" />
<String CONTENT="hrsg." HEIGHT="46" HPOS="1164" LANG="de" VPOS="1986" WIDTH="130" />
<SP HEIGHT="31" HPOS="1295" VPOS="1995" WIDTH="26" />
<String CONTENT="von" HEIGHT="29" HPOS="1322" LANG="de" VPOS="1995" WIDTH="93" />
<SP HEIGHT="40" HPOS="1416" VPOS="1985" WIDTH="29" />
<String CONTENT="der" HEIGHT="40" HPOS="1446" LANG="de" VPOS="1985" WIDTH="86" />
<SP HEIGHT="39" HPOS="1533" VPOS="1984" WIDTH="24" />
<String CONTENT="Deutschen" HEIGHT="41" HPOS="1558" LANG="de" VPOS="1984" WIDTH="279" />
<SP HEIGHT="30" HPOS="1838" VPOS="1995" WIDTH="29" />
<String CONTENT="akademie)" HEIGHT="48" HPOS="1868" LANG="de" VPOS="1985" WIDTH="277" />
</TextLine>
<TextLine CS="1" HEIGHT="52" HPOS="154" VPOS="2053" WIDTH="1999">
<String CONTENT="&#169;" HEIGHT="51" HPOS="154" LANG="de" VPOS="2053" WIDTH="53" />
<SP HEIGHT="51" HPOS="208" VPOS="2053" WIDTH="25" />
<String CONTENT="Apr." HEIGHT="47" HPOS="234" LANG="en-US" VPOS="2058" WIDTH="113" />
<SP HEIGHT="41" HPOS="348" VPOS="2057" WIDTH="25" />
<String CONTENT="21," HEIGHT="48" HPOS="374" LANG="de" VPOS="2057" WIDTH="69" />
<SP HEIGHT="46" HPOS="444" VPOS="2059" WIDTH="28" />
<String CONTENT="1934;" HEIGHT="47" HPOS="473" LANG="de" VPOS="2057" WIDTH="139" />
<SP />
<String CONTENT="1c." CS="1" LANG="de" />
<SP />
<String CONTENT="June" HEIGHT="39" HPOS="739" LANG="en-US" VPOS="2059" WIDTH="130" />
<SP HEIGHT="40" HPOS="870" VPOS="2058" WIDTH="22" />
<String CONTENT="26;" CS="1" HEIGHT="39" HPOS="893" LANG="de" VPOS="2058" WIDTH="55" />
<SP HEIGHT="40" HPOS="975" VPOS="2059" WIDTH="30" />
<String CONTENT="A-Foreign" HEIGHT="48" HPOS="1006" LANG="en-US" VPOS="2057" WIDTH="311" />
<SP HEIGHT="40" HPOS="1318" VPOS="2057" WIDTH="26" />
<String CONTENT="25019;" HEIGHT="42" HPOS="1345" LANG="en-US" VPOS="2057" WIDTH="170" />
<SP HEIGHT="41" HPOS="1516" VPOS="2058" WIDTH="33" />
<String CONTENT="Georg" HEIGHT="47" HPOS="1550" LANG="en-US" VPOS="2058" WIDTH="158" />
<SP HEIGHT="46" HPOS="1709" VPOS="2059" WIDTH="26" />
<String CONTENT="D." HEIGHT="38" HPOS="1736" LANG="en-US" VPOS="2059" WIDTH="56" />
<SP HEIGHT="39" HPOS="1793" VPOS="2059" WIDTH="29" />
<String CONTENT="W." HEIGHT="39" HPOS="1823" LANG="en-US" VPOS="2059" WIDTH="69" />
<SP HEIGHT="40" HPOS="1893" VPOS="2058" WIDTH="33" />
<String CONTENT="Callwey." HEIGHT="46" HPOS="1927" LANG="en-US" VPOS="2057" WIDTH="226" />
</TextLine>
<TextLine HEIGHT="48" HPOS="232" VPOS="2114" WIDTH="280">
<String CONTENT="(34-37657)" HEIGHT="48" HPOS="232" VPOS="2114" WIDTH="280" />
</TextLine>
<TextLine HEIGHT="66" HPOS="150" STYLEREFS="StyleId-AAA60B5B-8E33-4B72-867E-8F398DB64155-" VPOS="2219" WIDTH="718">
<String CONTENT="Bolgiano," HEIGHT="66" HPOS="150" VPOS="2219" WIDTH="303" />
<SP HEIGHT="64" HPOS="454" VPOS="2221" WIDTH="28" />
<String CONTENT="Ella" HEIGHT="53" HPOS="483" VPOS="2220" WIDTH="130" />
<SP HEIGHT="52" HPOS="614" VPOS="2221" WIDTH="24" />
<String CONTENT="Porter." HEIGHT="55" HPOS="639" VPOS="2221" WIDTH="229" />
</TextLine>
<TextLine HEIGHT="70" HPOS="217" STYLEREFS="StyleId-345B41BA-A8A3-4681-81BC-B821C2545B61-" VPOS="2295" WIDTH="1935">
<String CONTENT="Ginger&#8217;s" HEIGHT="69" HPOS="217" VPOS="2296" WIDTH="264" />
<SP HEIGHT="54" HPOS="482" VPOS="2296" WIDTH="42" />
<String CONTENT="hundred" HEIGHT="54" HPOS="525" VPOS="2296" WIDTH="263" />
<SP HEIGHT="53" HPOS="789" VPOS="2297" WIDTH="44" />
<String CONTENT="dollar" HEIGHT="54" HPOS="834" VPOS="2296" WIDTH="186" />
<SP HEIGHT="34" HPOS="1021" VPOS="2315" WIDTH="42" />
<String CONTENT="check" HEIGHT="53" HPOS="1064" VPOS="2296" WIDTH="170" />
<SP HEIGHT="51" HPOS="1235" VPOS="2298" WIDTH="42" />
<String CONTENT="and" HEIGHT="51" HPOS="1278" VPOS="2299" WIDTH="113" />
<SP HEIGHT="51" HPOS="1392" VPOS="2299" WIDTH="42" />
<String CONTENT="other" HEIGHT="53" HPOS="1435" VPOS="2296" WIDTH="161" />
<SP HEIGHT="34" HPOS="1597" VPOS="2315" WIDTH="41" />
<String CONTENT="stories," HEIGHT="69" HPOS="1639" VPOS="2295" WIDTH="219" />
<SP HEIGHT="68" HPOS="1859" VPOS="2296" WIDTH="42" />
<String CONTENT="by" HEIGHT="68" HPOS="1902" VPOS="2296" WIDTH="73" />
<SP HEIGHT="67" HPOS="1976" VPOS="2297" WIDTH="43" />
<String CONTENT="Ella" HEIGHT="53" HPOS="2020" VPOS="2297" WIDTH="132" />
</TextLine>
<TextLine HEIGHT="69" HPOS="148" STYLEREFS="StyleId-345B41BA-A8A3-4681-81BC-B821C2545B61-" VPOS="2374" WIDTH="2004">
<String CONTENT="Porter" HEIGHT="53" HPOS="148" VPOS="2375" WIDTH="203" />
<SP HEIGHT="52" HPOS="352" VPOS="2375" WIDTH="51" />
<String CONTENT="Bolgiano." HEIGHT="68" HPOS="404" VPOS="2375" WIDTH="300" />
<SP HEIGHT="51" HPOS="705" VPOS="2376" WIDTH="75" />
<String CONTENT="Philadelphia." HEIGHT="68" HPOS="781" VPOS="2374" WIDTH="425" />
<SP HEIGHT="53" HPOS="1207" VPOS="2376" WIDTH="49" />
<String CONTENT="Dorrance" HEIGHT="51" HPOS="1257" VPOS="2376" WIDTH="292" />
<SP HEIGHT="50" HPOS="1550" VPOS="2378" WIDTH="48" />
<String CONTENT="&amp;" HEIGHT="50" HPOS="1599" VPOS="2378" WIDTH="46" />
<SP HEIGHT="50" HPOS="1646" VPOS="2378" WIDTH="49" />
<String CONTENT="company," HEIGHT="50" HPOS="1696" VPOS="2392" WIDTH="297" />
<SP HEIGHT="65" HPOS="1994" VPOS="2377" WIDTH="48" />
<String CONTENT="inc." HEIGHT="52" HPOS="2043" VPOS="2377" WIDTH="109" />
</TextLine>
<TextLine HEIGHT="64" HPOS="151" STYLEREFS="StyleId-345B41BA-A8A3-4681-81BC-B821C2545B61-" VPOS="2456" WIDTH="193">
<String CONTENT="[c1934]" HEIGHT="64" HPOS="151" VPOS="2456" WIDTH="193" />
</TextLine>
<TextLine CS="1" HEIGHT="49" HPOS="217" VPOS="2526" WIDTH="364">
<String CONTENT="137" HEIGHT="39" HPOS="217" VPOS="2528" WIDTH="85" />
<SP HEIGHT="47" HPOS="303" VPOS="2528" WIDTH="27" />
<String CONTENT="p." HEIGHT="37" HPOS="331" VPOS="2538" WIDTH="42" />
<SP HEIGHT="40" HPOS="374" VPOS="2527" WIDTH="60" />
<String CONTENT="19&#189;cm." CS="1" HEIGHT="42" HPOS="435" VPOS="2526" WIDTH="146" />
</TextLine>
<TextLine CS="1" HEIGHT="52" HPOS="153" VPOS="2593" WIDTH="1997">
<String CONTENT="&#169;" HEIGHT="51" HPOS="153" VPOS="2593" WIDTH="49" />
<SP HEIGHT="51" HPOS="203" VPOS="2593" WIDTH="32" />
<String CONTENT="Oct." HEIGHT="41" HPOS="236" VPOS="2597" WIDTH="99" />
<SP HEIGHT="37" HPOS="336" VPOS="2599" WIDTH="28" />
<String CONTENT="15," HEIGHT="41" HPOS="365" VPOS="2598" WIDTH="68" />
<SP HEIGHT="41" HPOS="434" VPOS="2598" WIDTH="30" />
<String CONTENT="1934;" HEIGHT="42" HPOS="465" VPOS="2596" WIDTH="140" />
<SP HEIGHT="41" HPOS="606" VPOS="2597" WIDTH="32" />
<String CONTENT="2c." HEIGHT="41" HPOS="639" VPOS="2597" WIDTH="66" />
<SP HEIGHT="40" HPOS="706" VPOS="2598" WIDTH="32" />
<String CONTENT="Nov." HEIGHT="39" HPOS="739" VPOS="2598" WIDTH="115" />
<SP HEIGHT="36" HPOS="855" VPOS="2599" WIDTH="33" />
<String CONTENT="1;" CS="1" />
<SP HEIGHT="30" HPOS="940" VPOS="2608" WIDTH="34" />
<String CONTENT="aff." HEIGHT="40" HPOS="975" VPOS="2597" WIDTH="79" />
<SP HEIGHT="38" HPOS="1055" VPOS="2598" WIDTH="31" />
<String CONTENT="Nov." HEIGHT="39" HPOS="1087" VPOS="2598" WIDTH="116" />
<SP HEIGHT="40" HPOS="1204" VPOS="2597" WIDTH="31" />
<String CONTENT="9:" CS="1" HEIGHT="39" HPOS="1236" VPOS="2597" WIDTH="25" />
<SP HEIGHT="39" HPOS="1289" VPOS="2599" WIDTH="31" />
<String CONTENT="A" HEIGHT="38" HPOS="1321" VPOS="2599" WIDTH="41" />
<SP HEIGHT="38" HPOS="1363" VPOS="2599" WIDTH="29" />
<String CONTENT="76988;" HEIGHT="48" HPOS="1393" VPOS="2597" WIDTH="169" />
<SP HEIGHT="46" HPOS="1563" VPOS="2599" WIDTH="33" />
<String CONTENT="Dorrance" HEIGHT="39" HPOS="1597" VPOS="2599" WIDTH="249" />
<SP HEIGHT="40" HPOS="1847" VPOS="2598" WIDTH="30" />
<String CONTENT="&amp;" HEIGHT="40" HPOS="1878" VPOS="2598" WIDTH="38" />
<SP HEIGHT="40" HPOS="1917" VPOS="2598" WIDTH="27" />
<String CONTENT="co.," HEIGHT="37" HPOS="1945" VPOS="2608" WIDTH="80" />
<SP HEIGHT="46" HPOS="2026" VPOS="2599" WIDTH="31" />
<String CONTENT="inc." CS="1" HEIGHT="41" HPOS="2058" VPOS="2599" WIDTH="92" />
</TextLine>
<TextLine HEIGHT="48" HPOS="229" VPOS="2655" WIDTH="279">
<String CONTENT="(34-37088)" HEIGHT="48" HPOS="229" VPOS="2655" WIDTH="279" />
</TextLine>
<TextLine HEIGHT="69" HPOS="150" STYLEREFS="StyleId-AAA60B5B-8E33-4B72-867E-8F398DB64155-" VPOS="2754" WIDTH="775">
<String CONTENT="Charteris." HEIGHT="58" HPOS="150" VPOS="2754" WIDTH="326" />
<SP HEIGHT="54" HPOS="477" VPOS="2758" WIDTH="31" />
<String CONTENT="Leslie," HEIGHT="66" HPOS="509" VPOS="2757" WIDTH="210" />
<SP HEIGHT="61" HPOS="720" VPOS="2762" WIDTH="33" />
<String CONTENT="1907-" HEIGHT="54" HPOS="754" VPOS="2757" WIDTH="171" />
</TextLine>
<TextLine CS="1" HEIGHT="69" HPOS="214" STYLEREFS="StyleId-345B41BA-A8A3-4681-81BC-B821C2545B61-" VPOS="2834" WIDTH="1936">
<String CONTENT="The" HEIGHT="52" HPOS="214" VPOS="2835" WIDTH="120" />
<SP HEIGHT="55" HPOS="335" VPOS="2834" WIDTH="43" />
<String CONTENT="Saint" HEIGHT="55" HPOS="379" VPOS="2834" WIDTH="167" />
<SP HEIGHT="53" HPOS="547" VPOS="2834" WIDTH="38" />
<String CONTENT="intervenes" HEIGHT="53" HPOS="586" VPOS="2834" WIDTH="318" />
<SP HEIGHT="47" HPOS="905" VPOS="2854" WIDTH="45" />
<String CONTENT="[by]" CS="1" HEIGHT="66" HPOS="969" VPOS="2835" WIDTH="91" />
<SP HEIGHT="65" HPOS="1061" VPOS="2836" WIDTH="45" />
<String CONTENT="Leslie" HEIGHT="53" HPOS="1107" VPOS="2836" WIDTH="184" />
<SP HEIGHT="55" HPOS="1292" VPOS="2835" WIDTH="42" />
<String CONTENT="Charteris." HEIGHT="55" HPOS="1335" VPOS="2835" WIDTH="310" />
<SP HEIGHT="55" HPOS="1646" VPOS="2834" WIDTH="74" />
<String CONTENT="Garden" HEIGHT="55" HPOS="1721" VPOS="2834" WIDTH="232" />
<SP HEIGHT="55" HPOS="1954" VPOS="2835" WIDTH="42" />
<String CONTENT="City," HEIGHT="69" HPOS="1997" VPOS="2834" WIDTH="153" />
</TextLine>
<TextLine HEIGHT="69" HPOS="150" STYLEREFS="StyleId-345B41BA-A8A3-4681-81BC-B821C2545B61-" VPOS="2911" WIDTH="2001">
<String CONTENT="N." HEIGHT="52" HPOS="150" LANG="el" VPOS="2913" WIDTH="64" />
<SP HEIGHT="52" HPOS="215" VPOS="2913" WIDTH="34" />
<String CONTENT="Y.," HEIGHT="66" HPOS="250" LANG="fr" VPOS="2913" WIDTH="90" />
<SP HEIGHT="66" HPOS="341" VPOS="2913" WIDTH="32" />
<String CONTENT="Pub." HEIGHT="52" HPOS="374" VPOS="2913" WIDTH="143" />
<SP HEIGHT="53" HPOS="518" VPOS="2912" WIDTH="35" />
<String CONTENT="for" HEIGHT="52" HPOS="554" VPOS="2912" WIDTH="94" />
<SP HEIGHT="47" HPOS="649" VPOS="2918" WIDTH="30" />
<String CONTENT="the" HEIGHT="52" HPOS="680" VPOS="2913" WIDTH="96" />
<SP HEIGHT="55" HPOS="777" VPOS="2912" WIDTH="33" />
<String CONTENT="Crime" HEIGHT="55" HPOS="811" VPOS="2912" WIDTH="191" />
<SP HEIGHT="34" HPOS="1003" VPOS="2931" WIDTH="32" />
<String CONTENT="club," HEIGHT="69" HPOS="1036" VPOS="2911" WIDTH="144" />
<SP HEIGHT="67" HPOS="1181" VPOS="2913" WIDTH="32" />
<String CONTENT="inc.," HEIGHT="66" HPOS="1214" VPOS="2913" WIDTH="126" />
<SP HEIGHT="66" HPOS="1341" VPOS="2913" WIDTH="31" />
<String CONTENT="by" HEIGHT="67" HPOS="1373" VPOS="2913" WIDTH="75" />
<SP HEIGHT="67" HPOS="1449" VPOS="2913" WIDTH="33" />
<String CONTENT="Doubleday," HEIGHT="67" HPOS="1483" VPOS="2912" WIDTH="357" />
<SP HEIGHT="66" HPOS="1841" VPOS="2913" WIDTH="32" />
<String CONTENT="Doran" HEIGHT="53" HPOS="1874" VPOS="2913" WIDTH="198" />
<SP HEIGHT="51" HPOS="2073" VPOS="2915" WIDTH="33" />
<String CONTENT="&amp;" HEIGHT="50" HPOS="2107" VPOS="2915" WIDTH="44" />
</TextLine>
<TextLine HEIGHT="68" HPOS="145" STYLEREFS="StyleId-345B41BA-A8A3-4681-81BC-B821C2545B61-" VPOS="2989" WIDTH="627">
<String CONTENT="company," HEIGHT="49" HPOS="145" VPOS="3008" WIDTH="296" />
<SP HEIGHT="66" HPOS="442" VPOS="2989" WIDTH="24" />
<String CONTENT="inc.," HEIGHT="68" HPOS="467" VPOS="2989" WIDTH="128" />
<SP HEIGHT="64" HPOS="596" VPOS="2993" WIDTH="27" />
<String CONTENT="1934." HEIGHT="49" HPOS="624" VPOS="2992" WIDTH="148" />
</TextLine>
<TextLine CS="1" HEIGHT="49" HPOS="216" VPOS="3063" WIDTH="650">
<String CONTENT="7" HEIGHT="39" HPOS="216" VPOS="3065" WIDTH="26" />
<SP HEIGHT="47" HPOS="243" VPOS="3065" WIDTH="24" />
<String CONTENT="p." HEIGHT="37" HPOS="268" VPOS="3075" WIDTH="44" />
<SP HEIGHT="38" HPOS="313" VPOS="3066" WIDTH="24" />
<String CONTENT="l.," HEIGHT="44" HPOS="338" VPOS="3066" WIDTH="44" />
<SP />
<String CONTENT="302" HEIGHT="40" HPOS="410" VPOS="3064" WIDTH="87" />
<SP HEIGHT="47" HPOS="498" VPOS="3064" WIDTH="23" />
<String CONTENT="p.," HEIGHT="37" HPOS="522" LANG="fr" VPOS="3074" WIDTH="58" />
<SP HEIGHT="47" HPOS="581" VPOS="3064" WIDTH="25" />
<String CONTENT="1" HEIGHT="38" HPOS="607" VPOS="3064" WIDTH="25" />
<SP HEIGHT="38" HPOS="633" VPOS="3064" WIDTH="26" />
<String CONTENT="l." CS="1" HEIGHT="8" HPOS="681" VPOS="3096" WIDTH="8" />
<SP HEIGHT="41" HPOS="690" VPOS="3063" WIDTH="60" />
<String CONTENT="20cm." CS="1" HEIGHT="40" HPOS="751" VPOS="3063" WIDTH="115" />
</TextLine>
<TextLine HEIGHT="42" HPOS="216" VPOS="3119" WIDTH="418">
<String CONTENT="&#8220;First" HEIGHT="41" HPOS="216" VPOS="3120" WIDTH="162" />
<SP HEIGHT="38" HPOS="379" VPOS="3123" WIDTH="27" />
<String CONTENT="edition.&#8221;" HEIGHT="41" HPOS="407" VPOS="3119" WIDTH="227" />
</TextLine>
<TextLine HEIGHT="47" HPOS="215" VPOS="3175" WIDTH="1932">
<String CONTENT="London" HEIGHT="41" HPOS="215" VPOS="3177" WIDTH="197" />
<SP HEIGHT="29" HPOS="413" VPOS="3188" WIDTH="35" />
<String CONTENT="edition" HEIGHT="41" HPOS="449" VPOS="3176" WIDTH="183" />
<SP HEIGHT="47" HPOS="633" VPOS="3175" WIDTH="46" />
<String CONTENT="(Hodder" HEIGHT="47" HPOS="680" VPOS="3175" WIDTH="223" />
<SP HEIGHT="29" HPOS="904" VPOS="3187" WIDTH="36" />
<String CONTENT="and" HEIGHT="39" HPOS="941" VPOS="3177" WIDTH="91" />
<SP HEIGHT="40" HPOS="1033" VPOS="3175" WIDTH="41" />
<String CONTENT="Stoughton," HEIGHT="47" HPOS="1075" VPOS="3175" WIDTH="284" />
<SP HEIGHT="45" HPOS="1360" VPOS="3176" WIDTH="35" />
<String CONTENT="limited)" HEIGHT="45" HPOS="1396" VPOS="3176" WIDTH="213" />
<SP HEIGHT="45" HPOS="1610" VPOS="3176" WIDTH="44" />
<String CONTENT="has" HEIGHT="40" HPOS="1655" VPOS="3176" WIDTH="88" />
<SP HEIGHT="39" HPOS="1744" VPOS="3177" WIDTH="34" />
<String CONTENT="title:" HEIGHT="40" HPOS="1779" VPOS="3175" WIDTH="134" />
<SP HEIGHT="38" HPOS="1914" VPOS="3177" WIDTH="41" />
<String CONTENT="Boodle." HEIGHT="40" HPOS="1956" VPOS="3177" WIDTH="191" />
</TextLine>
<TextLine CS="1" HEIGHT="53" HPOS="150" VPOS="3242" WIDTH="1996">
<String CONTENT="&#169;" HEIGHT="51" HPOS="150" VPOS="3242" WIDTH="49" />
<SP HEIGHT="51" HPOS="200" VPOS="3242" WIDTH="28" />
<String CONTENT="Oct." HEIGHT="40" HPOS="229" VPOS="3247" WIDTH="99" />
<SP HEIGHT="38" HPOS="329" VPOS="3247" WIDTH="26" />
<String CONTENT="24." HEIGHT="39" HPOS="356" VPOS="3247" WIDTH="68" />
<SP HEIGHT="38" HPOS="425" VPOS="3248" WIDTH="26" />
<String CONTENT="1934;" CS="1" HEIGHT="40" HPOS="452" VPOS="3247" WIDTH="114" />
<SP HEIGHT="48" HPOS="593" VPOS="3245" WIDTH="26" />
<String CONTENT="2c." HEIGHT="41" HPOS="620" VPOS="3245" WIDTH="67" />
<SP HEIGHT="29" HPOS="688" VPOS="3257" WIDTH="27" />
<String CONTENT="and" HEIGHT="37" HPOS="716" VPOS="3248" WIDTH="93" />
<SP HEIGHT="37" HPOS="810" VPOS="3248" WIDTH="27" />
<String CONTENT="aff." HEIGHT="42" HPOS="838" VPOS="3245" WIDTH="80" />
<SP HEIGHT="41" HPOS="919" VPOS="3246" WIDTH="26" />
<String CONTENT="Nov." HEIGHT="39" HPOS="946" VPOS="3246" WIDTH="116" />
<SP HEIGHT="37" HPOS="1063" VPOS="3247" WIDTH="28" />
<String CONTENT="10;" CS="1" HEIGHT="39" HPOS="1092" VPOS="3246" WIDTH="54" />
<SP HEIGHT="40" HPOS="1174" VPOS="3246" WIDTH="28" />
<String CONTENT="A" HEIGHT="39" HPOS="1203" VPOS="3246" WIDTH="40" />
<SP HEIGHT="40" HPOS="1244" VPOS="3246" WIDTH="27" />
<String CONTENT="78032;" CS="1" HEIGHT="40" HPOS="1272" VPOS="3246" WIDTH="143" />
<SP HEIGHT="46" HPOS="1442" VPOS="3247" WIDTH="29" />
<String CONTENT="L." HEIGHT="39" HPOS="1472" VPOS="3247" WIDTH="51" />
<SP HEIGHT="40" HPOS="1524" VPOS="3247" WIDTH="27" />
<String CONTENT="Charteris," HEIGHT="48" HPOS="1552" VPOS="3246" WIDTH="267" />
<SP HEIGHT="46" HPOS="1820" VPOS="3248" WIDTH="25" />
<String CONTENT="Weybridge," HEIGHT="49" HPOS="1846" VPOS="3246" WIDTH="300" />
</TextLine>
<TextLine HEIGHT="49" HPOS="217" VPOS="3302" WIDTH="587">
<String CONTENT="England." HEIGHT="45" HPOS="217" VPOS="3306" WIDTH="234" />
<SP HEIGHT="44" HPOS="452" VPOS="3307" WIDTH="71" />
<String CONTENT="(34-37242)" HEIGHT="49" HPOS="524" VPOS="3302" WIDTH="280" />
</TextLine>
<TextLine HEIGHT="66" HPOS="149" STYLEREFS="StyleId-AAA60B5B-8E33-4B72-867E-8F398DB64155-" VPOS="3405" WIDTH="750">
<String CONTENT="Collins," HEIGHT="66" HPOS="149" VPOS="3405" WIDTH="233" />
<SP HEIGHT="62" HPOS="383" VPOS="3409" WIDTH="28" />
<String CONTENT="Norman," HEIGHT="58" HPOS="412" VPOS="3409" WIDTH="285" />
<SP HEIGHT="53" HPOS="698" VPOS="3414" WIDTH="30" />
<String CONTENT="1907-" HEIGHT="53" HPOS="729" VPOS="3408" WIDTH="170" />
</TextLine>
<TextLine CS="1" HEIGHT="146" HPOS="146" STYLEREFS="StyleId-345B41BA-A8A3-4681-81BC-B821C2545B61-" VPOS="3484" WIDTH="1976">
<String CONTENT="Penang" HEIGHT="68" HPOS="211" VPOS="3485" WIDTH="238" />
<SP HEIGHT="49" HPOS="450" VPOS="3504" WIDTH="28" />
<String CONTENT="appointment," HEIGHT="68" HPOS="479" VPOS="3484" WIDTH="416" />
<SP HEIGHT="67" HPOS="896" VPOS="3484" WIDTH="26" />
<String CONTENT="by" HEIGHT="67" HPOS="923" VPOS="3484" WIDTH="74" />
<SP HEIGHT="65" HPOS="998" VPOS="3486" WIDTH="28" />
<String CONTENT="Norman" HEIGHT="52" HPOS="1027" VPOS="3486" WIDTH="253" />
<SP HEIGHT="53" HPOS="1281" VPOS="3486" WIDTH="30" />
<String CONTENT="Collins." HEIGHT="55" HPOS="1312" VPOS="3484" WIDTH="234" />
<SP HEIGHT="51" HPOS="1547" VPOS="3486" WIDTH="73" />
<String CONTENT="London," HEIGHT="65" HPOS="1621" VPOS="3486" WIDTH="257" />
<SP HEIGHT="64" HPOS="1879" VPOS="3487" WIDTH="30" />
<String CONTENT="V." HEIGHT="53" HPOS="1910" VPOS="3487" WIDTH="69" />
<SP HEIGHT="54" HPOS="1980" VPOS="3486" WIDTH="30" />
<String CONTENT="Gollancz," HEIGHT="144" HPOS="146" VPOS="3486" WIDTH="1976" />
<SP HEIGHT="67" HPOS="320" VPOS="3563" WIDTH="26" />
<String CONTENT="ltd.," HEIGHT="66" HPOS="347" VPOS="3563" WIDTH="122" />
<SP HEIGHT="61" HPOS="470" VPOS="3568" WIDTH="30" />
<String CONTENT="1934." HEIGHT="49" HPOS="501" VPOS="3567" WIDTH="147" />
</TextLine>
<TextLine HEIGHT="49" HPOS="213" VPOS="3634" WIDTH="336">
<String CONTENT="286" HEIGHT="41" HPOS="213" VPOS="3634" WIDTH="88" />
<SP HEIGHT="48" HPOS="302" VPOS="3635" WIDTH="27" />
<String CONTENT="p." HEIGHT="37" HPOS="330" VPOS="3646" WIDTH="44" />
<SP HEIGHT="41" HPOS="375" VPOS="3635" WIDTH="57" />
<String CONTENT="19cm." HEIGHT="41" HPOS="433" VPOS="3635" WIDTH="116" />
</TextLine>
<TextLine CS="1" HEIGHT="51" HPOS="218" VPOS="3690" WIDTH="1928">
<String CONTENT="&#8220;First" HEIGHT="41" HPOS="218" VPOS="3692" WIDTH="162" />
<SP HEIGHT="46" HPOS="381" VPOS="3695" WIDTH="45" />
<String CONTENT="published," HEIGHT="49" HPOS="427" VPOS="3692" WIDTH="269" />
<SP HEIGHT="47" HPOS="697" VPOS="3692" WIDTH="51" />
<String CONTENT="September," HEIGHT="48" HPOS="749" VPOS="3692" WIDTH="291" />
<SP HEIGHT="47" HPOS="1041" VPOS="3692" WIDTH="46" />
<String CONTENT="1934;" CS="1" HEIGHT="40" HPOS="1088" VPOS="3691" WIDTH="114" />
<SP HEIGHT="31" HPOS="1230" VPOS="3703" WIDTH="49" />
<String CONTENT="second" HEIGHT="40" HPOS="1280" VPOS="3693" WIDTH="173" />
<SP HEIGHT="39" HPOS="1454" VPOS="3693" WIDTH="46" />
<String CONTENT="impression," HEIGHT="50" HPOS="1501" VPOS="3690" WIDTH="303" />
<SP HEIGHT="47" HPOS="1805" VPOS="3692" WIDTH="49" />
<String CONTENT="September," HEIGHT="49" HPOS="1855" VPOS="3692" WIDTH="291" />
</TextLine>
<TextLine HEIGHT="44" HPOS="147" VPOS="3746" WIDTH="154">
<String CONTENT="1934.&#8221;" HEIGHT="44" HPOS="147" VPOS="3746" WIDTH="154" />
</TextLine>
<TextLine CS="1" HEIGHT="54" HPOS="152" VPOS="3816" WIDTH="1997">
<String CONTENT="&#169;" HEIGHT="52" HPOS="152" LANG="en-US" VPOS="3816" WIDTH="49" />
<SP />
<String CONTENT="1c." CS="1" LANG="en-US" />
<SP />
<String CONTENT="Oct." HEIGHT="42" HPOS="322" LANG="en-US" VPOS="3821" WIDTH="101" />
<SP HEIGHT="43" HPOS="424" VPOS="3820" WIDTH="25" />
<String CONTENT="25," HEIGHT="48" HPOS="450" LANG="en-US" VPOS="3820" WIDTH="69" />
<SP HEIGHT="45" HPOS="520" VPOS="3823" WIDTH="23" />
<String CONTENT="1934;" HEIGHT="46" HPOS="544" LANG="en-US" VPOS="3821" WIDTH="140" />
<SP HEIGHT="46" HPOS="685" VPOS="3821" WIDTH="25" />
<String CONTENT="A" HEIGHT="38" HPOS="711" LANG="en-US" VPOS="3821" WIDTH="42" />
<SP HEIGHT="39" HPOS="754" VPOS="3821" WIDTH="23" />
<String CONTENT="ad" HEIGHT="38" HPOS="778" LANG="fr" VPOS="3822" WIDTH="59" />
<SP HEIGHT="39" HPOS="838" VPOS="3821" WIDTH="26" />
<String CONTENT="int." HEIGHT="38" HPOS="865" LANG="fr" VPOS="3821" WIDTH="85" />
<SP HEIGHT="38" HPOS="951" VPOS="3821" WIDTH="28" />
<String CONTENT="19494;" CS="1" HEIGHT="40" HPOS="1009" LANG="fr" VPOS="3819" WIDTH="115" />
<SP HEIGHT="37" HPOS="1151" VPOS="3831" WIDTH="27" />
<String CONTENT="pubd." HEIGHT="48" HPOS="1179" LANG="en-US" VPOS="3820" WIDTH="142" />
<SP HEIGHT="42" HPOS="1322" VPOS="3819" WIDTH="30" />
<String CONTENT="Sept." HEIGHT="51" HPOS="1353" LANG="en-US" VPOS="3819" WIDTH="125" />
<SP HEIGHT="39" HPOS="1479" VPOS="3821" WIDTH="28" />
<String CONTENT="3;" HEIGHT="44" HPOS="1508" LANG="en-US" VPOS="3821" WIDTH="52" />
<SP HEIGHT="44" HPOS="1561" VPOS="3821" WIDTH="30" />
<String CONTENT="Doubleday," HEIGHT="48" HPOS="1592" LANG="en-US" VPOS="3821" WIDTH="297" />
<SP HEIGHT="44" HPOS="1890" VPOS="3823" WIDTH="28" />
<String CONTENT="Doran" HEIGHT="39" HPOS="1919" LANG="en-US" VPOS="3823" WIDTH="166" />
<SP HEIGHT="40" HPOS="2086" VPOS="3823" WIDTH="26" />
<String CONTENT="&amp;" HEIGHT="40" HPOS="2113" LANG="en-US" VPOS="3823" WIDTH="36" />
</TextLine>
<TextLine CS="1" HEIGHT="50" HPOS="217" VPOS="3876" WIDTH="1133">
<String CONTENT="co.," HEIGHT="33" HPOS="217" VPOS="3887" WIDTH="79" />
<SP HEIGHT="41" HPOS="297" VPOS="3879" WIDTH="34" />
<String CONTENT="inc.," HEIGHT="42" HPOS="332" VPOS="3879" WIDTH="102" />
<SP HEIGHT="43" HPOS="435" VPOS="3878" WIDTH="35" />
<String CONTENT="Garden" HEIGHT="41" HPOS="471" VPOS="3878" WIDTH="192" />
<SP HEIGHT="42" HPOS="664" VPOS="3877" WIDTH="34" />
<String CONTENT="City;" HEIGHT="50" HPOS="699" VPOS="3876" WIDTH="132" />
<SP HEIGHT="47" HPOS="832" VPOS="3878" WIDTH="23" />
<String CONTENT="N." HEIGHT="40" HPOS="856" LANG="el" VPOS="3878" WIDTH="55" />
<SP />
<String CONTENT="&#910;." HEIGHT="39" HPOS="920" LANG="el" VPOS="3878" WIDTH="80" />
<SP HEIGHT="49" HPOS="1001" VPOS="3876" WIDTH="69" />
<String CONTENT="(34-37437)" HEIGHT="49" HPOS="1071" VPOS="3876" WIDTH="279" />
</TextLine>
</TextBlock>
</PrintSpace>
</Page>
</Layout>
</alto>