2350 4196
1069 4003 131 56 1267

137 360 290 65 Coleman,
460 361 128 63 Roy
621 360 87 65 V.,
745 362 171 50 1885-

216 438 51 50 A
323 443 127 45 note
504 435 338 68 concerning
895 435 95 53 the
1045 433 371 54 formulation
1473 431 63 53 of
1589 432 94 54 the
1740 432 395 54 fundamental

141 516 190 52 orders
381 516 229 67 uniting
655 515 95 53 the
798 515 158 52 three
1003 515 152 51 river
1201 518 180 47 towns
1432 513 63 51 of
1544 513 390 66 Connecticut,
1983 515 152 64 1639,

141 595 71 66 by
240 595 68 51 R.
399 636 8 9 V.
439 592 287 55 Coleman.
791 593 311 67 Westport,
1132 590 197 67 Conn.,
1359 593 151 49 1934.

212 665 66 48 13,
312 666 53 49 [2]
398 677 40 37 p.
469 666 109 39 incl.
606 665 189 41 facsim.
857 666 115 40 21cm.

142 729 1991 51 © Sept. 1. 1934; 2c. and aff. Sept. 5; A 74794; R . V . Coleman. Westport.
209 788 145 42 Conn.
428 788 278 43 (34-32004)

135 896 294 64 Coulomb,
465 895 247 55 Charles
743 896 321 64 Augustin.

207 968 1929 72 World backgrounds [by] Charles A. Coulomb … New
143 1049 174 67 York,
347 1050 122 52 The
498 1049 334 53 Macmillan
863 1067 297 50 company,
1192 1050 151 51 1934.

213 1122 98 43 viii,
340 1122 84 40 552
452 1132 41 37 p.
525 1122 108 40 incl.
665 1122 161 41 front.,
859 1123 140 47 illus.,
1032 1131 147 38 maps.
1239 1119 143 41 20½cm.

210 1179 187 41 “Books
422 1175 49 44 to
502 1179 141 40 read”
672 1182 51 37 at
751 1179 81 41 the
857 1181 93 39 end
977 1179 53 40 of
1052 1179 117 40 each
1197 1178 120 40 unit.

141 1245 49 51 ©
217 1251 118 46 Aug.
363 1250 68 48 14,
459 1248 140 42 1934:
628 1249 64 39 2c.
724 1252 91 37 and
844 1250 80 40 aff.
953 1252 118 43 Aug.
1098 1249 80 42 15;
1208 1249 36 37 A
1274 1248 169 41 73868:
1477 1250 281 40 Macmillan
1784 1260 64 29 co.

220 1305 278 49 (34-31953)

135 1409 245 66 Curran,
414 1412 244 54 Charles
690 1412 275 65 Howard,
1000 1415 170 50 1894-

208 1488 121 54 The
373 1489 164 53 famil
546 1489 76 54 ies
664 1491 112 52 and
821 1507 207 51 genera
1073 1489 64 53 of
1178 1490 187 52 North
1409 1490 308 53 American
1759 1492 264 68 Diptera,
2063 1493 75 68 by

140 1566 1636 70 C. H. Curran … [New York] C. H. Curran, 1934.
213 1641 98 47 512,
344 1639 52 52 [2]
427 1651 42 38 p.
526 1642 148 40 front,
705 1641 172 49 (port.)
915 1643 142 46 illus.,
1087 1642 85 41 col.
1200 1652 61 38 pl.
1320 1641 147 42 24½cm.

211 1698 206 40 “Thèses
467 1697 276 49 présentées
792 1699 29 40 à
869 1701 47 38 la
967 1698 201 41 Faculté
1217 1700 82 39 des
1351 1699 211 40 sciences
1612 1700 57 41 de
1718 1699 314 41 l’Université
2081 1703 58 39 de

143 1754 1949 49 Montréal pour obtenir le grade de docteur es-sciences naturelles …
143 1814 64 37 lre
235 1812 209 40 thèse.—
447 1813 131 47 Keys
606 1815 48 37 to
686 1813 80 39 the
793 1812 215 41 families
1036 1814 95 38 and
1161 1822 174 38 genera
1367 1813 51 38 of
1447 1813 155 39 North
1633 1813 258 40 American
1920 1814 217 48 Diptera.

142 1870 25 38 2c
229 1870 147 39 thèse.
380 1869 395 48 —Propositions
818 1868 208 41 données
1071 1880 87 37 par
1200 1870 46 39 la
1290 1869 197 40 faculté.
1567 1870 267 40 Soutenues
1880 1873 42 37 le
1965 1870 54 41 27
142 1882 1980 85 novembre
358 1925 112 41 1933

498 1927 179 39 devant
702 1928 47 39 la
778 1925 319 42 Commission
1125 1926 397 48 d’examen.”—p.
1557 1947 8 28 [1]

212 1983 236 41 “Errata”
479 1982 93 49 slip
600 1983 99 40 laid
731 1985 60 39 in.

215 2040 127 40 “The
375 2040 302 47 manuscript
708 2040 76 39 for
819 2041 80 39 the
934 2041 278 47 Tipuloidca
1250 2041 87 39 has
1373 2041 114 39 been
1523 2042 233 46 prepared
1795 2043 56 45 by
1887 2042 81 38 Dr.
2005 2041 47 41 C.
2090 2041 48 39 P.

143 2097 422 48 Alexander.”—p.
598 2096 68 42 28.

215 2155 223 40 Includes
468 2153 391 49 bibliographies.

145 2218 49 51 ©
224 2223 118 44 Aug.
374 2223 68 47 25,
471 2222 140 41 1934:
645 2223 65 39 2c.
744 2222 125 48 Sept.
900 2223 81 40 19:
1014 2222 81 42 aff.
1129 2221 125 48 Sept.
1287 2223 80 42 18;
1402 2223 37 37 A
1470 2222 170 43 75387;
1676 2221 46 41 C.
1759 2223 58 39 H.
1850 2221 201 41 Curran.

226 2279 280 48 (34-32017)

206 2385 120 51 The
355 2386 240 52 descent
626 2386 62 51 of
716 2385 96 52 the
841 2391 179 61 atom;
1054 2404 31 33 a
1113 2384 273 67 layman’s
1417 2387 267 52 creation.
1749 2385 388 67 Anonymous.

145 2464 228 64 Boston,
401 2463 279 68 Lothrop,
706 2463 114 53 Lee
846 2463 112 55 and
989 2461 260 69 Shepard
1278 2481 99 49 co.,
1406 2466 151 50 1934.

213 2537 59 47 vi,
301 2538 83 38 154
414 2547 38 37 p.
513 2536 115 40 20cm.

148 2587 48 51 ©
233 2590 126 49 Sept.
392 2592 67 43 14,
494 2591 138 46 1934;
667 2592 65 39 2c.
769 2591 126 47 Sept.
1000 2602 8 29 18:
1044 2591 80 40 aff.
1161 2590 126 48 Sept.
1321 2591 81 42 20;
1436 2593 36 37 A
1510 2590 170 42 75453;
1719 2590 225 47 Lothrop.
1982 2591 91 41 Lee
2107 2590 35 39 &

218 2646 216 50 Shepard
464 2659 66 29 co.
603 2648 279 49 (34-32019)

143 2752 215 64 Dowst,
388 2756 222 52 Robert
639 2756 319 62 Saunders,
990 2758 171 51 1890-

214 2833 250 68 Playing
488 2833 96 54 the
608 2850 172 50 races,
807 2852 30 33 a
863 2833 172 66 guide
1060 2837 59 49 to
1144 2833 94 53 the
1263 2833 306 52 American
1594 2832 208 66 tracks,
1827 2833 75 66 by
1926 2833 214 51 Robert

149 2909 284 54 Saunders
470 2912 200 51 Dowst
706 2911 110 52 and
853 2911 115 67 Jay
1006 2911 192 68 Craig.
1268 2912 139 52 New
1446 2912 180 66 York,
1662 2911 189 65 Dodd,
1889 2910 169 52 Mead
2097 2913 43 50 &

147 3006 292 50 company,
473 2992 153 50 1934.

215 3063 79 46 vii,
330 3061 83 41 183
446 3073 43 37 p.
551 3061 144 40 19½cm.

149 3113 49 50 ©
228 3117 123 48 Sept.
381 3118 67 46 13,
475 3117 140 43 1934;
644 3117 67 43 2c.
741 3117 125 41 Sept.
968 3128 7 31 18;
1005 3117 80 39 aff.
1117 3117 124 47 Sept.
1268 3120 81 44 15;
1379 3119 35 37 A
1445 3117 170 41 75359:
1646 3118 152 41 Dodd.
1829 3119 141 38 Mead
1999 3119 34 39 &
2059 3130 79 30 co.,

212 3174 90 41 inc.
377 3174 279 49 (34-32007)

148 3278 182 66 Fleur,
363 3280 218 56 Annik.

274 3357 1530 67 … La bouée d’amour. Paris, J. Tallandier [1933]
215 3431 82 40 188
326 3442 40 36 p.
429 3431 113 38 19cm.
615 3431 96 44 (On
740 3441 161 29 cover:
929 3429 255 42 Criminels
1212 3434 46 36 et
1287 3432 236 46 policiers.
1589 3431 245 47 [Nouvelle
1862 3430 88 40 sér.
1980 3431 25 39 21])

152 3482 49 51 ©
231 3486 113 40 Nov.
375 3489 38 39 1.
444 3485 140 41 1933:
676 3519 6 7 1c.
712 3487 107 41 Jan.
851 3488 67 38 17.
950 3486 139 46 1934;
1122 3488 99 37 A-
1224 3487 207 45 Foreign
1460 3486 170 47 23422;
1668 3485 187 42 Société
1887 3486 256 40 d’éditions

216 3549 46 36 et
289 3547 56 38 de
371 3545 338 48 publications,
740 3545 154 39 Paris.
961 3544 277 48 (34-32390)

150 3645 206 67 Foran,
385 3650 262 52 Thomas
675 3649 244 64 George,
952 3651 171 51 1900-

280 3726 1862 67 … An inventory of the contents of seven series of Catholic
152 3804 187 52 school
379 3805 224 51 readers
664 3805 92 64 [by]
803 3807 61 49 T.
909 3805 66 54 G.
1018 3806 189 52 Foran
1250 3807 107 50 and
1402 3807 148 52 Paul
1593 3805 269 52 Bussard.
155 3805 1959 141 Washington.

395 3885 69 50 D.
497 3882 79 55 C.,
604 3883 118 52 The
754 3882 258 54 Catholic
1042 3884 299 52 education
1370 3902 154 49 press
1560 3886 191 64 [c1934]
