2350 4196
1098 4026 130 48 1085

174 373 218 66 Depue,
429 374 168 56 Clare
632 377 304 64 Edwards,
974 379 170 50 1885-

250 452 1921 70 The redistribution of wealth, by Clare E. Depue … Los
177 529 264 68 Angeles,
472 531 192 68 Calif.,
692 533 216 53 Wetzel
937 532 333 68 publishing
1297 550 97 49 co.,
1421 533 125 66 inc.,
1573 538 18 21 c
1598 535 148 49 1933.

249 602 57 39 16
335 612 41 38 p.
438 602 55 39 21½
526 606 43 20 cm
575 639 8 7 .

181 656 1992 54 © Aug. 1. 1933; 2c. July 11, 1934; aff. July 20; A 73538; C. E. Depue.
247 717 229 39 Redondo
552 720 131 46 Beach,
718 719 141 40 Calif.
936 718 276 49 (34-25197)

172 818 212 66 Desch,
420 822 153 53 Cecil
605 822 224 64 Henry,
865 824 170 52 1874-

308 898 1866 70 … The chemistry of solids, by Cecil H. Desch … Ithaca,
181 974 66 52 N.
283 974 88 64 Y.,
406 975 230 55 Cornell
669 978 318 68 university
1020 996 183 50 press;
1239 978 259 67 London,
1534 977 76 53 H.
1643 977 267 67 Milford,
1944 977 229 55 Oxford

177 1053 317 68 university
522 1072 173 51 press,
726 1058 152 51 1934.

249 1126 25 39 7
299 1135 43 38 p.
403 1157 8 16 l.,
436 1125 85 40 213
547 1138 42 37 p.
645 1128 136 40 front.
824 1129 170 49 (port.)
1024 1129 140 47 illus.,
1192 1129 171 48 plates,
1391 1130 179 47 diagrs.
1628 1127 55 40 23½
1716 1130 45 21 cm
1765 1160 8 9 .
1841 1128 123 49 (The
1992 1130 183 51 George

181 1182 169 42 Fisher
387 1183 162 41 Baker
584 1186 331 41 non-resident
953 1187 293 48 lectureship
1283 1187 50 38 in
1369 1187 262 47 chemistry
1669 1191 52 35 at
1760 1184 190 43 Cornell
175 1189 1984 99 university.
350 1261 55 30 [v.
433 1241 97 50 13])

250 1298 1925 52 “Lectures delivered … during the first semester of the session of
178 1356 496 43 1931-1932.”—Pref.

249 1414 228 42 “Several
509 1416 51 40 of
590 1417 81 40 the
704 1416 154 48 topics
890 1426 83 31 are
1007 1416 146 40 taken
1183 1416 126 40 from
1344 1417 82 40 the
1458 1416 108 41 field
1602 1417 51 39 of
176 1417 1997 97 metallography.”—Pref.

179 1528 50 52 ©
258 1533 120 47 Aug.
406 1531 38 47 2,
475 1531 139 43 1934;
645 1531 65 40 2c.
740 1533 119 46 Aug.
889 1532 51 46 9;
972 1531 80 40 aff.
1082 1532 117 46 Aug.
1230 1531 25 40 8;
1313 1532 39 37 A
1382 1532 169 40 74474;
1586 1532 192 40 Cornell
1810 1532 143 48 univ.,
1987 1534 185 41 Ithaca,

247 1590 55 40 N.
335 1590 53 38 Y.
460 1588 279 48 (34-25207)

172 1692 251 65 Dodson,
459 1694 182 62 Ruth,
680 1691 169 55 1876-

241 1768 131 53 Don
425 1769 238 53 Pedrito
715 1769 324 67 Jaramillo,
1092 1768 399 70 “curandero”,
1546 1787 105 49 por
1704 1769 160 52 Ruth
1919 1769 253 52 Dodson.

174 1844 119 56 San
321 1846 274 68 Antonio,
626 1847 155 66 Tex.,
814 1846 145 55 Casa
990 1847 264 52 editorial
1285 1846 228 53 Lozano
1550 1849 173 65 [1934]

242 1919 85 40 159
358 1930 44 38 p.
436 1920 107 41 incl.
577 1923 120 44 port.
759 1921 55 40 19
818 1923 44 21 cm
867 1953 7 8 .

178 1974 50 51 ©
258 1979 115 40 July
403 1979 67 45 16,
501 1980 139 39 1934;
672 1979 64 38 2c.
769 1979 80 38 July
913 1977 80 42 19;
1027 1978 80 39 aff.
1139 1978 115 46 Aug.
1286 1977 51 42 6;
1371 1978 35 38 A
1441 1977 170 48 74450;
1645 1979 53 38 R.
1732 1979 209 46 Dodson,
1975 1978 196 47 Mathis,

243 2036 111 39 Tex.
429 2035 279 49 (34-25339)

168 2140 192 65 Duun,
396 2140 163 65 Olav,
597 2140 171 55 1876-

170 2218 1977 146 The people of Juvik, by Olav Duun, a saga of modern Norway, translated from the Norwegian by Arthur G. Chater …
228 2419 9 9 V.
267 2375 156 55 Odin
450 2394 186 50 grows
663 2394 94 49 up.
833 2376 138 53 New
1000 2376 176 57 York,
1205 2378 69 50 A.
1303 2378 68 51 A.
1402 2376 207 67 Knopf
1822 2409 12 33 [c1934]

243 2451 63 47 xi,
338 2452 70 48 [1],
437 2449 98 48 265,
568 2452 52 48 [1]
700 2481 8 16 p.,
736 2451 25 37 1
811 2484 7 6 l.
875 2449 54 40 19½
963 2451 43 21 cm
1013 2481 7 8 .

248 2507 160 40 “First
438 2507 256 39 American
723 2506 225 40 edition.”

176 2561 50 51 ©
261 2565 126 47 Sept.
418 2564 68 47 10,
518 2563 139 46 1934;
691 2564 65 39 2c.
790 2565 94 38 and
916 2563 79 40 aff.
1032 2564 126 47 Sept.
1190 2565 80 40 14;
1305 2565 39 37 A
1376 2562 168 44 74916;
1582 2564 169 39 Alfred
1785 2563 51 41 A.
1870 2563 178 47 Knopf,
2080 2563 91 39 inc.

176 2651 308 66 Fairchild,
516 2654 152 53 Fred
698 2654 246 60 Rogers,
978 2656 169 50 1877-

175 2728 1975 148 Economics, by Fred Rogers Fairchild … New York, Cincinnati [etc.] American book company. [ c 1934]
245 2882 85 38 544
357 2893 42 37 p.
430 2882 108 39 incl.
569 2881 163 45 front.,
761 2881 141 47 illus.,
932 2881 179 48 diagrs.
1172 2881 53 41 19
1229 2883 44 21 cm
1277 2913 8 8 .

248 2940 318 40 “References
599 2939 79 39 for
709 2939 195 40 further
939 2938 172 47 study”
1147 2941 51 37 at
1229 2939 90 40 end
1353 2939 51 40 of
1436 2942 126 37 most
1596 2940 51 39 of
1678 2940 82 39 the
1792 2940 240 47 chapters.

176 2995 50 51 ©
256 2999 119 46 Aug.
405 2999 67 45 16,
502 2997 139 42 1934;
673 2997 65 39 2c.
769 2998 94 37 and
894 2995 80 40 aff.
1005 2996 118 47 Aug.
1153 2996 54 38 24;
1266 2997 39 37 A
1335 2995 169 49 73993;
1537 2997 157 38 Amer.
1726 2997 123 38 hook
1877 3005 66 30 co.
245 2996 1909 107 [Copyright
403 3056 41 38 is
473 3055 205 39 claimed
708 3064 59 28 on
797 3054 208 46 changes
1035 3054 94 37 and
1160 3063 102 29 new
1294 3053 241 49 material]
1612 3052 279 49 (34-25538)

175 3146 353 61 Fernández,
559 3145 178 53 Jesús
765 3145 209 54 María.

246 3225 234 50 Plumas
528 3222 210 52 sueitas
810 3239 123 48 [por]
989 3221 166 53 Jesús
1201 3222 79 52 M.
1333 3221 351 52 Fernández.
1757 3220 200 54 Nueva
2011 3218 163 54 York

199 3301 375 55 [Commercial
607 3298 280 69 printing]
925 3301 150 50 1933.

243 3371 857 50 4 p. l., 179 p., 4 l. port. 19½ cm .
245 3431 278 40 Half-title:
556 3430 209 40 Poesías.

177 3486 1978 107 © Jan. 10, 1934; 1c. and aff. Aug. 3; 1c. Aug. 10; A 73831; J. M. Fernandez, New York. (34-25549)
172 3637 272 64 Forman,
477 3634 236 56 Samuel
746 3635 202 62 Eagle,
983 3639 169 48 1858-

243 3712 120 53 The
397 3711 306 52 American
738 3710 359 67 democracy;
1133 3728 31 34 a
1196 3715 121 48 text
1351 3710 60 52 in
1446 3713 373 66 government
1851 3708 93 53 for
1980 3727 98 37 use
2112 3707 60 54 in

176 3790 137 68 high
342 3790 236 66 schools,
608 3788 328 66 academies,
967 3787 112 52 and
1108 3789 221 50 normal
1360 3787 235 70 schools,
1624 3787 76 68 by
1734 3785 56 57 S.
1822 3787 67 52 E.
1921 3787 250 53 Forman

178 3863 1970 149 … Rev. ed. New York, D. Appleton-Century company incorporated [ c 1934]
