<alto xmlns="http://www.loc.gov/standards/alto/ns-v3#" xmlns:xlink="http://www.w3.org/1999/xlink" xmlns:xsi="http://www.w3.org/2001/XMLSchema-instance" xsi:schemaLocation="http://www.loc.gov/standards/alto/ns-v3# http://www.loc.gov/alto/v3/alto-3-0.xsd"><Description>
<MeasurementUnit>pixel</MeasurementUnit>
<sourceImageInformation>
<fileName>1934_v1_Part1.pdf</fileName>
</sourceImageInformation>
<OCRProcessing ID="IdOcr">
<ocrProcessingStep>
<processingDateTime>2019-01-10</processingDateTime>
<processingSoftware>
<softwareCreator>ABBYY</softwareCreator>
<softwareName>ABBYY Recognition Server</softwareName>
<softwareVersion>4.0</softwareVersion>
</processingSoftware>
</ocrProcessingStep>
</OCRProcessing>
</Description>
<Styles>
<ParagraphStyle ID="StyleId-FFFFFFFF-FFFF-FFFF-FFFF-FFFFFFFFFFFF-" ALIGN="Left" LEFT="0." RIGHT="0." FIRSTLINE="0."/>
<ParagraphStyle ID="StyleId-521E1FC6-FE7E-43A4-90E6-A9B61626A263-" ALIGN="Right" LEFT="0." RIGHT="0." FIRSTLINE="0." LINESPACE="13.30000019"/>
<ParagraphStyle ID="StyleId-639B624E-F6F5-47B6-BB1D-34E64B53022F-" ALIGN="Left" LEFT="0." RIGHT="0." FIRSTLINE="-27." LINESPACE="13.43999958"/>
<ParagraphStyle ID="StyleId-100905F9-D385-406B-A5BD-ED5B8FD85431-" ALIGN="Left" LEFT="0." RIGHT="0." FIRSTLINE="0."/>
<ParagraphStyle ID="StyleId-7C9F9BA2-EF3A-4B7F-8486-CCC7B7F49B39-" ALIGN="Left" LEFT="0." RIGHT="0." FIRSTLINE="-27." LINESPACE="18.71999931"/>
<ParagraphStyle ID="StyleId-350780E3-60F2-4605-88F5-BB54F9B87091-" ALIGN="Block" LEFT="0." RIGHT="0." FIRSTLINE="-27." LINESPACE="18.71999931"/>
<ParagraphStyle ID="StyleId-90B16C58-D795-4C77-9B89-30378C515D40-" ALIGN="Left" LEFT="0." RIGHT="0." FIRSTLINE="0." LINESPACE="14.39999962"/>
<ParagraphStyle ID="StyleId-17090E09-AFAF-4086-BD9B-4E99FAE6B057-" ALIGN="Right" LEFT="0." RIGHT="0." FIRSTLINE="-27." LINESPACE="14.39999962"/>
<ParagraphStyle ID="StyleId-8B87B633-89DB-4D72-B1FC-26E4ABD680BC-" ALIGN="Left" LEFT="0." RIGHT="0." FIRSTLINE="-27." LINESPACE="18.47999954"/>
<ParagraphStyle ID="StyleId-42DA7417-CA90-4D71-A57B-06556C38D752-" ALIGN="Left" LEFT="0." RIGHT="0." FIRSTLINE="0." LINESPACE="13.30000019"/>
<ParagraphStyle ID="StyleId-D8EE2A7E-42AE-4E35-98DB-F0F935637AA0-" ALIGN="Block" LEFT="0." RIGHT="0." FIRSTLINE="0." LINESPACE="6.599999905"/>
<ParagraphStyle ID="StyleId-33CD3121-D4F5-43B6-BA96-6382D166E6B8-" ALIGN="Left" LEFT="0." RIGHT="0." FIRSTLINE="0." LINESPACE="15.5"/>
<ParagraphStyle ID="StyleId-1CE52AFA-C319-4DD9-B4B1-F0EBFA2B3F0B-" ALIGN="Block" LEFT="0." RIGHT="0." FIRSTLINE="-21." LINESPACE="18.71999931"/>
<ParagraphStyle ID="StyleId-B74F1B65-92F1-49C5-A5FA-D20442F031F2-" ALIGN="Left" LEFT="0." RIGHT="0." FIRSTLINE="0." LINESPACE="17.70006076"/>
<ParagraphStyle ID="StyleId-79E2924A-215C-40B7-B577-7236BFBAA25E-" ALIGN="Center" LEFT="0." RIGHT="0." FIRSTLINE="0." LINESPACE="7.199999809"/>
</Styles>
<Layout>
<Page ID="Page645" PHYSICAL_IMG_NR="645" HEIGHT="4196" WIDTH="2350">
<TopMargin HEIGHT="361" WIDTH="2350" VPOS="0" HPOS="0">
</TopMargin>
<LeftMargin HEIGHT="3640" WIDTH="168" VPOS="361" HPOS="0">
</LeftMargin>
<RightMargin HEIGHT="3640" WIDTH="82" VPOS="361" HPOS="2268">
</RightMargin>
<BottomMargin HEIGHT="195" WIDTH="2350" VPOS="4001" HPOS="0">
<TextBlock ID="Page645_Block1" HEIGHT="99" WIDTH="226" VPOS="4001" HPOS="1065" LANG="en-US" STYLEREFS="StyleId-1E1D890B-5C7E-4AA9-93C7-19E528A74B4B-">
<TextLine HEIGHT="45" WIDTH="98" VPOS="4001" HPOS="1125">
<String CONTENT="645" HEIGHT="45" WIDTH="98" VPOS="4001" HPOS="1125"/>
</TextLine>
</TextBlock>
</BottomMargin>
<PrintSpace HEIGHT="3640" WIDTH="2100" VPOS="361" HPOS="168">
<TextBlock ID="Page645_Block2" HEIGHT="3640" WIDTH="2100" VPOS="361" HPOS="168" LANG="en-US" CS="1" STYLEREFS="StyleId-24952B9A-0D45-43A5-BED6-862DB44BDBB1-">
<TextLine HEIGHT="66" WIDTH="1635" VPOS="461" HPOS="183" STYLEREFS="StyleId-128C865F-9388-4FD6-B345-006D3B4CF8B4-" CS="1">
<String CONTENT="the" HEIGHT="51" WIDTH="94" VPOS="461" HPOS="183"/>
<SP HEIGHT="49" WIDTH="23" VPOS="478" HPOS="278"/>
<String CONTENT="years" HEIGHT="49" WIDTH="162" VPOS="478" HPOS="302"/>
<SP HEIGHT="33" WIDTH="26" VPOS="479" HPOS="465"/>
<String CONTENT="nineteen" HEIGHT="50" WIDTH="260" VPOS="462" HPOS="492"/>
<SP HEIGHT="50" WIDTH="25" VPOS="462" HPOS="753"/>
<String CONTENT="hundred" HEIGHT="52" WIDTH="259" VPOS="461" HPOS="779"/>
<SP HEIGHT="52" WIDTH="27" VPOS="461" HPOS="1039"/>
<String CONTENT="three," HEIGHT="66" WIDTH="172" VPOS="461" HPOS="1067"/>
<SP HEIGHT="49" WIDTH="27" VPOS="478" HPOS="1240"/>
<String CONTENT="nineteen" HEIGHT="51" WIDTH="261" VPOS="461" HPOS="1268"/>
<SP HEIGHT="50" WIDTH="24" VPOS="461" HPOS="1530"/>
<String CONTENT="hundred" HEIGHT="52" WIDTH="263" VPOS="461" HPOS="1555"/>
</TextLine>
<TextLine HEIGHT="145" WIDTH="1998" VPOS="461" HPOS="182" STYLEREFS="StyleId-128C865F-9388-4FD6-B345-006D3B4CF8B4-" CS="1">
<String CONTENT="four," HEIGHT="67" WIDTH="151" VPOS="461" HPOS="1847"/>
<SP HEIGHT="47" WIDTH="25" VPOS="481" HPOS="1999"/>
<String CONTENT="nineteen" HEIGHT="128" WIDTH="1975" VPOS="462" HPOS="182"/>
<SP HEIGHT="52" WIDTH="38" VPOS="538" HPOS="308"/>
<String CONTENT="hundred" HEIGHT="52" WIDTH="257" VPOS="538" HPOS="347"/>
<SP HEIGHT="51" WIDTH="44" VPOS="540" HPOS="605"/>
<String CONTENT="seven." HEIGHT="34" WIDTH="181" VPOS="557" HPOS="650"/>
<SP HEIGHT="51" WIDTH="82" VPOS="540" HPOS="832"/>
<String CONTENT="Recorded" HEIGHT="52" WIDTH="282" VPOS="539" HPOS="915"/>
<SP HEIGHT="51" WIDTH="40" VPOS="539" HPOS="1198"/>
<String CONTENT="by" HEIGHT="67" WIDTH="73" VPOS="539" HPOS="1239"/>
<SP HEIGHT="66" WIDTH="39" VPOS="540" HPOS="1313"/>
<String CONTENT="Lida" HEIGHT="51" WIDTH="146" VPOS="539" HPOS="1353"/>
<SP HEIGHT="50" WIDTH="41" VPOS="541" HPOS="1500"/>
<String CONTENT="Fitzpatrick," HEIGHT="67" WIDTH="377" VPOS="539" HPOS="1542"/>
<SP HEIGHT="48" WIDTH="39" VPOS="558" HPOS="1920"/>
<String CS="1" CONTENT="C." HEIGHT="8" WIDTH="7" VPOS="584" HPOS="1998"/>
<SP HEIGHT="34" WIDTH="44" VPOS="559" HPOS="2006"/>
<String CS="1" CONTENT="S." HEIGHT="9" WIDTH="9" VPOS="585" HPOS="2081"/>
<SP HEIGHT="33" WIDTH="40" VPOS="561" HPOS="2091"/>
<String CS="1" CONTENT="D." HEIGHT="9" WIDTH="9" VPOS="585" HPOS="2171"/>
</TextLine>
<TextLine HEIGHT="0" WIDTH="0" VPOS="0" HPOS="0" STYLEREFS="StyleId-560F99CD-C32F-42CF-8C9C-5B2477162405-" CS="1">
<String STYLE="superscript" CS="1" CONTENT="[n."/>
<SP/>
<String STYLE="superscript" CS="1" CONTENT="p.]"/>
<SP/>
<String STYLE="superscript" CS="1" CONTENT="1933."/>
</TextLine>
<TextLine HEIGHT="52" WIDTH="489" VPOS="689" HPOS="305" STYLEREFS="StyleId-560F99CD-C32F-42CF-8C9C-5B2477162405-" CS="1">
<String CS="1" CONTENT="1"/>
<SP/>
<String CONTENT="p." HEIGHT="37" WIDTH="43" VPOS="701" HPOS="305"/>
<SP/>
<String CS="1" CONTENT="l.," HEIGHT="13" WIDTH="21" VPOS="722" HPOS="398"/>
<SP HEIGHT="43" WIDTH="27" VPOS="692" HPOS="420"/>
<String CONTENT="7-59," HEIGHT="48" WIDTH="127" VPOS="689" HPOS="448"/>
<SP HEIGHT="28" WIDTH="32" VPOS="711" HPOS="576"/>
<String CONTENT="[1]" HEIGHT="47" WIDTH="53" VPOS="692" HPOS="609"/>
<SP HEIGHT="37" WIDTH="29" VPOS="702" HPOS="663"/>
<String CONTENT="p." HEIGHT="37" WIDTH="41" VPOS="702" HPOS="693"/>
<SP HEIGHT="48" WIDTH="59" VPOS="693" HPOS="735"/>
<String CS="1" CONTENT="19&#189;cm."/>
</TextLine>
<TextLine HEIGHT="52" WIDTH="1995" VPOS="757" HPOS="186" CS="1">
<String CONTENT="&#169;" HEIGHT="51" WIDTH="51" VPOS="757" HPOS="186"/>
<SP HEIGHT="51" WIDTH="35" VPOS="757" HPOS="238"/>
<String CONTENT="Mar." HEIGHT="39" WIDTH="121" VPOS="763" HPOS="274"/>
<SP HEIGHT="40" WIDTH="32" VPOS="762" HPOS="396"/>
<String CONTENT="1," HEIGHT="44" WIDTH="40" VPOS="762" HPOS="429"/>
<SP/>
<String CS="1" CONTENT="1933;"/>
<SP/>
<String CONTENT="2c." HEIGHT="40" WIDTH="66" VPOS="761" HPOS="682"/>
<SP HEIGHT="38" WIDTH="37" VPOS="763" HPOS="749"/>
<String CONTENT="Apr." HEIGHT="46" WIDTH="111" VPOS="763" HPOS="787"/>
<SP HEIGHT="38" WIDTH="34" VPOS="763" HPOS="899"/>
<String CONTENT="16;" HEIGHT="45" WIDTH="80" VPOS="762" HPOS="934"/>
<SP HEIGHT="36" WIDTH="37" VPOS="771" HPOS="1015"/>
<String CONTENT="aff." HEIGHT="39" WIDTH="82" VPOS="761" HPOS="1053"/>
<SP HEIGHT="39" WIDTH="34" VPOS="761" HPOS="1136"/>
<String CONTENT="May" HEIGHT="47" WIDTH="112" VPOS="761" HPOS="1171"/>
<SP HEIGHT="47" WIDTH="34" VPOS="761" HPOS="1284"/>
<String CONTENT="3;" HEIGHT="45" WIDTH="52" VPOS="761" HPOS="1319"/>
<SP HEIGHT="45" WIDTH="37" VPOS="761" HPOS="1372"/>
<!-- cceid C06145F1-6C64-1014-8713-889FF4349C01 --><String CONTENT="A" HEIGHT="38" WIDTH="40" VPOS="761" HPOS="1410"/>
<SP HEIGHT="40" WIDTH="34" VPOS="761" HPOS="1451"/>
<String CONTENT="73049;" HEIGHT="47" WIDTH="169" VPOS="760" HPOS="1486"/>
<SP HEIGHT="46" WIDTH="39" VPOS="761" HPOS="1656"/>
<String CONTENT="Frederick" HEIGHT="39" WIDTH="261" VPOS="761" HPOS="1696"/>
<SP HEIGHT="38" WIDTH="35" VPOS="762" HPOS="1958"/>
<String CONTENT="Harold" HEIGHT="38" WIDTH="187" VPOS="762" HPOS="1994"/>
</TextLine>
<TextLine HEIGHT="50" WIDTH="1566" VPOS="816" HPOS="254">
<String CONTENT="Remington," HEIGHT="48" WIDTH="303" VPOS="818" HPOS="254"/>
<SP HEIGHT="43" WIDTH="28" VPOS="818" HPOS="558"/>
<String CONTENT="Great" HEIGHT="40" WIDTH="149" VPOS="818" HPOS="587"/>
<SP HEIGHT="39" WIDTH="29" VPOS="819" HPOS="737"/>
<String CONTENT="Kills," HEIGHT="47" WIDTH="139" VPOS="819" HPOS="767"/>
<SP HEIGHT="48" WIDTH="34" VPOS="818" HPOS="907"/>
<String CONTENT="Staten" HEIGHT="40" WIDTH="170" VPOS="818" HPOS="942"/>
<SP HEIGHT="38" WIDTH="29" VPOS="818" HPOS="1113"/>
<String CONTENT="Island," HEIGHT="46" WIDTH="179" VPOS="817" HPOS="1143"/>
<SP HEIGHT="45" WIDTH="31" VPOS="818" HPOS="1323"/>
<String LANG="fr" CONTENT="N." HEIGHT="39" WIDTH="53" VPOS="818" HPOS="1355"/>
<SP HEIGHT="39" WIDTH="31" VPOS="817" HPOS="1409"/>
<String CONTENT="Y." HEIGHT="39" WIDTH="54" VPOS="817" HPOS="1441"/>
<SP HEIGHT="47" WIDTH="73" VPOS="817" HPOS="1496"/>
<String CONTENT="(34-1568)" HEIGHT="48" WIDTH="250" VPOS="816" HPOS="1570"/>
</TextLine>
<TextLine HEIGHT="66" WIDTH="940" VPOS="920" HPOS="182" STYLEREFS="StyleId-805A5C29-6DE1-476B-BABD-C1A5FDAEE3AE-">
<String CONTENT="Edgerton," HEIGHT="65" WIDTH="319" VPOS="921" HPOS="182"/>
<SP HEIGHT="63" WIDTH="31" VPOS="923" HPOS="502"/>
<String CONTENT="William" HEIGHT="54" WIDTH="255" VPOS="922" HPOS="534"/>
<SP HEIGHT="51" WIDTH="32" VPOS="923" HPOS="790"/>
<String CONTENT="Franklin." HEIGHT="56" WIDTH="299" VPOS="920" HPOS="823"/>
</TextLine>
<TextLine HEIGHT="67" WIDTH="1868" VPOS="1013" HPOS="311" STYLEREFS="StyleId-128C865F-9388-4FD6-B345-006D3B4CF8B4-" CS="1">
<String CS="1" CONTENT="&#8230;"/>
<SP HEIGHT="50" WIDTH="56" VPOS="1014" HPOS="311"/>
<String CONTENT="The" HEIGHT="50" WIDTH="119" VPOS="1014" HPOS="368"/>
<SP HEIGHT="51" WIDTH="51" VPOS="1013" HPOS="488"/>
<String CONTENT="Thutmosid" HEIGHT="51" WIDTH="341" VPOS="1013" HPOS="540"/>
<SP HEIGHT="52" WIDTH="50" VPOS="1013" HPOS="882"/>
<String CONTENT="succession," HEIGHT="65" WIDTH="327" VPOS="1013" HPOS="933"/>
<SP HEIGHT="65" WIDTH="48" VPOS="1013" HPOS="1261"/>
<String CONTENT="by" HEIGHT="66" WIDTH="75" VPOS="1013" HPOS="1310"/>
<SP HEIGHT="64" WIDTH="46" VPOS="1015" HPOS="1386"/>
<String CONTENT="William" HEIGHT="54" WIDTH="262" VPOS="1013" HPOS="1433"/>
<SP HEIGHT="50" WIDTH="50" VPOS="1015" HPOS="1696"/>
<String CONTENT="F." HEIGHT="50" WIDTH="65" VPOS="1015" HPOS="1747"/>
<SP HEIGHT="50" WIDTH="53" VPOS="1015" HPOS="1813"/>
<String CONTENT="Edgerton." HEIGHT="66" WIDTH="312" VPOS="1014" HPOS="1867"/>
</TextLine>
<TextLine HEIGHT="69" WIDTH="1616" VPOS="1089" HPOS="181" STYLEREFS="StyleId-128C865F-9388-4FD6-B345-006D3B4CF8B4-" CS="1">
<String CONTENT="Chicago," HEIGHT="69" WIDTH="268" VPOS="1089" HPOS="181"/>
<SP HEIGHT="66" WIDTH="37" VPOS="1092" HPOS="450"/>
<String CONTENT="The" HEIGHT="51" WIDTH="120" VPOS="1092" HPOS="488"/>
<SP HEIGHT="53" WIDTH="35" VPOS="1093" HPOS="609"/>
<String CS="1" CONTENT="University" HEIGHT="68" WIDTH="278" VPOS="1090" HPOS="703"/>
<SP HEIGHT="48" WIDTH="34" VPOS="1110" HPOS="982"/>
<String CONTENT="of" HEIGHT="53" WIDTH="62" VPOS="1090" HPOS="1017"/>
<SP HEIGHT="56" WIDTH="38" VPOS="1090" HPOS="1080"/>
<String CONTENT="Chicago" HEIGHT="68" WIDTH="249" VPOS="1090" HPOS="1119"/>
<SP HEIGHT="48" WIDTH="36" VPOS="1110" HPOS="1369"/>
<String CONTENT="press" HEIGHT="50" WIDTH="156" VPOS="1108" HPOS="1406"/>
<SP HEIGHT="47" WIDTH="41" VPOS="1111" HPOS="1563"/>
<String STYLE="subscript" CONTENT="[" HEIGHT="33" WIDTH="11" VPOS="1125" HPOS="1605"/>
<String STYLE="superscript" CONTENT="c" HEIGHT="20" WIDTH="16" VPOS="1098" HPOS="1623"/>
<String CONTENT="1933" HEIGHT="49" WIDTH="132" VPOS="1094" HPOS="1646"/>
<String STYLE="subscript" CONTENT="]" HEIGHT="33" WIDTH="12" VPOS="1124" HPOS="1785"/>
</TextLine>
<TextLine HEIGHT="51" WIDTH="1927" VPOS="1163" HPOS="255" CS="1">
<String CONTENT="ix," HEIGHT="46" WIDTH="61" VPOS="1166" HPOS="255"/>
<SP HEIGHT="46" WIDTH="30" VPOS="1166" HPOS="317"/>
<String CONTENT="43" HEIGHT="39" WIDTH="55" VPOS="1165" HPOS="348"/>
<SP HEIGHT="47" WIDTH="32" VPOS="1165" HPOS="404"/>
<String CONTENT="p." HEIGHT="37" WIDTH="41" VPOS="1175" HPOS="437"/>
<SP HEIGHT="38" WIDTH="59" VPOS="1165" HPOS="479"/>
<String CONTENT="illus." HEIGHT="39" WIDTH="125" VPOS="1165" HPOS="539"/>
<SP HEIGHT="38" WIDTH="61" VPOS="1165" HPOS="665"/>
<String CS="1" CONTENT="24&#189;c" HEIGHT="38" WIDTH="56" VPOS="1165" HPOS="727"/>
<String STYLE="superscript" CONTENT="m" HEIGHT="20" WIDTH="27" VPOS="1167" HPOS="833"/>
<String CONTENT="." HEIGHT="7" WIDTH="8" VPOS="1197" HPOS="864"/>
<SP HEIGHT="47" WIDTH="71" VPOS="1166" HPOS="873"/>
<String CONTENT="(The" HEIGHT="48" WIDTH="123" VPOS="1165" HPOS="945"/>
<SP HEIGHT="40" WIDTH="32" VPOS="1164" HPOS="1069"/>
<String CONTENT="Oriental" HEIGHT="41" WIDTH="218" VPOS="1163" HPOS="1102"/>
<SP HEIGHT="39" WIDTH="33" VPOS="1164" HPOS="1321"/>
<String CONTENT="institute" HEIGHT="41" WIDTH="227" VPOS="1164" HPOS="1355"/>
<SP HEIGHT="29" WIDTH="31" VPOS="1175" HPOS="1583"/>
<String CONTENT="of" HEIGHT="39" WIDTH="50" VPOS="1165" HPOS="1615"/>
<SP HEIGHT="39" WIDTH="32" VPOS="1165" HPOS="1666"/>
<String CONTENT="the" HEIGHT="40" WIDTH="81" VPOS="1164" HPOS="1699"/>
<SP HEIGHT="39" WIDTH="33" VPOS="1165" HPOS="1781"/>
<String CONTENT="University" HEIGHT="50" WIDTH="283" VPOS="1164" HPOS="1815"/>
<SP HEIGHT="37" WIDTH="32" VPOS="1177" HPOS="2099"/>
<String CONTENT="of" HEIGHT="38" WIDTH="50" VPOS="1168" HPOS="2132"/>
</TextLine>
<TextLine HEIGHT="50" WIDTH="1528" VPOS="1220" HPOS="184">
<String CONTENT="Chicago." HEIGHT="48" WIDTH="223" VPOS="1222" HPOS="184"/>
<SP HEIGHT="40" WIDTH="56" VPOS="1222" HPOS="408"/>
<String CONTENT="Studies" HEIGHT="40" WIDTH="194" VPOS="1222" HPOS="465"/>
<SP HEIGHT="39" WIDTH="25" VPOS="1222" HPOS="660"/>
<String CONTENT="in" HEIGHT="39" WIDTH="49" VPOS="1222" HPOS="686"/>
<SP HEIGHT="29" WIDTH="26" VPOS="1232" HPOS="736"/>
<String CONTENT="ancient" HEIGHT="39" WIDTH="193" VPOS="1222" HPOS="763"/>
<SP HEIGHT="37" WIDTH="26" VPOS="1224" HPOS="957"/>
<String CONTENT="oriental" HEIGHT="41" WIDTH="205" VPOS="1220" HPOS="984"/>
<SP HEIGHT="38" WIDTH="27" VPOS="1222" HPOS="1190"/>
<String CONTENT="civilization," HEIGHT="49" WIDTH="311" VPOS="1220" HPOS="1218"/>
<SP HEIGHT="36" WIDTH="28" VPOS="1233" HPOS="1530"/>
<String CONTENT="no." HEIGHT="30" WIDTH="73" VPOS="1232" HPOS="1559"/>
<SP HEIGHT="41" WIDTH="29" VPOS="1221" HPOS="1633"/>
<String CONTENT="8)" HEIGHT="49" WIDTH="49" VPOS="1221" HPOS="1663"/>
</TextLine>
<TextLine HEIGHT="47" WIDTH="719" VPOS="1279" HPOS="253">
<String CONTENT="Bibliographical" HEIGHT="47" WIDTH="414" VPOS="1279" HPOS="253"/>
<SP HEIGHT="38" WIDTH="27" VPOS="1279" HPOS="668"/>
<String CONTENT="foot-notes." HEIGHT="39" WIDTH="276" VPOS="1279" HPOS="696"/>
</TextLine>
<TextLine HEIGHT="53" WIDTH="1773" VPOS="1345" HPOS="186" CS="1">
<String CONTENT="&#169;" HEIGHT="52" WIDTH="50" VPOS="1345" HPOS="186"/>
<SP HEIGHT="52" WIDTH="30" VPOS="1345" HPOS="237"/>
<String CONTENT="Nov." HEIGHT="39" WIDTH="116" VPOS="1350" HPOS="268"/>
<SP HEIGHT="39" WIDTH="28" VPOS="1350" HPOS="385"/>
<String CONTENT="7," HEIGHT="48" WIDTH="40" VPOS="1350" HPOS="414"/>
<SP HEIGHT="47" WIDTH="29" VPOS="1351" HPOS="455"/>
<String CS="1" CONTENT="1933;" HEIGHT="40" WIDTH="112" VPOS="1349" HPOS="485"/>
<SP HEIGHT="47" WIDTH="32" VPOS="1349" HPOS="625"/>
<String CONTENT="2c." HEIGHT="41" WIDTH="66" VPOS="1349" HPOS="658"/>
<SP HEIGHT="41" WIDTH="31" VPOS="1349" HPOS="725"/>
<String CONTENT="Nov." HEIGHT="40" WIDTH="117" VPOS="1349" HPOS="757"/>
<SP HEIGHT="39" WIDTH="30" VPOS="1350" HPOS="875"/>
<String CS="1" CONTENT="14;" HEIGHT="38" WIDTH="54" VPOS="1349" HPOS="906"/>
<SP HEIGHT="35" WIDTH="33" VPOS="1359" HPOS="987"/>
<String CONTENT="aff." HEIGHT="40" WIDTH="81" VPOS="1348" HPOS="1021"/>
<SP HEIGHT="40" WIDTH="30" VPOS="1348" HPOS="1103"/>
<String CONTENT="Nov." HEIGHT="40" WIDTH="117" VPOS="1348" HPOS="1134"/>
<SP HEIGHT="39" WIDTH="30" VPOS="1349" HPOS="1252"/>
<String CS="1" CONTENT="11;" HEIGHT="38" WIDTH="54" VPOS="1348" HPOS="1283"/>
<SP HEIGHT="46" WIDTH="32" VPOS="1348" HPOS="1365"/>
<!-- cceid C061B5AD-6C64-1014-8713-889FF4349C01 --><String CONTENT="A" HEIGHT="38" WIDTH="40" VPOS="1348" HPOS="1398"/>
<SP HEIGHT="40" WIDTH="30" VPOS="1348" HPOS="1439"/>
<String CS="1" CONTENT="67125;" HEIGHT="40" WIDTH="143" VPOS="1348" HPOS="1470"/>
<SP HEIGHT="46" WIDTH="36" VPOS="1349" HPOS="1641"/>
<String CONTENT="University" HEIGHT="48" WIDTH="281" VPOS="1348" HPOS="1678"/>
</TextLine>
<TextLine HEIGHT="107" WIDTH="1911" VPOS="1347" HPOS="252" CS="1">
<String CONTENT="of" HEIGHT="38" WIDTH="49" VPOS="1350" HPOS="1991"/>
<SP HEIGHT="41" WIDTH="32" VPOS="1347" HPOS="2041"/>
<String CONTENT="Chicago," HEIGHT="107" WIDTH="1911" VPOS="1347" HPOS="252"/>
<SP HEIGHT="47" WIDTH="37" VPOS="1406" HPOS="381"/>
<String CONTENT="Chicago." HEIGHT="48" WIDTH="223" VPOS="1406" HPOS="419"/>
<SP HEIGHT="47" WIDTH="70" VPOS="1406" HPOS="643"/>
<String CONTENT="(A" HEIGHT="47" WIDTH="63" VPOS="1406" HPOS="714"/>
<SP HEIGHT="39" WIDTH="15" VPOS="1406" HPOS="778"/>
<String CONTENT="33-3206)" HEIGHT="47" WIDTH="227" VPOS="1405" HPOS="794"/>
</TextLine>
<TextLine HEIGHT="69" WIDTH="1867" VPOS="1508" HPOS="184" STYLEREFS="StyleId-128C865F-9388-4FD6-B345-006D3B4CF8B4-" CS="1">
<String CONTENT="Encyclopedic" HEIGHT="63" WIDTH="419" VPOS="1508" HPOS="184"/>
<SP HEIGHT="53" WIDTH="34" VPOS="1511" HPOS="604"/>
<String CONTENT="digest" HEIGHT="67" WIDTH="185" VPOS="1509" HPOS="639"/>
<SP HEIGHT="46" WIDTH="34" VPOS="1515" HPOS="825"/>
<String CONTENT="of" HEIGHT="52" WIDTH="61" VPOS="1509" HPOS="860"/>
<SP HEIGHT="52" WIDTH="35" VPOS="1509" HPOS="922"/>
<String CONTENT="Florida" HEIGHT="52" WIDTH="235" VPOS="1509" HPOS="958"/>
<SP HEIGHT="33" WIDTH="35" VPOS="1528" HPOS="1194"/>
<String CONTENT="reports," HEIGHT="62" WIDTH="240" VPOS="1514" HPOS="1230"/>
<SP HEIGHT="67" WIDTH="33" VPOS="1509" HPOS="1471"/>
<String CONTENT="being" HEIGHT="67" WIDTH="170" VPOS="1509" HPOS="1505"/>
<SP HEIGHT="48" WIDTH="36" VPOS="1528" HPOS="1676"/>
<String CONTENT="a" HEIGHT="32" WIDTH="27" VPOS="1529" HPOS="1713"/>
<SP HEIGHT="34" WIDTH="35" VPOS="1527" HPOS="1741"/>
<String CONTENT="complete" HEIGHT="66" WIDTH="274" VPOS="1511" HPOS="1777"/>
</TextLine>
<TextLine HEIGHT="129" WIDTH="1907" VPOS="1527" HPOS="249" STYLEREFS="StyleId-128C865F-9388-4FD6-B345-006D3B4CF8B4-" CS="1">
<String CONTENT="encyclopedia" HEIGHT="129" WIDTH="1907" VPOS="1527" HPOS="249"/>
<SP HEIGHT="34" WIDTH="36" VPOS="1607" HPOS="578"/>
<String CONTENT="and" HEIGHT="52" WIDTH="111" VPOS="1589" HPOS="615"/>
<SP HEIGHT="51" WIDTH="36" VPOS="1589" HPOS="727"/>
<String CONTENT="digest" HEIGHT="68" WIDTH="185" VPOS="1588" HPOS="764"/>
<SP HEIGHT="46" WIDTH="34" VPOS="1594" HPOS="950"/>
<String CONTENT="of" HEIGHT="52" WIDTH="62" VPOS="1588" HPOS="985"/>
<SP HEIGHT="52" WIDTH="36" VPOS="1588" HPOS="1048"/>
<String CONTENT="all" HEIGHT="51" WIDTH="75" VPOS="1589" HPOS="1085"/>
<SP HEIGHT="50" WIDTH="33" VPOS="1590" HPOS="1161"/>
<String CONTENT="the" HEIGHT="51" WIDTH="95" VPOS="1588" HPOS="1195"/>
<SP HEIGHT="50" WIDTH="36" VPOS="1590" HPOS="1291"/>
<String CONTENT="Florida" HEIGHT="53" WIDTH="237" VPOS="1587" HPOS="1328"/>
<SP HEIGHT="34" WIDTH="36" VPOS="1606" HPOS="1566"/>
<String CONTENT="case" HEIGHT="34" WIDTH="122" VPOS="1606" HPOS="1603"/>
<SP HEIGHT="52" WIDTH="32" VPOS="1588" HPOS="1726"/>
<String CONTENT="law" HEIGHT="52" WIDTH="109" VPOS="1588" HPOS="1759"/>
<SP HEIGHT="33" WIDTH="37" VPOS="1607" HPOS="1869"/>
<String CONTENT="and" HEIGHT="51" WIDTH="110" VPOS="1589" HPOS="1907"/>
</TextLine>
<TextLine HEIGHT="146" WIDTH="1927" VPOS="1588" HPOS="251" STYLEREFS="StyleId-128C865F-9388-4FD6-B345-006D3B4CF8B4-" CS="1">
<String CONTENT="federal" HEIGHT="131" WIDTH="1903" VPOS="1588" HPOS="251"/>
<SP HEIGHT="52" WIDTH="39" VPOS="1667" HPOS="368"/>
<String CONTENT="decisions" HEIGHT="53" WIDTH="275" VPOS="1667" HPOS="408"/>
<SP HEIGHT="34" WIDTH="40" VPOS="1686" HPOS="684"/>
<String CONTENT="relating" HEIGHT="67" WIDTH="247" VPOS="1667" HPOS="725"/>
<SP HEIGHT="62" WIDTH="38" VPOS="1672" HPOS="973"/>
<String CONTENT="to" HEIGHT="46" WIDTH="58" VPOS="1672" HPOS="1012"/>
<SP HEIGHT="46" WIDTH="38" VPOS="1672" HPOS="1071"/>
<String CONTENT="the" HEIGHT="51" WIDTH="94" VPOS="1667" HPOS="1110"/>
<SP HEIGHT="50" WIDTH="38" VPOS="1668" HPOS="1205"/>
<String CONTENT="laws" HEIGHT="50" WIDTH="137" VPOS="1668" HPOS="1244"/>
<SP HEIGHT="34" WIDTH="38" VPOS="1684" HPOS="1382"/>
<String CONTENT="of" HEIGHT="52" WIDTH="64" VPOS="1665" HPOS="1421"/>
<SP HEIGHT="54" WIDTH="37" VPOS="1665" HPOS="1486"/>
<String CONTENT="the" HEIGHT="53" WIDTH="96" VPOS="1666" HPOS="1524"/>
<SP HEIGHT="34" WIDTH="36" VPOS="1684" HPOS="1621"/>
<String CONTENT="state," HEIGHT="62" WIDTH="163" VPOS="1672" HPOS="1658"/>
<SP HEIGHT="50" WIDTH="39" VPOS="1684" HPOS="1822"/>
<String CONTENT="under" HEIGHT="52" WIDTH="181" VPOS="1667" HPOS="1862"/>
<SP HEIGHT="47" WIDTH="38" VPOS="1671" HPOS="2044"/>
<String CONTENT="the" HEIGHT="51" WIDTH="95" VPOS="1668" HPOS="2083"/>
</TextLine>
<TextLine HEIGHT="132" WIDTH="1910" VPOS="1744" HPOS="245" STYLEREFS="StyleId-128C865F-9388-4FD6-B345-006D3B4CF8B4-" CS="1">
<String CONTENT="editorial" HEIGHT="52" WIDTH="265" VPOS="1746" HPOS="248"/>
<SP HEIGHT="53" WIDTH="28" VPOS="1747" HPOS="514"/>
<String CONTENT="supervision" HEIGHT="68" WIDTH="357" VPOS="1745" HPOS="543"/>
<SP HEIGHT="34" WIDTH="26" VPOS="1764" HPOS="901"/>
<String CONTENT="of" HEIGHT="53" WIDTH="62" VPOS="1745" HPOS="928"/>
<SP HEIGHT="52" WIDTH="27" VPOS="1745" HPOS="991"/>
<String CONTENT="A." HEIGHT="51" WIDTH="68" VPOS="1746" HPOS="1019"/>
<SP HEIGHT="51" WIDTH="29" VPOS="1746" HPOS="1088"/>
<String CONTENT="Hewson" HEIGHT="51" WIDTH="248" VPOS="1746" HPOS="1118"/>
<SP HEIGHT="50" WIDTH="26" VPOS="1747" HPOS="1367"/>
<String CONTENT="Michie" HEIGHT="53" WIDTH="212" VPOS="1744" HPOS="1394"/>
<SP HEIGHT="33" WIDTH="28" VPOS="1763" HPOS="1607"/>
<String CONTENT="and" HEIGHT="52" WIDTH="112" VPOS="1745" HPOS="1636"/>
<SP HEIGHT="52" WIDTH="27" VPOS="1745" HPOS="1749"/>
<String CONTENT="Beirne" HEIGHT="51" WIDTH="207" VPOS="1746" HPOS="1777"/>
<SP HEIGHT="55" WIDTH="31" VPOS="1746" HPOS="1985"/>
<String CONTENT="Stedman." HEIGHT="130" WIDTH="1910" VPOS="1746" HPOS="245"/>
</TextLine>
<TextLine HEIGHT="69" WIDTH="1689" VPOS="1823" HPOS="490" STYLEREFS="StyleId-128C865F-9388-4FD6-B345-006D3B4CF8B4-" CS="1">
<String CONTENT="Volume" HEIGHT="53" WIDTH="241" VPOS="1825" HPOS="490"/>
<SP HEIGHT="34" WIDTH="61" VPOS="1841" HPOS="732"/>
<String CS="1" CONTENT="XI." HEIGHT="9" WIDTH="8" VPOS="1866" HPOS="865"/>
<SP/>
<String CONTENT="[Patents-Residence]" HEIGHT="67" WIDTH="617" VPOS="1823" HPOS="978"/>
<SP/>
<String CONTENT="Charlottesville," HEIGHT="68" WIDTH="479" VPOS="1824" HPOS="1700"/>
</TextLine>
<TextLine HEIGHT="148" WIDTH="1907" VPOS="1902" HPOS="247" STYLEREFS="StyleId-128C865F-9388-4FD6-B345-006D3B4CF8B4-" CS="1">
<String LANG="fr" CONTENT="Va.," HEIGHT="67" WIDTH="124" VPOS="1904" HPOS="248"/>
<SP HEIGHT="65" WIDTH="27" VPOS="1906" HPOS="373"/>
<String CONTENT="The" HEIGHT="52" WIDTH="119" VPOS="1904" HPOS="401"/>
<SP HEIGHT="51" WIDTH="27" VPOS="1905" HPOS="521"/>
<String CONTENT="Michie" HEIGHT="54" WIDTH="212" VPOS="1902" HPOS="549"/>
<SP HEIGHT="33" WIDTH="26" VPOS="1921" HPOS="762"/>
<String CONTENT="company;" HEIGHT="50" WIDTH="306" VPOS="1920" HPOS="789"/>
<SP HEIGHT="65" WIDTH="29" VPOS="1903" HPOS="1096"/>
<String CONTENT="Atlanta," HEIGHT="68" WIDTH="260" VPOS="1902" HPOS="1126"/>
<SP HEIGHT="67" WIDTH="28" VPOS="1903" HPOS="1387"/>
<String CONTENT="Ga.," HEIGHT="66" WIDTH="123" VPOS="1903" HPOS="1416"/>
<SP HEIGHT="64" WIDTH="28" VPOS="1905" HPOS="1540"/>
<String CONTENT="The" HEIGHT="52" WIDTH="121" VPOS="1903" HPOS="1569"/>
<SP HEIGHT="51" WIDTH="26" VPOS="1904" HPOS="1691"/>
<String CONTENT="Harrison" HEIGHT="54" WIDTH="286" VPOS="1902" HPOS="1718"/>
<SP HEIGHT="35" WIDTH="27" VPOS="1923" HPOS="2005"/>
<String CONTENT="company" HEIGHT="127" WIDTH="1907" VPOS="1923" HPOS="247"/>
<SP HEIGHT="48" WIDTH="38" VPOS="2002" HPOS="401"/>
<String CONTENT="[" HEIGHT="33" WIDTH="11" VPOS="2015" HPOS="440"/>
<String STYLE="superscript" CONTENT="c" HEIGHT="20" WIDTH="16" VPOS="1988" HPOS="457"/>
<String CONTENT="1934]" HEIGHT="64" WIDTH="151" VPOS="1984" HPOS="480"/>
</TextLine>
<TextLine HEIGHT="49" WIDTH="524" VPOS="2055" HPOS="249" CS="1">
<String CONTENT="3" HEIGHT="40" WIDTH="26" VPOS="2057" HPOS="249"/>
<SP/>
<String CONTENT="p." HEIGHT="37" WIDTH="42" VPOS="2067" HPOS="303"/>
<SP HEIGHT="40" WIDTH="26" VPOS="2057" HPOS="346"/>
<String CS="1" CONTENT="l.,"/>
<SP HEIGHT="45" WIDTH="26" VPOS="2057" HPOS="417"/>
<String CONTENT="420" HEIGHT="40" WIDTH="89" VPOS="2055" HPOS="444"/>
<SP HEIGHT="48" WIDTH="22" VPOS="2055" HPOS="534"/>
<String CONTENT="p." HEIGHT="37" WIDTH="43" VPOS="2066" HPOS="557"/>
<SP HEIGHT="41" WIDTH="55" VPOS="2055" HPOS="601"/>
<String CS="1" CONTENT="24cm." HEIGHT="40" WIDTH="116" VPOS="2055" HPOS="657"/>
</TextLine>
<TextLine HEIGHT="108" WIDTH="1977" VPOS="2123" HPOS="184" CS="1">
<String CONTENT="&#169;" HEIGHT="52" WIDTH="50" VPOS="2123" HPOS="184"/>
<SP HEIGHT="52" WIDTH="30" VPOS="2123" HPOS="235"/>
<String CONTENT="June" HEIGHT="40" WIDTH="126" VPOS="2127" HPOS="266"/>
<SP HEIGHT="38" WIDTH="27" VPOS="2128" HPOS="393"/>
<String CONTENT="13," HEIGHT="46" WIDTH="67" VPOS="2127" HPOS="421"/>
<SP HEIGHT="46" WIDTH="30" VPOS="2127" HPOS="489"/>
<String CS="1" CONTENT="1934;" HEIGHT="40" WIDTH="114" VPOS="2126" HPOS="520"/>
<SP HEIGHT="46" WIDTH="32" VPOS="2126" HPOS="661"/>
<String CONTENT="2c." HEIGHT="39" WIDTH="64" VPOS="2126" HPOS="694"/>
<SP HEIGHT="28" WIDTH="33" VPOS="2136" HPOS="759"/>
<String CONTENT="and" HEIGHT="38" WIDTH="94" VPOS="2126" HPOS="793"/>
<SP HEIGHT="38" WIDTH="28" VPOS="2126" HPOS="888"/>
<String CONTENT="aff." HEIGHT="40" WIDTH="79" VPOS="2124" HPOS="917"/>
<SP HEIGHT="39" WIDTH="34" VPOS="2125" HPOS="997"/>
<String CONTENT="June" HEIGHT="39" WIDTH="124" VPOS="2125" HPOS="1032"/>
<SP HEIGHT="38" WIDTH="28" VPOS="2126" HPOS="1157"/>
<String CS="1" CONTENT="15;" HEIGHT="39" WIDTH="54" VPOS="2124" HPOS="1186"/>
<SP HEIGHT="44" WIDTH="32" VPOS="2125" HPOS="1268"/>
<!-- cceid C0622935-6C64-1014-8713-889FF4349C01 --><String CONTENT="A" HEIGHT="38" WIDTH="43" VPOS="2125" HPOS="1301"/>
<SP HEIGHT="39" WIDTH="24" VPOS="2125" HPOS="1345"/>
<String CS="1" CONTENT="72794;" HEIGHT="41" WIDTH="143" VPOS="2123" HPOS="1370"/>
<SP HEIGHT="45" WIDTH="34" VPOS="2126" HPOS="1540"/>
<String CONTENT="Michie" HEIGHT="39" WIDTH="178" VPOS="2125" HPOS="1575"/>
<SP HEIGHT="29" WIDTH="29" VPOS="2135" HPOS="1754"/>
<String CONTENT="co." HEIGHT="29" WIDTH="65" VPOS="2135" HPOS="1784"/>
<SP HEIGHT="30" WIDTH="32" VPOS="2135" HPOS="1850"/>
<String CONTENT="and" HEIGHT="39" WIDTH="95" VPOS="2127" HPOS="1883"/>
<SP HEIGHT="40" WIDTH="30" VPOS="2126" HPOS="1979"/>
<String CONTENT="Harrison" HEIGHT="99" WIDTH="1910" VPOS="2125" HPOS="251"/>
<SP HEIGHT="29" WIDTH="27" VPOS="2194" HPOS="337"/>
<String CONTENT="company." HEIGHT="38" WIDTH="246" VPOS="2193" HPOS="365"/>
</TextLine>
<TextLine HEIGHT="66" WIDTH="1029" VPOS="2285" HPOS="179" STYLEREFS="StyleId-805A5C29-6DE1-476B-BABD-C1A5FDAEE3AE-">
<String CONTENT="Engberg," HEIGHT="65" WIDTH="293" VPOS="2286" HPOS="179"/>
<SP HEIGHT="61" WIDTH="34" VPOS="2288" HPOS="473"/>
<String CONTENT="Robert" HEIGHT="53" WIDTH="221" VPOS="2287" HPOS="508"/>
<SP HEIGHT="53" WIDTH="31" VPOS="2287" HPOS="730"/>
<String CONTENT="Martin," HEIGHT="64" WIDTH="241" VPOS="2285" HPOS="762"/>
<SP HEIGHT="61" WIDTH="35" VPOS="2288" HPOS="1004"/>
<String CONTENT="1906-" HEIGHT="49" WIDTH="168" VPOS="2288" HPOS="1040"/>
</TextLine>
<TextLine HEIGHT="71" WIDTH="1866" VPOS="2376" HPOS="310" STYLEREFS="StyleId-128C865F-9388-4FD6-B345-006D3B4CF8B4-" CS="1">
<String CS="1" CONTENT="&#8230;"/>
<SP HEIGHT="52" WIDTH="33" VPOS="2380" HPOS="310"/>
<String CONTENT="Notes" HEIGHT="52" WIDTH="173" VPOS="2380" HPOS="344"/>
<SP HEIGHT="35" WIDTH="29" VPOS="2397" HPOS="518"/>
<String CONTENT="on" HEIGHT="34" WIDTH="70" VPOS="2396" HPOS="548"/>
<SP HEIGHT="46" WIDTH="28" VPOS="2383" HPOS="619"/>
<String CONTENT="the" HEIGHT="51" WIDTH="95" VPOS="2378" HPOS="648"/>
<SP HEIGHT="33" WIDTH="29" VPOS="2396" HPOS="744"/>
<String CONTENT="chalcolithic" HEIGHT="53" WIDTH="358" VPOS="2376" HPOS="774"/>
<SP HEIGHT="35" WIDTH="30" VPOS="2393" HPOS="1133"/>
<String CONTENT="and" HEIGHT="51" WIDTH="110" VPOS="2377" HPOS="1164"/>
<SP HEIGHT="52" WIDTH="29" VPOS="2377" HPOS="1275"/>
<String CONTENT="early" HEIGHT="67" WIDTH="156" VPOS="2377" HPOS="1305"/>
<SP HEIGHT="67" WIDTH="27" VPOS="2377" HPOS="1462"/>
<String CONTENT="bronze" HEIGHT="52" WIDTH="206" VPOS="2377" HPOS="1490"/>
<SP HEIGHT="34" WIDTH="28" VPOS="2396" HPOS="1697"/>
<String CONTENT="age" HEIGHT="50" WIDTH="101" VPOS="2396" HPOS="1726"/>
<SP HEIGHT="33" WIDTH="28" VPOS="2397" HPOS="1828"/>
<String CONTENT="of" HEIGHT="52" WIDTH="62" VPOS="2378" HPOS="1857"/>
<SP HEIGHT="68" WIDTH="28" VPOS="2378" HPOS="1920"/>
<String CONTENT="pottery" HEIGHT="63" WIDTH="227" VPOS="2384" HPOS="1949"/>
</TextLine>
<TextLine HEIGHT="72" WIDTH="1998" VPOS="2453" HPOS="178" STYLEREFS="StyleId-128C865F-9388-4FD6-B345-006D3B4CF8B4-">
<String CONTENT="of" HEIGHT="52" WIDTH="63" VPOS="2457" HPOS="178"/>
<SP HEIGHT="52" WIDTH="28" VPOS="2457" HPOS="242"/>
<String CONTENT="Megiddo," HEIGHT="69" WIDTH="291" VPOS="2455" HPOS="271"/>
<SP HEIGHT="67" WIDTH="28" VPOS="2456" HPOS="563"/>
<String CONTENT="by" HEIGHT="66" WIDTH="74" VPOS="2456" HPOS="592"/>
<SP HEIGHT="65" WIDTH="28" VPOS="2457" HPOS="667"/>
<String CONTENT="Robert" HEIGHT="52" WIDTH="216" VPOS="2456" HPOS="696"/>
<SP HEIGHT="51" WIDTH="27" VPOS="2456" HPOS="913"/>
<String CONTENT="M." HEIGHT="51" WIDTH="77" VPOS="2456" HPOS="941"/>
<SP HEIGHT="50" WIDTH="33" VPOS="2457" HPOS="1019"/>
<String CONTENT="Engberg" HEIGHT="68" WIDTH="271" VPOS="2455" HPOS="1053"/>
<SP HEIGHT="50" WIDTH="30" VPOS="2473" HPOS="1325"/>
<String CONTENT="and" HEIGHT="51" WIDTH="111" VPOS="2456" HPOS="1356"/>
<SP HEIGHT="55" WIDTH="30" VPOS="2456" HPOS="1468"/>
<String CONTENT="Geoffrey" HEIGHT="71" WIDTH="268" VPOS="2453" HPOS="1499"/>
<SP HEIGHT="66" WIDTH="29" VPOS="2458" HPOS="1768"/>
<String CONTENT="M." HEIGHT="51" WIDTH="77" VPOS="2458" HPOS="1798"/>
<SP HEIGHT="54" WIDTH="34" VPOS="2458" HPOS="1876"/>
<String CONTENT="Shipton." HEIGHT="68" WIDTH="265" VPOS="2457" HPOS="1911"/>
</TextLine>
<TextLine HEIGHT="72" WIDTH="1782" VPOS="2532" HPOS="180" STYLEREFS="StyleId-128C865F-9388-4FD6-B345-006D3B4CF8B4-">
<String CONTENT="Chicago," HEIGHT="70" WIDTH="268" VPOS="2534" HPOS="180"/>
<SP HEIGHT="67" WIDTH="38" VPOS="2536" HPOS="449"/>
<String CONTENT="Ill.," HEIGHT="66" WIDTH="111" VPOS="2535" HPOS="488"/>
<SP HEIGHT="63" WIDTH="38" VPOS="2538" HPOS="600"/>
<String CONTENT="The" HEIGHT="53" WIDTH="120" VPOS="2535" HPOS="639"/>
<SP HEIGHT="52" WIDTH="38" VPOS="2536" HPOS="760"/>
<String CONTENT="University" HEIGHT="68" WIDTH="336" VPOS="2533" HPOS="799"/>
<SP HEIGHT="49" WIDTH="38" VPOS="2552" HPOS="1136"/>
<String CONTENT="of" HEIGHT="53" WIDTH="62" VPOS="2532" HPOS="1175"/>
<SP HEIGHT="57" WIDTH="39" VPOS="2532" HPOS="1238"/>
<String CONTENT="Chicago" HEIGHT="68" WIDTH="252" VPOS="2534" HPOS="1278"/>
<SP HEIGHT="49" WIDTH="38" VPOS="2553" HPOS="1531"/>
<String CONTENT="press" HEIGHT="49" WIDTH="156" VPOS="2553" HPOS="1570"/>
<SP HEIGHT="47" WIDTH="43" VPOS="2554" HPOS="1727"/>
<String CONTENT="[" HEIGHT="33" WIDTH="11" VPOS="2568" HPOS="1771"/>
<String STYLE="superscript" CONTENT="c" HEIGHT="20" WIDTH="16" VPOS="2541" HPOS="1789"/>
<String CONTENT="1934]" HEIGHT="63" WIDTH="151" VPOS="2538" HPOS="1811"/>
</TextLine>
<TextLine HEIGHT="51" WIDTH="1930" VPOS="2606" HPOS="250" CS="1">
<String CONTENT="xiii," HEIGHT="47" WIDTH="103" VPOS="2610" HPOS="250"/>
<SP HEIGHT="48" WIDTH="33" VPOS="2609" HPOS="354"/>
<String CONTENT="91" HEIGHT="40" WIDTH="53" VPOS="2609" HPOS="388"/>
<SP HEIGHT="45" WIDTH="32" VPOS="2612" HPOS="442"/>
<String CONTENT="p." HEIGHT="37" WIDTH="42" VPOS="2620" HPOS="475"/>
<SP HEIGHT="39" WIDTH="60" VPOS="2609" HPOS="518"/>
<String CONTENT="illus.," HEIGHT="46" WIDTH="142" VPOS="2609" HPOS="579"/>
<SP HEIGHT="47" WIDTH="33" VPOS="2608" HPOS="722"/>
<String CS="1" CONTENT="fold."/>
<SP HEIGHT="37" WIDTH="31" VPOS="2618" HPOS="874"/>
<String CS="1" CONTENT="pl.," HEIGHT="37" WIDTH="75" VPOS="2618" HPOS="906"/>
<SP HEIGHT="46" WIDTH="34" VPOS="2608" HPOS="982"/>
<String CONTENT="diagr." HEIGHT="48" WIDTH="151" VPOS="2606" HPOS="1017"/>
<SP HEIGHT="38" WIDTH="61" VPOS="2608" HPOS="1169"/>
<String CS="1" CONTENT="24&#189;cm." HEIGHT="40" WIDTH="146" VPOS="2608" HPOS="1231"/>
<SP HEIGHT="47" WIDTH="73" VPOS="2609" HPOS="1378"/>
<String CONTENT="(The" HEIGHT="48" WIDTH="126" VPOS="2608" HPOS="1452"/>
<SP HEIGHT="40" WIDTH="31" VPOS="2608" HPOS="1579"/>
<String CONTENT="Oriental" HEIGHT="41" WIDTH="220" VPOS="2607" HPOS="1611"/>
<SP HEIGHT="38" WIDTH="34" VPOS="2609" HPOS="1832"/>
<String CONTENT="institute" HEIGHT="43" WIDTH="228" VPOS="2607" HPOS="1867"/>
<SP HEIGHT="30" WIDTH="30" VPOS="2620" HPOS="2096"/>
<String CONTENT="of" HEIGHT="38" WIDTH="53" VPOS="2611" HPOS="2127"/>
</TextLine>
<TextLine HEIGHT="50" WIDTH="1996" VPOS="2663" HPOS="181">
<String CONTENT="the" HEIGHT="39" WIDTH="82" VPOS="2669" HPOS="181"/>
<SP HEIGHT="40" WIDTH="44" VPOS="2668" HPOS="264"/>
<String CONTENT="University" HEIGHT="47" WIDTH="282" VPOS="2666" HPOS="309"/>
<SP HEIGHT="37" WIDTH="43" VPOS="2676" HPOS="592"/>
<String CONTENT="of" HEIGHT="40" WIDTH="50" VPOS="2665" HPOS="636"/>
<SP HEIGHT="40" WIDTH="45" VPOS="2665" HPOS="687"/>
<String CONTENT="Chicago." HEIGHT="47" WIDTH="221" VPOS="2664" HPOS="733"/>
<SP HEIGHT="41" WIDTH="78" VPOS="2663" HPOS="955"/>
<String CONTENT="Studies" HEIGHT="40" WIDTH="192" VPOS="2663" HPOS="1034"/>
<SP HEIGHT="39" WIDTH="45" VPOS="2664" HPOS="1227"/>
<String CONTENT="in" HEIGHT="38" WIDTH="49" VPOS="2664" HPOS="1273"/>
<SP HEIGHT="28" WIDTH="46" VPOS="2675" HPOS="1323"/>
<String CONTENT="ancient" HEIGHT="40" WIDTH="194" VPOS="2664" HPOS="1370"/>
<SP HEIGHT="37" WIDTH="45" VPOS="2667" HPOS="1565"/>
<String CONTENT="oriental" HEIGHT="41" WIDTH="207" VPOS="2664" HPOS="1611"/>
<SP HEIGHT="39" WIDTH="46" VPOS="2666" HPOS="1819"/>
<String CONTENT="civilization," HEIGHT="48" WIDTH="311" VPOS="2664" HPOS="1866"/>
</TextLine>
<TextLine HEIGHT="48" WIDTH="183" VPOS="2724" HPOS="180">
<String CONTENT="no." HEIGHT="30" WIDTH="73" VPOS="2735" HPOS="180"/>
<SP HEIGHT="39" WIDTH="28" VPOS="2726" HPOS="254"/>
<String CONTENT="10)" HEIGHT="48" WIDTH="80" VPOS="2724" HPOS="283"/>
</TextLine>
<TextLine HEIGHT="49" WIDTH="1922" VPOS="2777" HPOS="254" CS="1">
<String CONTENT="&#8220;Notes" HEIGHT="38" WIDTH="175" VPOS="2782" HPOS="254"/>
<SP HEIGHT="30" WIDTH="27" VPOS="2790" HPOS="430"/>
<String CONTENT="on" HEIGHT="29" WIDTH="60" VPOS="2790" HPOS="458"/>
<SP HEIGHT="36" WIDTH="27" VPOS="2783" HPOS="519"/>
<String CONTENT="the" HEIGHT="39" WIDTH="83" VPOS="2780" HPOS="547"/>
<SP HEIGHT="39" WIDTH="25" VPOS="2779" HPOS="631"/>
<String CONTENT="flint" HEIGHT="38" WIDTH="110" VPOS="2779" HPOS="657"/>
<SP HEIGHT="40" WIDTH="25" VPOS="2777" HPOS="768"/>
<String CONTENT="implements" HEIGHT="47" WIDTH="304" VPOS="2777" HPOS="794"/>
<SP HEIGHT="37" WIDTH="31" VPOS="2788" HPOS="1099"/>
<String CONTENT="[by]" HEIGHT="48" WIDTH="87" VPOS="2778" HPOS="1131"/>
<SP HEIGHT="48" WIDTH="31" VPOS="2778" HPOS="1219"/>
<String CONTENT="Dorothy" HEIGHT="46" WIDTH="220" VPOS="2778" HPOS="1251"/>
<SP HEIGHT="46" WIDTH="28" VPOS="2778" HPOS="1472"/>
<String CONTENT="A." HEIGHT="40" WIDTH="53" VPOS="2778" HPOS="1501"/>
<SP HEIGHT="39" WIDTH="31" VPOS="2779" HPOS="1555"/>
<String CONTENT="E." HEIGHT="38" WIDTH="52" VPOS="2779" HPOS="1587"/>
<SP HEIGHT="40" WIDTH="29" VPOS="2778" HPOS="1640"/>
<String CS="1" CONTENT="Garrod&#8221;:" HEIGHT="40" WIDTH="215" VPOS="2778" HPOS="1670"/>
<SP HEIGHT="37" WIDTH="32" VPOS="2789" HPOS="1914"/>
<String CONTENT="p." HEIGHT="37" WIDTH="41" VPOS="2789" HPOS="1947"/>
<SP HEIGHT="40" WIDTH="30" VPOS="2780" HPOS="1989"/>
<String CONTENT="78-91." HEIGHT="41" WIDTH="156" VPOS="2778" HPOS="2020"/>
</TextLine>
<TextLine HEIGHT="50" WIDTH="720" VPOS="2835" HPOS="249">
<String CONTENT="Bibliographical" HEIGHT="48" WIDTH="413" VPOS="2837" HPOS="249"/>
<SP HEIGHT="40" WIDTH="30" VPOS="2835" HPOS="663"/>
<String CONTENT="foot-notes." HEIGHT="40" WIDTH="275" VPOS="2835" HPOS="694"/>
</TextLine>
<TextLine HEIGHT="53" WIDTH="1992" VPOS="2904" HPOS="184" CS="1">
<String CONTENT="&#169;" HEIGHT="51" WIDTH="54" VPOS="2906" HPOS="184"/>
<SP HEIGHT="51" WIDTH="27" VPOS="2906" HPOS="239"/>
<String CONTENT="Feb." HEIGHT="40" WIDTH="108" VPOS="2909" HPOS="267"/>
<SP HEIGHT="38" WIDTH="29" VPOS="2909" HPOS="376"/>
<String CONTENT="27," HEIGHT="46" WIDTH="69" VPOS="2909" HPOS="406"/>
<SP HEIGHT="46" WIDTH="29" VPOS="2909" HPOS="476"/>
<String CS="1" CONTENT="1934;" HEIGHT="39" WIDTH="114" VPOS="2907" HPOS="506"/>
<SP HEIGHT="47" WIDTH="30" VPOS="2906" HPOS="647"/>
<String CONTENT="2c." HEIGHT="39" WIDTH="64" VPOS="2906" HPOS="678"/>
<SP HEIGHT="28" WIDTH="32" VPOS="2916" HPOS="743"/>
<String CONTENT="and" HEIGHT="38" WIDTH="95" VPOS="2906" HPOS="776"/>
<SP HEIGHT="38" WIDTH="28" VPOS="2906" HPOS="872"/>
<String CONTENT="aff." HEIGHT="40" WIDTH="81" VPOS="2904" HPOS="901"/>
<SP HEIGHT="39" WIDTH="31" VPOS="2904" HPOS="983"/>
<String CONTENT="Mar." HEIGHT="39" WIDTH="120" VPOS="2904" HPOS="1015"/>
<SP HEIGHT="37" WIDTH="31" VPOS="2905" HPOS="1136"/>
<String CS="1" CONTENT="10;" HEIGHT="39" WIDTH="53" VPOS="2904" HPOS="1168"/>
<SP HEIGHT="45" WIDTH="32" VPOS="2905" HPOS="1248"/>
<!-- cceid C0629762-6C64-1014-8713-889FF4349C01 --><String CONTENT="A" HEIGHT="37" WIDTH="41" VPOS="2905" HPOS="1281"/>
<SP HEIGHT="39" WIDTH="29" VPOS="2904" HPOS="1323"/>
<String CS="1" CONTENT="69799;" HEIGHT="40" WIDTH="142" VPOS="2904" HPOS="1353"/>
<SP HEIGHT="46" WIDTH="33" VPOS="2905" HPOS="1523"/>
<String CONTENT="University" HEIGHT="48" WIDTH="282" VPOS="2905" HPOS="1557"/>
<SP HEIGHT="36" WIDTH="31" VPOS="2917" HPOS="1840"/>
<String CONTENT="of" HEIGHT="39" WIDTH="50" VPOS="2906" HPOS="1872"/>
<SP HEIGHT="40" WIDTH="28" VPOS="2906" HPOS="1923"/>
<String CONTENT="Chicago," HEIGHT="46" WIDTH="224" VPOS="2906" HPOS="1952"/>
</TextLine>
<TextLine HEIGHT="51" WIDTH="577" VPOS="2962" HPOS="251">
<String CONTENT="Chicago." HEIGHT="47" WIDTH="222" VPOS="2966" HPOS="251"/>
<SP HEIGHT="47" WIDTH="74" VPOS="2964" HPOS="474"/>
<String CONTENT="(A" HEIGHT="47" WIDTH="63" VPOS="2964" HPOS="549"/>
<SP HEIGHT="39" WIDTH="16" VPOS="2964" HPOS="613"/>
<String CONTENT="34-651)" HEIGHT="46" WIDTH="198" VPOS="2962" HPOS="630"/>
</TextLine>
<TextLine HEIGHT="67" WIDTH="682" VPOS="3064" HPOS="177" STYLEREFS="StyleId-805A5C29-6DE1-476B-BABD-C1A5FDAEE3AE-">
<String CONTENT="Erskine," HEIGHT="62" WIDTH="270" VPOS="3069" HPOS="177"/>
<SP HEIGHT="63" WIDTH="32" VPOS="3068" HPOS="448"/>
<String CONTENT="John," HEIGHT="64" WIDTH="173" VPOS="3067" HPOS="481"/>
<SP HEIGHT="60" WIDTH="33" VPOS="3071" HPOS="655"/>
<String CONTENT="1879-" HEIGHT="54" WIDTH="170" VPOS="3064" HPOS="689"/>
</TextLine>
<TextLine HEIGHT="69" WIDTH="1930" VPOS="3156" HPOS="247" STYLEREFS="StyleId-128C865F-9388-4FD6-B345-006D3B4CF8B4-" CS="1">
<String CONTENT="Bachelor&#8212;of" HEIGHT="55" WIDTH="416" VPOS="3156" HPOS="247"/>
<SP HEIGHT="52" WIDTH="50" VPOS="3156" HPOS="664"/>
<String CONTENT="arts," HEIGHT="63" WIDTH="133" VPOS="3161" HPOS="715"/>
<SP HEIGHT="68" WIDTH="47" VPOS="3156" HPOS="849"/>
<String CONTENT="by" HEIGHT="67" WIDTH="75" VPOS="3156" HPOS="897"/>
<SP HEIGHT="65" WIDTH="46" VPOS="3158" HPOS="973"/>
<String CONTENT="John" HEIGHT="54" WIDTH="156" VPOS="3156" HPOS="1020"/>
<SP HEIGHT="52" WIDTH="47" VPOS="3156" HPOS="1177"/>
<String CONTENT="Erskine." HEIGHT="51" WIDTH="258" VPOS="3156" HPOS="1225"/>
<SP HEIGHT="50" WIDTH="104" VPOS="3158" HPOS="1484"/>
<String CONTENT="Indianapolis," HEIGHT="68" WIDTH="420" VPOS="3157" HPOS="1589"/>
<SP HEIGHT="59" WIDTH="45" VPOS="3159" HPOS="2010"/>
<String CONTENT="The" HEIGHT="52" WIDTH="121" VPOS="3159" HPOS="2056"/>
</TextLine>
<TextLine HEIGHT="66" WIDTH="969" VPOS="3236" HPOS="176" STYLEREFS="StyleId-128C865F-9388-4FD6-B345-006D3B4CF8B4-" CS="1">
<String CONTENT="Bobbs-Merrill" HEIGHT="55" WIDTH="443" VPOS="3236" HPOS="176"/>
<SP HEIGHT="54" WIDTH="31" VPOS="3236" HPOS="620"/>
<String CONTENT="company" HEIGHT="49" WIDTH="279" VPOS="3253" HPOS="652"/>
<SP HEIGHT="48" WIDTH="37" VPOS="3254" HPOS="932"/>
<String CONTENT="[" HEIGHT="32" WIDTH="12" VPOS="3268" HPOS="970"/>
<String STYLE="superscript" CONTENT="c" HEIGHT="20" WIDTH="16" VPOS="3240" HPOS="988"/>
<String CS="1" CONTENT="1934]" HEIGHT="50" WIDTH="136" VPOS="3236" HPOS="1009"/>
</TextLine>
<TextLine HEIGHT="49" WIDTH="332" VPOS="3311" HPOS="253" CS="1">
<String CONTENT="331" HEIGHT="40" WIDTH="84" VPOS="3314" HPOS="253"/>
<SP HEIGHT="45" WIDTH="28" VPOS="3315" HPOS="338"/>
<String CONTENT="p." HEIGHT="36" WIDTH="43" VPOS="3324" HPOS="367"/>
<SP HEIGHT="41" WIDTH="57" VPOS="3311" HPOS="411"/>
<String CS="1" CONTENT="21cm." HEIGHT="40" WIDTH="116" VPOS="3311" HPOS="469"/>
</TextLine>
<TextLine HEIGHT="43" WIDTH="418" VPOS="3366" HPOS="252">
<String CONTENT="&#8220;First" HEIGHT="39" WIDTH="160" VPOS="3370" HPOS="252"/>
<SP HEIGHT="37" WIDTH="32" VPOS="3372" HPOS="413"/>
<String CONTENT="edition.&#8221;" HEIGHT="43" WIDTH="224" VPOS="3366" HPOS="446"/>
</TextLine>
<TextLine HEIGHT="55" WIDTH="1990" VPOS="3420" HPOS="185" CS="1">
<String CONTENT="&#169;" HEIGHT="52" WIDTH="54" VPOS="3423" HPOS="185"/>
<SP HEIGHT="52" WIDTH="27" VPOS="3423" HPOS="240"/>
<String CONTENT="May" HEIGHT="45" WIDTH="112" VPOS="3429" HPOS="268"/>
<SP HEIGHT="48" WIDTH="27" VPOS="3426" HPOS="381"/>
<String CONTENT="25," HEIGHT="46" WIDTH="69" VPOS="3426" HPOS="409"/>
<SP HEIGHT="46" WIDTH="30" VPOS="3426" HPOS="479"/>
<String CS="1" CONTENT="1934;" HEIGHT="39" WIDTH="113" VPOS="3424" HPOS="510"/>
<SP HEIGHT="46" WIDTH="32" VPOS="3423" HPOS="650"/>
<String CONTENT="2c." HEIGHT="38" WIDTH="67" VPOS="3423" HPOS="683"/>
<SP HEIGHT="30" WIDTH="29" VPOS="3431" HPOS="751"/>
<String CONTENT="and" HEIGHT="38" WIDTH="96" VPOS="3422" HPOS="781"/>
<SP HEIGHT="38" WIDTH="29" VPOS="3422" HPOS="878"/>
<String CONTENT="aff." HEIGHT="40" WIDTH="80" VPOS="3420" HPOS="908"/>
<SP HEIGHT="39" WIDTH="31" VPOS="3421" HPOS="989"/>
<String CONTENT="May" HEIGHT="46" WIDTH="113" VPOS="3421" HPOS="1021"/>
<SP HEIGHT="46" WIDTH="28" VPOS="3421" HPOS="1135"/>
<String CS="1" CONTENT="31;" HEIGHT="39" WIDTH="54" VPOS="3421" HPOS="1164"/>
<SP HEIGHT="46" WIDTH="32" VPOS="3420" HPOS="1246"/>
<!-- cceid C0630F58-6C64-1014-8713-889FF4349C01 --><String CONTENT="A" HEIGHT="38" WIDTH="41" VPOS="3420" HPOS="1279"/>
<SP HEIGHT="40" WIDTH="28" VPOS="3420" HPOS="1321"/>
<String CS="1" CONTENT="71874;" HEIGHT="39" WIDTH="144" VPOS="3421" HPOS="1350"/>
<SP HEIGHT="46" WIDTH="34" VPOS="3421" HPOS="1521"/>
<String CONTENT="J." HEIGHT="40" WIDTH="41" VPOS="3421" HPOS="1556"/>
<SP HEIGHT="39" WIDTH="33" VPOS="3422" HPOS="1598"/>
<String CONTENT="Erskine," HEIGHT="47" WIDTH="219" VPOS="3421" HPOS="1632"/>
<SP HEIGHT="47" WIDTH="32" VPOS="3421" HPOS="1852"/>
<String CONTENT="New" HEIGHT="39" WIDTH="116" VPOS="3421" HPOS="1885"/>
<SP HEIGHT="37" WIDTH="30" VPOS="3423" HPOS="2002"/>
<String CONTENT="York." HEIGHT="37" WIDTH="142" VPOS="3423" HPOS="2033"/>
</TextLine>
<TextLine HEIGHT="51" WIDTH="279" VPOS="3481" HPOS="263" CS="1">
<String CS="1" CONTENT="(34-14002)" HEIGHT="51" WIDTH="279" VPOS="3481" HPOS="263"/>
</TextLine>
<TextLine HEIGHT="70" WIDTH="860" VPOS="3581" HPOS="181" STYLEREFS="StyleId-805A5C29-6DE1-476B-BABD-C1A5FDAEE3AE-">
<String CONTENT="Ferber," HEIGHT="64" WIDTH="232" VPOS="3587" HPOS="181"/>
<SP HEIGHT="65" WIDTH="30" VPOS="3586" HPOS="414"/>
<String CONTENT="Nat" HEIGHT="52" WIDTH="122" VPOS="3586" HPOS="445"/>
<SP HEIGHT="54" WIDTH="28" VPOS="3584" HPOS="568"/>
<String CONTENT="Joseph," HEIGHT="65" WIDTH="240" VPOS="3581" HPOS="597"/>
<SP HEIGHT="63" WIDTH="32" VPOS="3583" HPOS="838"/>
<String CONTENT="1889-" HEIGHT="51" WIDTH="170" VPOS="3582" HPOS="871"/>
</TextLine>
<TextLine HEIGHT="73" WIDTH="1924" VPOS="3670" HPOS="256" STYLEREFS="StyleId-128C865F-9388-4FD6-B345-006D3B4CF8B4-" CS="1">
<String CONTENT="One" HEIGHT="54" WIDTH="123" VPOS="3679" HPOS="256"/>
<SP HEIGHT="54" WIDTH="33" VPOS="3677" HPOS="380"/>
<String CONTENT="happy" HEIGHT="66" WIDTH="200" VPOS="3677" HPOS="414"/>
<SP HEIGHT="69" WIDTH="36" VPOS="3673" HPOS="615"/>
<String CONTENT="Jew," HEIGHT="66" WIDTH="142" VPOS="3673" HPOS="652"/>
<SP HEIGHT="68" WIDTH="35" VPOS="3671" HPOS="795"/>
<String CONTENT="by" HEIGHT="68" WIDTH="76" VPOS="3671" HPOS="831"/>
<SP HEIGHT="69" WIDTH="31" VPOS="3670" HPOS="908"/>
<String CONTENT="Nat" HEIGHT="53" WIDTH="119" VPOS="3670" HPOS="940"/>
<SP HEIGHT="54" WIDTH="33" VPOS="3670" HPOS="1060"/>
<String CONTENT="J." HEIGHT="54" WIDTH="56" VPOS="3670" HPOS="1094"/>
<SP HEIGHT="51" WIDTH="35" VPOS="3671" HPOS="1151"/>
<String CONTENT="Ferber." HEIGHT="52" WIDTH="230" VPOS="3670" HPOS="1187"/>
<SP HEIGHT="52" WIDTH="70" VPOS="3670" HPOS="1418"/>
<String CONTENT="New" HEIGHT="52" WIDTH="139" VPOS="3670" HPOS="1489"/>
<SP HEIGHT="51" WIDTH="38" VPOS="3671" HPOS="1629"/>
<String CONTENT="York," HEIGHT="66" WIDTH="178" VPOS="3671" HPOS="1668"/>
<SP HEIGHT="64" WIDTH="37" VPOS="3673" HPOS="1847"/>
<String CONTENT="Farrar" HEIGHT="51" WIDTH="213" VPOS="3673" HPOS="1885"/>
<SP HEIGHT="50" WIDTH="36" VPOS="3676" HPOS="2099"/>
<String CONTENT="&amp;" HEIGHT="50" WIDTH="44" VPOS="3676" HPOS="2136"/>
</TextLine>
<TextLine HEIGHT="71" WIDTH="964" VPOS="3749" HPOS="184" STYLEREFS="StyleId-128C865F-9388-4FD6-B345-006D3B4CF8B4-" CS="1">
<String CONTENT="Rinehart," HEIGHT="63" WIDTH="296" VPOS="3757" HPOS="184"/>
<SP HEIGHT="67" WIDTH="31" VPOS="3753" HPOS="481"/>
<String CONTENT="incorporated" HEIGHT="69" WIDTH="401" VPOS="3749" HPOS="513"/>
<SP HEIGHT="66" WIDTH="40" VPOS="3749" HPOS="915"/>
<String CS="1" CONTENT="["/>
<String STYLE="superscript" CONTENT="c" HEIGHT="22" WIDTH="19" VPOS="3755" HPOS="972"/>
<String CONTENT="1934]" HEIGHT="65" WIDTH="153" VPOS="3750" HPOS="995"/>
</TextLine>
<TextLine HEIGHT="54" WIDTH="586" VPOS="3824" HPOS="252" CS="1">
<String CONTENT="4" HEIGHT="38" WIDTH="27" VPOS="3832" HPOS="252"/>
<SP/>
<String LANG="fr" CONTENT="p." HEIGHT="37" WIDTH="43" VPOS="3841" HPOS="306"/>
<SP HEIGHT="41" WIDTH="26" VPOS="3830" HPOS="350"/>
<String CS="1" CONTENT="l.,"/>
<SP HEIGHT="47" WIDTH="26" VPOS="3828" HPOS="423"/>
<String CONTENT="3-308" HEIGHT="43" WIDTH="147" VPOS="3825" HPOS="450"/>
<SP HEIGHT="48" WIDTH="25" VPOS="3825" HPOS="598"/>
<String CONTENT="p." HEIGHT="38" WIDTH="41" VPOS="3835" HPOS="624"/>
<SP HEIGHT="40" WIDTH="54" VPOS="3824" HPOS="666"/>
<String CS="1" CONTENT="20cm." HEIGHT="39" WIDTH="117" VPOS="3824" HPOS="721"/>
</TextLine>
<TextLine HEIGHT="57" WIDTH="1796" VPOS="3877" HPOS="185" CS="1">
<String CONTENT="&#169;" HEIGHT="50" WIDTH="51" VPOS="3884" HPOS="185"/>
<SP HEIGHT="50" WIDTH="24" VPOS="3884" HPOS="237"/>
<String CONTENT="May" HEIGHT="45" WIDTH="114" VPOS="3889" HPOS="262"/>
<SP HEIGHT="49" WIDTH="23" VPOS="3885" HPOS="377"/>
<String CONTENT="25." HEIGHT="39" WIDTH="69" VPOS="3885" HPOS="401"/>
<SP HEIGHT="38" WIDTH="24" VPOS="3885" HPOS="471"/>
<String CONTENT="1934;" HEIGHT="40" WIDTH="139" VPOS="3882" HPOS="496"/>
<SP HEIGHT="40" WIDTH="26" VPOS="3881" HPOS="636"/>
<String CONTENT="2c." HEIGHT="39" WIDTH="65" VPOS="3881" HPOS="663"/>
<SP HEIGHT="38" WIDTH="27" VPOS="3880" HPOS="729"/>
<String CONTENT="May" HEIGHT="45" WIDTH="114" VPOS="3880" HPOS="757"/>
<SP HEIGHT="47" WIDTH="23" VPOS="3878" HPOS="872"/>
<String CS="1" CONTENT="29;" HEIGHT="40" WIDTH="55" VPOS="3877" HPOS="896"/>
<SP HEIGHT="37" WIDTH="29" VPOS="3888" HPOS="978"/>
<String CONTENT="aff." HEIGHT="41" WIDTH="81" VPOS="3877" HPOS="1008"/>
<SP HEIGHT="40" WIDTH="26" VPOS="3878" HPOS="1090"/>
<String CONTENT="May" HEIGHT="46" WIDTH="113" VPOS="3878" HPOS="1117"/>
<SP HEIGHT="47" WIDTH="24" VPOS="3877" HPOS="1231"/>
<String CONTENT="26;" HEIGHT="47" WIDTH="82" VPOS="3877" HPOS="1256"/>
<SP HEIGHT="46" WIDTH="28" VPOS="3878" HPOS="1339"/>
<!-- cceid C0637F1E-6C64-1014-8713-889FF4349C01 --><String CONTENT="A" HEIGHT="38" WIDTH="40" VPOS="3878" HPOS="1368"/>
<SP HEIGHT="40" WIDTH="24" VPOS="3878" HPOS="1409"/>
<String CONTENT="71840;" HEIGHT="42" WIDTH="170" VPOS="3877" HPOS="1434"/>
<SP HEIGHT="40" WIDTH="28" VPOS="3879" HPOS="1605"/>
<String LANG="fr" CONTENT="N." HEIGHT="39" WIDTH="55" VPOS="3879" HPOS="1634"/>
<SP HEIGHT="39" WIDTH="28" VPOS="3879" HPOS="1690"/>
<String CONTENT="J." HEIGHT="39" WIDTH="42" VPOS="3879" HPOS="1719"/>
<SP HEIGHT="38" WIDTH="27" VPOS="3880" HPOS="1762"/>
<String CONTENT="Ferber." HEIGHT="40" WIDTH="191" VPOS="3880" HPOS="1790"/>
</TextLine>
<TextLine HEIGHT="108" WIDTH="1906" VPOS="3882" HPOS="252" CS="1">
<String CONTENT="Hollywood," HEIGHT="108" WIDTH="1906" VPOS="3882" HPOS="252"/>
<SP HEIGHT="50" WIDTH="30" VPOS="3940" HPOS="403"/>
<String CONTENT="Calif." HEIGHT="42" WIDTH="143" VPOS="3939" HPOS="434"/>
<SP HEIGHT="42" WIDTH="73" VPOS="3938" HPOS="578"/>
<String CONTENT="(34-13901)" HEIGHT="45" WIDTH="278" VPOS="3935" HPOS="652"/>
</TextLine>
</TextBlock>
</PrintSpace>
</Page>
</Layout>
</alto>