2350 4196
1173 4044 95 47 180

226 430 220 66 Miller,
476 431 310 64 Ingeborg,
817 429 170 54 1878-

355 504 1088 69 … Lindeby. Oslo, Gyldendal, 1933.
293 579 83 39 371
413 589 44 37 p.
524 577 115 40 20cm.

294 637 41 37 A
368 635 154 40 novel.

227 706 1981 51 © Nov. 1. 1933; 1c. Dec. 27: A-Foreign 23240: Gyldendal norsk forlag.
300 766 248 47 (34-1725;

226 884 214 63 Moore,
474 883 264 54 Clement
769 882 226 64 Clarke,
1029 882 321 53 1779-1863.

296 959 119 50 The
448 959 169 67 night
645 958 194 53 before
876 957 329 68 Christmas,
1240 958 93 52 the
1367 965 123 45 true
1525 964 153 60 story
1714 955 62 53 of
1809 956 54 50 A
1897 954 132 53 visit
2062 954 146 52 from

229 1036 81 53 St.
336 1036 295 66 Nicholas;
657 1036 140 52 with
823 1054 27 32 a
876 1035 102 51 life
1002 1035 63 52 of
1088 1036 93 52 the
1207 1036 218 65 author,
1455 1034 253 54 Clement
1735 1033 59 54 C.
1821 1033 212 66 Moore,
226 1031 1961 135 written
344 1113 75 69 by
443 1114 222 51 Arthur

692 1113 67 52 N.
786 1113 281 67 Hosking.
1127 1112 135 54 New
1289 1113 178 67 York,
1493 1112 155 52 Priv.
1678 1113 193 66 print.,
1900 1113 148 49 1933.

296 1184 1752 50 3 p. l., facsim. ([16] p.) 32, [2] p. incl. illus., ports, front. 15cm.
296 1242 258 40 Facsimile
581 1243 89 38 has
697 1243 134 39 title:
860 1244 41 37 A
926 1242 118 40 visit
1068 1243 127 38 from
1223 1243 66 40 St.
1316 1242 242 41 Nicholas.
1616 1244 73 45 By
1716 1242 216 40 Clement
1958 1242 49 40 C.
2035 1243 175 46 Moore,

286 1333 7 8 LL.
358 1333 8 8 D.;
429 1300 120 38 with
580 1299 206 48 original
818 1302 118 44 cuts,
971 1300 225 46 designed
1228 1301 95 38 and
1356 1301 241 46 engraved
1628 1301 60 45 by
1722 1299 148 46 Boyd.
1931 1299 279 48 New-York,

225 1357 60 40 H.
315 1358 63 38 M.
409 1357 303 47 Onderdonk,
740 1356 127 40 1848.

297 1414 91 41 “Of
414 1414 98 40 this
537 1414 189 40 limited
753 1414 183 39 edition
962 1414 136 39 there
1124 1423 124 30 were
1275 1424 87 29 one
1389 1414 243 39 thousand
1659 1413 171 48 copies,
1860 1414 80 38 the
1967 1413 107 40 first
2102 1413 109 48 fifty

227 1472 52 39 of
312 1472 157 39 which
507 1481 125 29 were
667 1472 158 38 bound
861 1470 50 39 in
947 1471 93 39 full
1076 1471 187 39 leather
1300 1472 95 38 and
1430 1471 82 39 the
1546 1471 269 47 remaining
1850 1470 84 40 950
1970 1471 157 47 copies
2163 1472 47 38 in

225 1529 232 47 Kroydon
481 1529 340 47 paperboards,
848 1527 240 48 privately
1116 1528 192 47 printed
1334 1529 59 46 by
1421 1528 82 39 the
1528 1528 394 46 Encyclopaedia,
1940 1527 272 41 britannica

225 1587 80 39 for
331 1587 66 40 its
423 1587 202 46 friends,
657 1585 284 48 Christmas,
971 1585 128 41 1933.

227 1658 1984 52 © Dec. 16, 1933; 2c. and aff. Dec. 20: A 69339: Arthur N. Hosking. New
296 1719 237 39 Rochelle.
612 1751 5 6 N.
648 1719 50 37 Y.
781 1714 51 50 [©
861 1717 243 39 foreword
1133 1716 93 39 and
1255 1717 81 38 the
1365 1716 109 40 Life
1503 1717 50 39 of
1584 1716 215 40 Clement
1831 1716 174 40 Clarke
2034 1716 177 45 Moore]

303 1775 248 47 (34-4045)

227 1877 277 65 Mukerji,
536 1878 173 53 Dhan
744 1879 198 63 Gopal,
979 1880 170 50 1890-

298 1956 122 51 The
451 1956 142 67 path
628 1956 63 52 of
725 1974 224 49 prayer,
984 1956 75 67 by
1094 1956 171 50 Dhan
1302 1955 188 68 Gopal
1523 1955 272 67 Mukerji.
1867 1955 138 51 New
2041 1953 177 66 York,

227 2034 67 51 E.
323 2034 65 51 P.
419 2033 222 53 Dutton
669 2037 46 49 &
743 2052 96 49 co.,
869 2035 107 51 inc.
1012 2067 12 33 [
1029 2041 17 20 c
1051 2037 150 63 1934]

296 2108 789 46 5 p. l., 17 numb. l., 1 l. 17cm.
296 2164 201 40 Printed
523 2176 60 28 on
609 2176 88 29 one
724 2164 102 41 side
856 2165 48 40 of
931 2165 99 40 leaf
1057 2176 58 29 on
1145 2166 214 46 opposite
1384 2175 159 38 pages.

296 2222 161 41 “First
490 2222 227 41 edition.”

229 2292 1983 50 © Feb. 12. 1934; 2c. and aff. Feb. 14: A 69439: E. P. Dutton & co., inc.
303 2353 248 46 (34-3923)

227 2456 145 52 New
401 2456 179 55 York.
655 2456 417 64 Metropolitan
1102 2473 269 36 museum
1400 2457 63 52 of
1491 2461 113 51 art.

225 2533 1968 147 … A loan exhibition of New York state furniture, with contemporary
598 2612 344 67 accessories,
983 2612 74 68 by
1097 2612 214 67 Joseph
1352 2613 210 52 Downs
1606 2614 111 51 and
1758 2613 159 52 Ruth
1959 2614 256 52 Ralston.

227 2688 137 53 New
397 2689 179 68 York,
610 2690 296 68 February
940 2695 28 47 3
1003 2690 248 69 through
1286 2691 173 67 April
1494 2694 83 64 22,
1614 2694 149 50 1934.
1860 2692 139 53 [New
2038 2692 177 64 York,

227 2768 312 52 Plandome
574 2786 172 49 press,
776 2769 415 67 incorporated,
1226 2772 135 48 1934]

298 2841 106 38 xxii
428 2852 58 36 p.,
512 2842 25 37 1
585 2872 23 15 l.,
633 2840 55 40 28
715 2851 58 37 p.,
800 2841 25 38 2
875 2874 8 7 l.
943 2841 169 48 plates,
1139 2841 213 40 facsims.
1412 2842 144 40 21½cm.

301 2900 64 38 At
388 2899 125 40 head
537 2899 49 40 of
610 2899 135 39 title:
780 2900 100 40 The
906 2899 342 48 Metropolitan
1270 2911 218 29 museum
1515 2901 49 39 of
1587 2904 91 36 art.

304 2954 91 41 “Of
418 2957 98 39 this
541 2956 265 48 catalogue,
833 2968 87 29 one
942 2957 241 39 thousand
1208 2957 157 47 copies
1389 2969 125 29 were
1539 2958 205 47 printed.
1774 2960 261 46 February.
2063 2961 153 39 1934.”

229 3024 1983 53 © Feb. 6. 1934; 2c. and aff. Feb. 10: A 70210; Metropolitan museum of
294 3091 89 34 art.
417 3085 116 39 New
566 3086 143 37 York.
783 3085 248 46 (34-3060)

230 3186 282 65 Nimkoff,
542 3188 203 62 Meyer
776 3188 262 54 Francis.

297 3263 1918 72 The child, by Meyer F. Nimkoff … Chicago, Philadelphia,
225 3340 1031 68 J. B. Lippincott company [ c 1934]
297 3413 62 47 ix,
401 3413 84 40 303
525 3423 42 37 p.
628 3414 113 38 21cm.

300 3469 298 48 “Readings”
630 3473 51 36 at
710 3472 90 38 end
831 3471 50 39 of
909 3472 116 38 each
1056 3471 210 47 chapter.

232 3537 1892 55 © Jan. 30. 1934; 2c. and aff. Feb. 8: A 70186; J. B. Lippincott co.
305 3597 248 46 (34-4072)

283 3698 191 65 Østbye,
501 3700 168 56 Tora.

361 3773 1569 74 … Synd skal sones: roman. Oslo, Gyldendal, 1933.
300 3844 85 41 184
420 3855 42 38 p.
525 3845 114 41 20cm.

232 3914 1961 110 © Oct. 11. 1933; 1c. Dec. 27: A-Foreign 23228: Gyldendal norsk forlag. (34-4724)
