2350 4196
1123 4007 131 49 1236

208 464 148 64 pices
397 462 63 52 of
500 463 93 52 the
635 463 206 53 Parish
883 466 108 51 and
1037 464 209 52 church
1288 463 190 52 school
1518 462 178 53 board
1738 462 63 53 of
1843 464 93 51 the
1976 463 215 53 United

206 539 291 53 Lutheran
530 541 205 52 church
774 542 57 51 in
863 542 279 51 America.
1212 539 425 68 Philadelphia,
1671 541 119 67 Pa.,
1825 541 120 52 The
1979 539 209 54 United

208 617 291 53 Lutheran
534 618 353 67 publication
921 620 170 52 house
1132 651 12 34 [c1
1204 620 102 50 934
1308 650 14 34 ]

276 691 55 40 96
358 703 43 37 p.
457 694 54 38 18
515 695 42 20 cm
564 724 6 6 .

210 745 50 50 ©
288 750 119 45 Aug.
435 749 68 39 28.
531 751 112 36 1964;
699 749 66 40 2c.
794 751 93 37 and
917 750 79 38 aff.
1027 751 118 42 Aug.
1174 749 46 37 61;
1283 750 41 36 A
1354 746 140 41 75109;
1552 750 160 37 Board
1741 750 50 37 of
1818 748 296 47 publication
2141 751 52 38 of

278 807 78 37 flic
387 805 174 39 United
592 807 245 37 Lutheran
870 807 177 38 church
1078 807 49 37 in
1156 806 233 38 America.
1422 805 350 47 Philadelphia.
289 862 277 47 (64-61465)

201 951 258 62 O’Toole,
490 953 249 51 Edward
776 953 231 62 Joseph.

277 1029 167 55 Cases
480 1031 105 50 and
625 1031 289 51 materials
948 1047 71 33 on
1056 1031 93 50 the
1181 1030 106 50 law
1324 1028 62 52 of
1423 1029 278 64 evidence,
1738 1030 69 65 by
1854 1032 241 49 Edward
2133 1031 53 52 J.

208 1105 244 54 O’Toole
488 1152 52 7 ...
614 1108 310 65 Brooklyn,
955 1111 146 49 1934.

282 1178 129 41 xxix.
442 1179 113 38 1065
585 1190 41 35 p.
687 1179 54 39 26
745 1182 43 20 cm
793 1211 8 8 .

211 1233 50 50 ©
296 1238 126 46 Sept.
452 1236 67 41 24.
549 1235 112 41 1934;
720 1237 65 38 2c.
820 1237 126 46 Sept.
977 1239 54 37 27;
1092 1236 78 39 aff.
1205 1236 124 46 Sept.
1364 1235 55 38 26;
1478 1237 39 36 A
1549 1235 141 40 76158;
1752 1236 206 39 Remsen
1988 1237 107 46 pub.
2126 1246 66 30 со.

287 1293 276 47 (34-31602)

199 1383 205 64 Patch,
436 1383 180 53 Edith
647 1385 247 61 Marion,
928 1386 167 50 1876-

283 1459 225 54 Science
534 1466 56 47 at
617 1461 179 65 home,
822 1460 71 66 by
921 1459 179 53 Edith
1130 1459 77 52 M.
1236 1458 180 52 Patch
1443 1459 112 52 and
1586 1457 277 53 Harrison
1893 1458 64 52 E.
1988 1459 202 62 Howe;

211 1540 135 50 with
373 1540 287 66 drawings
687 1539 73 67 by
787 1539 247 52 Eleanor
1063 1537 67 55 O.
1158 1537 181 53 Eadie
1367 1538 109 52 and
1504 1537 169 66 Mary
1700 1538 63 51 L.
1791 1538 201 52 Morse.
2056 1538 133 51 New

210 1616 175 67 York,
416 1617 119 51 The
565 1616 333 52 Macmillan
929 1634 293 49 company,
1254 1618 151 49 1934.

282 1688 93 40 xiv,
411 1686 85 39 450
529 1697 41 35 p.
636 1688 84 38 col.
755 1686 160 44 front.,
952 1687 126 39 illus.
1143 1687 53 38 19
1199 1689 15 21 cm
1249 1721 7 7 .
1329 1687 92 47 (On
1461 1698 141 30 cover;
1655 1687 184 39 Nature
1878 1690 90 36 and
2008 1689 183 39 science

213 1745 206 45 readers,
452 1744 120 38 book
604 1744 49 44 5)

308 1801 158 39 “Books
496 1802 47 38 to
575 1800 144 40 read”;
781 1811 40 37 p.
854 1800 215 40 424-425.

210 1858 50 50 ©
292 1862 124 46 Sept.
444 1862 53 38 18,
541 1860 106 39 1964;
710 1860 65 39 2c.
805 1861 92 37 and
926 1860 80 39 aff.
1039 1860 123 45 Sept.
1191 1858 55 39 19;
1304 1860 37 37 A
1370 1858 141 40 74986;
1569 1860 280 39 Macmillan
1877 1871 64 28 со.
288 1917 277 48 (34-31780)

204 2006 223 64 Pedler,
460 2008 323 62 Margaret.

276 2082 185 54 Green
492 2084 314 67 judgment.
889 2083 384 65 [Instalments
1306 2086 151 63 6-10]

290 2160 76 45 (In
394 2153 143 43 Mabs
564 2152 202 51 weekly,
794 2153 134 51 Sept.
956 2155 39 48 1,
1022 2155 40 48 8,
1092 2155 70 48 15,
1190 2155 70 48 22,
1290 2155 70 48 29,
1389 2155 142 48 1934)

209 2211 1981 50 © 1c. each Oct. 18, 1964; A ad int. 19454; pubd. Aug. 28. Sept, 4. 11, 18.
277 2271 52 38 25;
387 2271 293 43 Doubleday.
711 2271 164 37 Doran
903 2272 33 36 &
965 2280 79 29 со.,
1072 2271 103 38 inc..
1204 2270 193 39 Garden
1425 2270 122 47 City.
1624 2304 6 7 N.
1658 2272 51 36 Y.

205 2358 1335 70 Punch. v . 187. no. 4862. August 22, 1934.
211 2430 1980 51 © 1c. Oct. 17. 1934; A ad int. 19480; pubd. Aug. 22; Herbert Heather.
277 2491 207 38 London.

203 2577 321 64 Randolph,
556 2578 215 62 Vance,
806 2580 167 49 1892-

272 2655 121 52 The
419 2672 161 49 camp
608 2673 70 33 on
706 2654 250 52 Wildcat
984 2656 176 51 creek,
1185 2656 72 67 by
1286 2658 188 51 Vance
1504 2656 302 67 Randolph;
1869 2655 318 54 illustrated

201 2733 73 68 by
309 2732 255 52 Howard
601 2730 209 55 Simon.
889 2732 135 51 New
1061 2733 176 52 York.
1272 2736 68 50 A.
1378 2735 66 50 A.
1481 2733 223 67 Knopf.
1741 2737 146 47 1934.

273 2806 79 45 vii,
388 2804 187 50 [1]-210,
611 2805 53 48 [2]
699 2815 41 36 p.
801 2804 125 39 illus.
989 2805 54 39 19½
1075 2808 42 20 cm
1124 2839 6 6 .

275 2862 286 39 Illustrated
592 2863 96 45 t.-p.
720 2861 94 39 and
844 2860 357 48 lining-papers.

276 2918 161 40 “First
465 2916 225 41 edition.”

210 2972 50 50 ©
295 2976 124 46 Sept.
451 2974 67 39 24.
551 2973 111 39 1964;
722 2975 65 37 2c.
818 2973 92 39 and
943 2973 79 39 aff.
1058 2975 122 46 Sept.
1215 2975 53 38 27;
1329 2977 39 36 A
1401 2976 141 39 76175;
1603 2976 169 39 Alfred
1806 2978 52 37 A.
1890 2976 178 45 Knopf,
2101 2976 86 38 inc.

287 3032 276 46 (34-31447)

275 3117 191 54 Ozark
497 3117 294 66 outdoors;
827 3117 248 68 hunting
1108 3120 111 50 and
1252 3118 209 70 fishing
1496 3120 198 52 stories
1730 3120 62 51 of
1826 3120 93 51 the
1956 3117 235 66 Ozarks,

205 3194 71 68 by
316 3196 187 51 Vance
538 3194 308 67 Randolph
886 3195 110 51 and
1035 3194 130 68 Guy
1202 3196 88 52 W.
1330 3197 127 52 Von
1499 3196 261 55 Schriltz.
1836 3197 135 50 New
2013 3195 177 67 York,

205 3272 118 52 The
359 3272 312 67 Vanguard
700 3289 173 49 press,
908 3274 147 50 1934.

276 3343 1320 49 8 p. l., 6-299 p. incl. front, plates, ports. 23½ cm .
279 3401 135 45 Maps
445 3412 56 26 on
535 3400 343 46 lining-papers;
938 3400 310 47 frontispiece
1280 3404 234 38 extended
1549 3407 46 36 to
1634 3405 119 36 form
1788 3403 271 39 illustrated
2097 3408 93 40 t.-p.

210 3455 49 50 ©
295 3461 125 44 Sept.
451 3460 66 37 14.
550 3459 110 37 1964;
720 3459 64 37 2c.
820 3458 125 46 Sept.
977 3459 50 36 21;
1092 3459 79 39 aff.
1205 3460 126 47 Sept.
1362 3460 54 40 18;
1475 3463 39 37 A
1544 3462 142 38 76094;
1746 3463 260 44 Vanguard
2040 3470 147 39 press,

280 3517 87 38 inc.
440 3516 275 38 (34-31811)

202 3602 161 61 Reid,
397 3601 273 65 Thomas,
710 3606 119 48 1881-

275 3680 1732 59 Where white and brown meet, by T. Reid. C . M. G. [London]
207 3755 214 53 Trefoil
462 3756 330 67 publishing
823 3774 278 48 company
1158 3763 148 61 [1934]

278 3829 84 39 628
395 3840 39 35 p.
495 3829 113 38 19cm.

210 3884 1974 51 © 1c. Sept. 16. 1964; A ad int. 19371; pubd. July 16; T. Reid. London.
289 3943 275 40 (34-31804)
