2350 4196
1062 4018 121 38 1291

149 357 282 66 Canning,
459 358 223 57 Victor.

217 434 110 53 Mr.
371 433 278 70 Finchley
694 436 282 52 discovers
1022 435 89 52 his
1156 434 288 69 England,
1490 433 74 69 by
1610 434 204 53 Victor
1860 433 282 69 Canning.

147 511 256 68 London,
429 511 242 53 Hodder
700 513 110 53 and
845 511 342 70 Stoughton,
1218 513 151 52 1934.

219 582 85 42 352
333 595 44 38 p.
436 583 57 42 20½
525 587 44 21 cm
574 617 9 8 .

268 651 61 37 Map
360 652 60 29 on
451 641 335 48 lining-paper.

151 695 51 51 ©
226 700 65 40 1c.
320 700 126 47 Sept.
471 699 69 42 22,
566 699 113 41 1934;
733 702 41 38 A
800 701 60 39 ad
885 701 84 40 int.
997 700 168 47 19398;
1195 701 138 47 pubd.
1398 701 82 46 July
1506 699 53 40 26;
1615 701 51 38 V.
1697 700 232 48 Canning.
1959 701 183 39 March.

218 756 187 48 Cambs,
436 758 233 46 England.
744 757 278 48 (34-33278)

142 845 337 66 Carothers,
517 848 150 66 Neil,
707 852 171 48 1884-

216 924 1929 70 Experimenting with our money, by Neil Carothers … New
147 1003 178 66 York,
354 1004 217 52 Farrar
597 1006 46 50 &
670 1005 300 67 Rinehart,
997 1005 399 67 incorporated
1434 1038 12 33 [
1451 1011 18 22 c
1475 1007 135 50 1934]

215 1078 60 44 vi,
303 1077 53 39 57
382 1088 42 36 p.
486 1076 54 40 19
545 1079 42 20 cm
593 1110 7 7 .
673 1079 96 43 (On
796 1090 162 29 cover:
982 1079 101 38 The
1108 1078 182 39 Farrar
1316 1078 32 39 &
1426 1078 192 39 Rinehart
1642 1078 273 48 pamphlets.
1985 1090 74 29 no.
2084 1080 52 48 3)

219 1134 127 39 “The
384 1144 143 29 seven
568 1135 196 40 articles
803 1135 255 48 published
1096 1136 113 38 here
1248 1145 83 29 are
1370 1136 113 46 part
1521 1134 50 39 of
1610 1145 26 28 a
1676 1134 151 41 series
1867 1135 51 39 of
1955 1135 189 41 sixteen

145 1191 197 40 articles
376 1191 109 39 that
519 1191 122 40 have
676 1193 241 46 appeared
951 1192 48 38 in
1033 1193 80 38 the
1150 1191 196 47 Sunday
1379 1190 252 48 magazine
1663 1191 55 40 of
1749 1192 81 39 the
1863 1191 118 41 New
2013 1193 131 39 York

146 1249 168 39 herald
353 1248 194 39 tribune
585 1250 95 38 and
719 1248 403 48 simultaneously
1158 1248 49 39 in
1246 1248 141 40 other
1422 1247 272 41 associated
145 1248 1999 97 newspapers.”—Foreword.

152 1358 52 52 ©
241 1361 127 49 Sept.
406 1361 68 41 24.
511 1362 114 40 1934;
690 1363 66 40 2c.
796 1363 125 47 Sept.
958 1361 81 48 26;
1080 1362 79 39 aff.
1200 1361 125 48 Sept.
1364 1361 82 47 25;
1486 1361 41 39 A
1562 1362 170 43 76174;
1773 1363 55 41 N.
1867 1363 276 47 Carothers,

217 1420 297 47 Bethlehem,
546 1420 82 38 Pa.
701 1418 278 49 (34-32709)

149 1502 392 67 Chamberlin,
577 1503 255 56 William
868 1507 221 62 Henry,
1128 1505 169 53 1897-

146 1582 1973 148 Russia’s iron age, by William Henry Chamberlin … Boston, Little, Brown, and company, 1934.
218 1736 50 38 ix
292 1747 56 37 p.,
376 1736 24 40 3
447 1766 21 17 l.,
499 1735 174 49 [3]-400
699 1746 40 37 p.
795 1736 162 46 front.,
984 1736 170 47 plates,
1181 1737 150 47 ports.
1385 1735 56 40 22½
1475 1739 43 20 cm
1525 1769 7 7 .

151 1789 50 51 ©
232 1793 101 40 Oct.
361 1793 68 46 15,
458 1792 114 41 1934;
629 1792 65 40 2c.
725 1794 95 38 and
852 1792 80 41 aff.
964 1792 99 41 Oct.
1095 1792 54 40 16;
1208 1793 40 38 A
1278 1793 170 47 75801;
1482 1793 162 47 Little,
1677 1794 190 41 Brown,
1900 1796 95 37 and
217 1806 1910 91 company.
430 1848 279 48 (34-27291)

141 1937 267 67 Clayton,
443 1940 239 64 Joseph,
720 1943 169 49 1868-

216 2018 120 52 The
383 2019 331 53 Protestant
760 2017 376 54 reformation
1182 2018 59 51 in
1288 2019 179 55 Great
1511 2018 249 68 Britain,
1805 2020 73 67 by
1924 2020 214 67 Joseph

147 2096 1996 69 Clayton … Milwaukee [etc.] The Bruce publishing company
153 2206 13 34 [
171 2181 16 20 c
193 2178 134 49 1934
332 2209 12 33 ]

219 2248 123 40 xviii
368 2258 57 38 p.,
453 2248 25 39 1
528 2279 22 16 l.,
580 2247 85 40 252
694 2259 42 36 p.
797 2247 55 40 22
856 2250 43 21 cm
906 2281 7 7 .
985 2247 297 48 (Half-title:
1314 2248 194 41 Science
1539 2249 94 39 and
1663 2249 189 39 culture
1880 2249 175 47 series)

222 2303 68 43 “A
313 2306 113 40 note
452 2316 60 28 on
539 2305 350 40 authorities”:
919 2316 42 37 p.
988 2305 216 43 243-245.

151 2358 53 52 ©
234 2364 125 47 Sept.
391 2364 37 41 6,
457 2362 141 48 1934;
628 2362 66 42 2c.
725 2364 94 39 and
850 2363 81 40 aff.
965 2363 127 48 Sept.
1122 2364 79 46 17;
1234 2364 41 38 A
1303 2363 170 48 74944;
1507 2365 157 39 Bruce
1693 2365 109 47 pub.
1832 2376 66 28 co.

227 2420 279 48 (34-32534)

141 2491 289 68 Clemans,
462 2495 255 52 Hershel
748 2494 161 65 Levi,
945 2497 171 50 1902-

214 2570 121 54 The
363 2575 120 48 star
509 2570 201 69 guide;
740 2589 31 34 a
802 2571 276 68 practical
1107 2571 204 69 pocket
1339 2573 171 69 guide
1543 2571 94 54 for
1666 2572 134 54 field
145 2572 1977 127 identification
304 2649 109 52 and
455 2649 173 67 study
664 2648 65 53 of
767 2649 98 52 the
903 2649 441 67 constellations,
1385 2650 74 69 by
1498 2650 79 53 H.
1618 2651 65 52 L.
1727 2649 265 55 Clemans
2033 2651 113 53 and

146 2725 64 54 F.
244 2727 67 52 E.
343 2726 175 69 Gray.
579 2726 164 54 With
776 2730 64 48 83
873 2727 202 68 plates,
1107 2727 173 53 white
1313 2728 290 69 diagrams
1637 2747 71 35 on
1741 2727 184 70 black,
147 2746 1976 128 representing
402 2808 63 49 65
493 2804 440 55 constellations.
999 2805 229 67 Fulton,
1257 2805 150 69 Ind.,
1439 2809 151 50 1934.

221 2878 51 38 xi
298 2887 57 39 p.,
386 2879 23 38 1
459 2909 22 16 l.,
511 2877 88 40 139
624 2887 43 37 p.
696 2877 108 41 incl.
834 2876 164 50 front.,
1030 2878 177 47 diagrs.
1268 2877 149 42 9×15½
1450 2881 46 22 cm
1500 2911 7 7 .

222 2932 72 41 On
325 2945 166 30 cover:
526 2934 101 39 The
661 2935 107 38 star
797 2934 171 47 guide;
1004 2934 65 40 all
1102 2935 233 40 northern
1370 2936 380 48 constellations,
1786 2938 93 40 and
1916 2938 231 39 southern

150 2991 363 41 constellations
543 2993 48 38 to
619 2990 174 40 within
821 2990 80 40 40°
933 2990 53 40 of
1012 2992 82 39 the
1126 2990 152 42 South
1304 2992 121 47 pole.

153 3045 51 51 ©
230 3050 119 48 Aug.
375 3050 40 46 3,
445 3049 114 41 1934;
617 3049 65 40 2c.
713 3050 96 38 and
839 3048 80 40 aff.
951 3049 118 47 Aug.
1101 3050 25 39 6;
1185 3051 39 38 A
1253 3051 143 40 73765;
1455 3053 60 38 H.
1546 3053 50 40 L.
1629 3052 224 41 Clemans
1885 3055 95 38 and
2010 3054 49 38 F.
2092 3055 51 38 E.

219 3106 141 48 Gray,
391 3107 191 46 Fulton,
614 3108 102 37 Ind.
790 3104 279 51 (34-28970)

144 3178 321 68 Coleridge,
496 3181 236 54 Samuel
760 3180 232 63 Taylor,
1027 3181 324 55 1772-1834.

215 3260 122 53 The
382 3260 124 53 best
553 3258 66 54 of
666 3258 321 69 Coleridge,
1038 3259 189 55 edited
1277 3261 142 53 with
1470 3280 74 35 an
1592 3262 391 55 introduction
2035 3265 113 53 and

148 3335 1996 72 notes by Earl Leslie Griggs … New York, T. Nelson and
146 3433 143 50 sons,
326 3418 151 52 1934.

220 3496 145 40 xxxv,
395 3487 84 40 722
510 3497 43 38 p.
614 3486 55 41 19
673 3489 43 21 cm
721 3518 7 7 .
804 3486 299 49 (Half-title:
1130 3487 179 41 Nelson
1340 3489 205 49 English
1576 3490 163 48 series,
1772 3490 53 42 E.
1858 3491 288 50 Bernbaum,

151 3544 189 43 general
369 3544 181 46 editor)

155 3597 48 51 ©
234 3603 125 47 Sept.
385 3604 68 45 14,
481 3601 114 40 1934;
651 3602 65 40 2c.
744 3603 94 38 and
865 3601 81 40 aff.
978 3602 127 48 Sept.
1132 3602 58 40 29;
1244 3604 42 39 A
1311 3604 170 48 76217;
1512 3606 210 40 Thomas
1749 3608 177 40 Nelson
1956 3609 38 39 &
2020 3620 111 30 sons

232 3659 276 47 (34-32916)

147 3728 298 70 Costigan,
478 3735 227 61 George
735 3733 247 65 Purcell,
1015 3731 170 56 1870-

222 3810 1861 79 Cases on the law of contracts, by George P. Costigan, jr, …
154 3890 68 54 3d
256 3908 82 34 ed.
416 3891 267 68 Chicago,
716 3892 121 53 The
867 3892 368 56 Foundation
1263 3913 174 49 press,
1470 3895 124 65 inc.,
1628 3900 150 50 1934.
