2350 4196
1157 4014 134 47 1454

309 455 142 39 Tales
487 455 50 38 of
573 455 196 38 modern
805 454 222 40 miracles
1064 457 92 37 and
1193 454 299 39 witcheries:
1532 454 292 38 adventures
1860 452 50 38 of
1949 451 150 40 Satan
2133 454 92 38 and

239 511 219 39 Jehovah
487 511 49 38 in
567 511 116 38 New
712 511 143 40 York.

311 566 160 40 "First
505 566 225 40 edition."

246 619 1981 50 © Oct. 24. 1934: 2c. and aff. Oct. 31: A 76815: D. Marquis. New York.
324 678 276 47 (34-36583)

244 752 118 53 The
405 755 279 63 Meaning
727 755 62 50 of
831 757 186 63 Marx,
1061 774 30 32 a
1133 755 366 66 symposium,
1542 753 71 65 by
1659 754 284 51 Bertrand
2046 753 182 65 Russell,
311 830 156 53 John
501 830 228 67 Dewey,
765 830 210 54 Morris
1014 832 210 66 Cohen,

1263 830 214 66 Sidney
1518 830 168 51 Hook
1780 830 96 65 [and]
1922 829 305 54 Sherwood
312 908 189 66 Eddy.
570 908 138 52 New
745 908 177 66 York,
958 910 214 51 Farrar
1205 911 44 49 &
1281 908 299 64 Rinehart,
1613 907 396 66 incorporated
2054 910 170 63 [1934]

312 979 617 49 vi p., 2 l. 144 p. 21 cm .
298 1035 99 41 The
436 1035 200 41 Modern
672 1036 259 46 monthly’s
968 1038 291 45 symposium
1298 1036 50 40 of
1386 1036 148 48 April,
1574 1036 126 40 1934.
1739 1047 125 36 upon
1904 1037 149 45 "Why
2093 1037 18 37 I
2153 1047 75 29 am

243 1095 82 37 not
362 1104 27 28 a
426 1093 315 40 communist’’
779 1094 95 37 and
912 1094 177 45 Sidney
1126 1093 178 39 Hook's
1340 1092 147 48 reply,
1524 1102 82 29 are
1642 1093 113 39 here
1792 1093 320 47 republished.

650 1149 72 39 CONTENTS.—An
771 1149 327 39 introduction
1146 1153 48 36 to
1241 1149 80 38 the
1370 1149 143 46 study
1562 1148 49 39 of
1661 1147 154 46 Marx,
1865 1149 57 46 by
1971 1150 255 40 Sherwood

245 1206 312 45 Eddy.—The
587 1205 225 48 meaning
843 1205 49 40 of
923 1205 153 46 Marx,
1108 1206 59 45 by
1199 1204 175 47 Sidney
1407 1204 340 47 Hook.—Why
1781 1205 18 37 I
1833 1215 76 29 am
1940 1209 82 36 not
2052 1216 27 30 a
243 1217 1967 85 communist:
521 1295 6 8 A.
563 1261 242 41 Bertrand

839 1261 204 40 Bussell,
1134 1293 8 7 B.
1174 1260 125 41 John
1332 1261 189 46 Dewey,
1583 1270 38 29 c.
1656 1261 174 40 Morris
244 1260 1967 98 Cohen.—Communism
479 1318 444 48 without,dogmas,
954 1327 27 30 a
1012 1318 131 47 reply
1174 1318 54 44 by
1263 1316 177 47 Sidney
1469 1316 151 40 Hook.

247 1373 50 50 ©
330 1377 99 39 Oct.
460 1376 67 39 22.
559 1376 139 39 1934:
731 1374 63 40 2c.
828 1374 100 41 Oct.
959 1375 79 38 25:
1104 1374 50 39 aff.
1186 1374 98 38 Oct.
1315 1374 81 38 33:
1429 1374 41 37 A
1500 1375 167 37 75917:
1703 1375 179 38 Farrar
1913 1375 35 39 &
1978 1375 250 40 Rinehart,

312 1434 89 38 inc.
473 1432 277 47 (34-36567)

243 1505 1987 132 Michigan digest. October. 1934. cumulative pamphlet … with table of statutes
876 1584 314 53 construed.
1265 1583 80 54 St.
1385 1585 162 51 Paul.
1584 1585 158 51 West
1780 1584 334 68 publishing
2152 1604 77 34 co.

319 1697 12 32 [
337 1670 16 21 c
359 1666 135 49 1934
498 1696 12 33 ]

314 1737 53 39 72
397 1748 42 35 p.
496 1737 55 37 24
554 1739 43 19 cm
605 1771 6 5 .

248 1790 50 50 ©
327 1794 101 39 Oct.
456 1794 68 39 16.
552 1791 113 41 1934:
723 1791 65 39 2c.
818 1793 90 37 and
940 1791 77 38 aff.
1047 1792 117 40 Nov.
1190 1792 53 36 22:
1303 1793 40 37 A
1373 1792 166 45 78236;
1568 1793 135 39 West
1733 1793 107 46 pub.
1870 1803 65 29 co.

244 1856 237 63 Nelson,
509 1855 92 55 Al.
627 1855 63 56 P.

248 1932 1977 144 The Slash 44, by Al. P. Nelson … New York, Phoenix press [ c 1934]
316 2081 60 47 vi,
405 2080 114 40 9-258
577 2091 42 37 p.
680 2080 83 42 194
766 2083 42 21 cm
816 2113 7 6 .

249 2137 1704 50 © Nov. l. 1934: 2c. and aff. Nov. 6: A 77092: Phoenix press.
326 2196 278 47 (34-36562)

245 2256 171 54 Nida.
445 2255 254 55 William
729 2256 208 61 Lewis,
971 2259 169 49 1874-

244 2330 1982 135 Pilots and pathfinders, by William L. Nida … and Stella H. Nida. New
763 2408 178 67 York,
973 2409 120 53 The
1124 2410 331 53 Macmillan
1487 2429 295 49 company.
1818 2415 146 48 1934.

312 2484 63 42 xi,
404 2484 84 38 411
517 2493 41 37 p.
620 2483 86 39 col.
734 2483 162 46 front.,
926 2483 141 45 illus.,
1097 2483 83 40 col.
1211 2484 170 47 plates.
1443 2483 54 40 19
1500 2487 43 20 cm
1549 2517 7 7 .

315 2539 292 48 “Reprinted
635 2538 119 40 with
782 2539 305 47 corrections,
1118 2538 214 49 October,
1362 2539 156 41 1934.”

315 2595 187 40 “Books
527 2606 93 36 you
646 2595 99 39 will
769 2594 125 41 like”
921 2597 51 38 at
996 2595 90 39 end
1113 2596 51 39 of
1187 2604 129 31 some
1341 2596 51 39 of
1418 2597 80 39 the
1525 2597 239 47 chapters.

249 2648 50 51 ©
336 2653 101 38 Oct.
469 2651 68 42 30,
571 2651 138 39 1934:
746 2651 64 41 2c·.
846 2653 90 37 and
975 2651 79 39 aff.
1090 2651 97 40 Oct.
1224 2653 80 38 31:
1342 2654 40 37 A
1418 2652 166 40 76850:
1623 2653 280 39 Macmillan
1940 2664 66 29 co.
316 2654 1898 101 [Copyright
471 2709 40 38 is

536 2708 201 39 claimed
763 2718 58 28 on
849 2718 104 29 new
980 2709 93 37 and
1103 2709 184 38 revised
1315 2709 241 48 material]
1630 2710 253 47 (34-36593
1901 2721 7 32 )

246 2768 263 65 O’Brien,
541 2770 202 52 James
770 2770 283 63 Bernard,
1087 2773 167 49 1876-

316 2842 195 54 Christ
535 2844 59 51 in
619 2845 94 51 the
739 2861 214 51 rosary,
979 2844 74 68 by
1078 2845 135 52 Rev.
1242 2846 193 53 James
1462 2849 65 50 B.
1558 2846 265 55 O’Brien.
1888 2848 136 51 New
2054 2848 178 67 York,
246 2919 326 54 Cincinnati

608 2926 135 61 [etc.]
779 2921 278 69 Benziger
1084 2922 273 69 brothers,
1390 2927 148 50 1934.

316 2993 83 39 240
425 3004 41 36 p.
493 2994 107 41 incl.
627 2994 161 46 front.,
815 2994 125 39 illus.
1002 2994 169 47 plates.
1231 2995 54 39 19
1289 2997 43 21 cm
1338 3029 7 6 .

250 3048 49 50 ©
331 3053 110 45 Apr.
471 3054 39 38 4.
539 3051 109 40 1934:
711 3052 63 37 2c.
812 3053 125 45 Sept.
969 3052 79 41 20:
1083 3054 79 37 aff.
1194 3055 118 44 Aug.
1344 3056 53 37 17:
1461 3057 37 37 A
1529 3055 167 42 76015:
1732 3057 232 41 Benziger
1995 3057 123 39 lrros.

327 3108 276 45 (34-36419)

248 3169 146 52 Ohio
434 3169 457 66 jurisprudence:
935 3171 339 52 cumulative
1314 3175 358 64 supplement
1712 3182 56 44 to
1809 3177 248 49 volumes
2101 3178 131 49 1-34

378 3246 1852 73 … For use during· 1935. Rochester. N. Y.. The Lawyers
317 3323 376 67 co-operative
728 3323 332 67 publishing
1094 3345 291 47 company.
1424 3333 147 48 1934.

317 3398 53 37 34
398 3408 38 25 v.
495 3396 53 38 24
552 3398 43 20 cm
602 3431 6 5 .

318 3453 152 38 These
501 3453 270 46 pamphlets
804 3464 83 28 are
920 3456 46 36 to
998 3455 57 37 he
1080 3455 135 39 fitted
1249 3457 100 38 into
1382 3459 81 39 the
1493 3460 196 45 pockets
1720 3463 50 35 at
1802 3460 80 39 the
1915 3460 120 39 back
2068 3460 49 37 of
2149 3460 81 39 the

249 3509 211 38 volumes
489 3509 49 38 of
566 3510 78 37 the
671 3512 71 36 set
771 3515 46 34 to
845 3510 155 39 which
1029 3512 112 45 they
1169 3513 180 47 belong.

251 3561 50 50 ©
334 3566 115 37 Nov.
480 3566 66 38 20.
578 3564 137 40 1934:
751 3567 63 36 2c.
848 3568 114 37 each
995 3566 116 40 Nov.
1141 3568 51 37 23;
1253 3569 80 41 aff.
1364 3571 116 39 Nov.
1513 3572 80 38 22:
1628 3573 42 38 A
1698 3572 166 40 77339:
1900 3573 227 45 Lawyers
318 3582 1894 86 cooperative
590 3623 106 45 pub.
728 3635 64 26 co.

248 3683 328 63 Partridge,
608 3684 280 62 Bellamy.

376 3759 1776 73 … Pure and simple. New York, W. Godwin, inc. [c1934]
320 3829 83 42 272
433 3839 41 37 p.
535 3830 55 40 19½
622 3834 41 20 cm
671 3864 7 7 .

251 3885 50 50 ©
339 3890 98 37 Oct.
473 3890 68 37 30.
574 3888 136 40 1934:
748 3888 64 40 2c.
847 3890 115 38 Nov.
999 3891 49 37 5:
1086 3891 79 40 aff.
1198 3893 117 41 Nov.
1350 3895 51 40 1:
1439 3896 40 37 A
1516 3894 166 41 76917:
1721 3898 50 36 B.
1809 3896 268 44 Partridge,
2114 3896 113 38 New

319 3946 141 37 York.
532 3946 251 46 (34-36547)
