2350 4196
0 0 0 0 908
219 382 269 52 Harvard
524 381 348 64 university.
951 384 286 51 Graduate
1270 385 189 50 school
1490 385 61 62 of
1584 391 116 45 arts
1733 386 112 50 and
1876 385 253 52 sciences.

347 458 1852 69 … Summaries of theses accepted in partial fulfilment of the
215 535 1925 70 requirements for the degree of doctor of philosophy, 1933 …
216 613 359 67 Cambridge.
607 615 119 50 The
757 615 352 55 University,
1142 619 148 49 1934.

287 698 44 35 x,
359 687 84 40 396
471 699 41 35 p.
570 687 145 38 22½cm.

222 740 50 50 ©
305 744 114 47 July
449 745 38 40 2,
520 744 138 39 1934;
693 743 66 39 2c.
792 744 114 47 July
936 744 81 41 19;
1052 744 81 39 aff.
1167 745 112 46 July
1312 745 80 45 17;
1428 745 40 37 A
1502 744 166 46 74269;
1704 744 257 40 President
1991 747 95 37 and
291 745 1895 95 fellows
437 801 49 39 of
514 801 228 38 Harvard
770 802 189 46 college,
990 801 296 47 Cambridge,
1318 802 131 38 Mass.

218 919 180 64 Hoek,
430 919 204 62 Henry
664 916 272 65 William,
970 919 168 52 1878-

349 995 1852 57 … Skiheil, kamerad! Skikurs für eine freundin; mit
220 1074 383 68 zeichnungen
648 1092 109 35 von
800 1075 169 51 Hella
1012 1074 218 54 Jacobs.
1307 1075 320 67 Hamburg,
1669 1075 294 54 Gebriider
2005 1077 197 50 Enoch

225 1185 12 32 [
243 1159 17 21 c
265 1157 134 48 1934
402 1188 13 32 ]

292 1223 68 51 79,
394 1226 53 49 [1]
479 1237 41 36 p.
581 1225 128 40 illus.
769 1226 53 39 19
827 1228 43 20 cm
876 1258 7 7 .

292 1282 64 40 At
382 1284 124 38 head
533 1283 51 39 of
611 1283 107 39 title
738 1293 7 28 :
775 1283 166 47 Henry
970 1284 152 38 Hoek.

294 1338 67 43 “2.
390 1338 234 49 auflage.”

222 1394 1982 51 © Jan. l. 1934; 1c. June 14; A-Foreign 24871; Gebrüder Enoch verlag.
304 1454 277 49 (34-20244)

246 1574 244 61 [Hoopes,
523 1573 255 52 Penrose
812 1574 49 51 R]

221 1646 1959 132 … Early clockmaking in Connecticut. [New Haven] Published
442 1725 91 52 for
573 1726 93 51 the
705 1726 416 67 Tercentenary
1160 1725 355 52 commission
1552 1725 75 68 by
1665 1726 95 51 the
1800 1725 146 52 Yale
221 1725 1961 145 university
358 1822 174 49 press,
563 1806 149 49 1934.

292 1875 742 47 cover-title, 26 p.. 2 l. 23 cm .
294 1932 63 40 At
388 1934 123 38 head
544 1932 50 39 of
625 1932 108 39 title:
793 1932 357 44 Tercentenary
1181 1930 305 40 commission
1519 1931 50 40 of
1602 1933 81 38 the
1718 1932 127 39 state
1880 1931 50 39 of
223 1930 1969 100 Connecticut.

375 1987 284 41 Committee
690 1999 57 28 on
777 1988 250 40 historical
1056 1988 335 47 publications.

293 2044 807 47 By Penrose R. Hoopes. of. p. l.
226 2099 50 51 ©
313 2104 126 39 June
474 2103 67 46 12,
577 2102 140 40 1934;
755 2103 66 39 2c.
859 2102 124 39 June
1018 2102 81 45 20;
1137 2102 80 40 aff.
1256 2103 125 40 June
1416 2102 80 45 19;
1536 2102 40 38 A
1615 2103 166 39 73135:
1822 2103 49 39 P.
1909 2102 53 38 R.
2001 2103 205 46 Hoopes,

291 2159 351 48 Philadelphia.
718 2159 277 47 (34-20414)

220 2277 262 62 Hughes,
513 2278 131 62 Ray
673 2277 248 63 Osgood,
953 2277 169 53 1879-

292 2352 1855 68 Problems of American democracy, by B., O. Hughes …
226 2430 228 54 Boston,
481 2431 137 51 Yew
647 2430 161 52 York
857 2435 117 61 [etc.]
1009 2430 178 51 Allyn
1215 2430 111 52 and
1356 2431 193 51 Bacon
1624 2433 149 62 [c1934]

294 2513 65 29 xx
382 2514 56 37 p..
463 2505 26 37 1
551 2535 7 7 l..
586 2503 84 40 616
696 2513 55 36 p.,
778 2504 23 37 1
864 2535 7 6 l..
899 2504 54 39 32
979 2513 43 36 p.
1084 2503 139 46 illus.,
1251 2503 176 46 diagrs.
1488 2501 55 40 19½
1577 2505 42 20 cm
1624 2536 8 5 .

296 2559 290 41 “Reference
614 2558 253 46 readings”
887 2570 7 27 :
925 2569 42 36 p.
997 2558 143 40 24-26
1169 2560 50 38 at
1248 2560 104 40 end.

226 2613 50 51 ©
305 2619 115 45 July
446 2618 38 45 6,
511 2618 139 45 1934;
679 2617 66 40 2c.
775 2618 114 45 July
917 2617 52 39 13
989 2628 7 34 ;
1028 2616 80 40 aff.
1138 2617 116 47 July
1279 2617 80 46 16;
1391 2617 42 38 A
1458 2617 168 39 73469;
1659 2617 54 38 R.
1744 2617 50 39 O.
1823 2617 212 46 Hughes,
296 2616 1894 106 Pittsburgh.

528 2674 279 49 [Copyright
834 2674 40 39 is
904 2674 202 39 claimed
1136 2683 58 29 on
1223 2675 222 47 changes]
1519 2673 277 47 (34—20408)

223 2792 170 65 Hurt,
427 2793 202 52 Huber
657 2789 272 64 Y/illiam,
962 2794 168 49 1883-

293 2867 1854 61 The influencing of character, by Huber William Hurt …
225 2944 359 69 Hollywood,
615 2945 143 55 Fla.,
785 2946 120 51 The
938 2944 227 68 College
1194 2945 128 51 blue
1352 2945 147 52 book
1531 2962 277 50 company
1847 2977 12 33 [
1864 2950 17 21 c
1887 2947 133 48 1934
2025 2976 11 33 ]

294 3017 83 42 223
412 3029 42 36 p.
516 3019 150 44 diagr.
727 3017 54 39 22
787 3020 42 21 cm

297 3074 222 41 Includes
550 3074 386 47 bibliographies.

228 3128 50 51 ©
310 3134 77 38 May
452 3133 67 39 24.
551 3133 114 40 1934
684 3144 7 28 :
724 3133 66 39 2c.
823 3132 124 39 June
979 3132 80 40 11:
1094 3131 81 40 aff.
1207 3132 124 39 June
1364 3132 50 40 9;
1449 3133 40 38 A
1521 3133 166 39 74177:
1723 3133 58 38 H.
1815 3133 68 37 W.
1918 3132 142 45 Hurt,
2094 3130 115 38 New

298 3191 142 37 York.
513 3190 277 46 (34-20221)

222 3307 261 52 Indiana.
558 3308 181 55 Laws,
771 3313 255 49 statutes,
1059 3313 96 45 etc.

292 3384 329 51 Annotated
662 3383 244 52 Indiana
949 3387 252 48 statutes.
1244 3386 149 48 1933.
1435 3383 330 65 containing
1804 3382 76 52 all
1921 3387 115 46 acts
2076 3381 61 50 of
2176 3400 29 32 a

224 3462 226 66 general
485 3462 110 52 and
630 3460 189 68 public
853 3467 199 45 nature
1085 3461 59 50 in
1176 3460 154 52 force
1365 3461 328 64 September
1728 3468 44 51 1,
1808 3463 148 49 1933,
221 3459 1960 146 including

365 3541 115 49 also
520 3540 94 50 the
655 3544 141 46 state
840 3539 111 51 and
993 3537 218 52 federal
1251 3539 415 52 constitutions,
1707 3545 158 45 court
1907 3539 148 49 rules
2096 3536 111 51 and

224 3617 208 50 certain
461 3617 236 51 selected
726 3616 217 52 federal
970 3618 151 49 laves,
1150 3616 73 49 all
1250 3617 334 52 completely
1612 3615 320 52 annotated.
1996 3614 211 52 Edited

223 3694 34 50 by
338 3694 280 51 Harrison
663 3696 205 49 Burns,
911 3693 210 51 revised
1168 3693 33 50 by
1285 3693 304 52 Beniamin
1630 3695 64 49 F.
1737 3696 252 50 Watson.
2068 3691 138 53 This

225 3768 1982 69 edition by the publisher's editorial staff … v. 6 [Corporations
221 3853 59 45 to
341 3847 318 54 Education]
780 3847 412 67 Indianapolis.
1253 3848 118 52 The
1432 3847 438 53 Bobhs-Merrill
1931 3863 275 50 company

229 3959 12 32 [
247 3931 15 21 C
268 3929 150 62 1934]
