2350 4196
1145 4007 132 48 1410

294 451 119 64 Newark,
450 449 184 69 Soney
663 455 46 48 &
741 449 146 69 Sage
921 467 303 52 company:
1263 448 81 54 St.
1379 452 165 51 Paul.
1575 452 155 50 West
1764 448 333 68 publishing
2130 468 75 33 co.

301 530 190 65 [c1934]

289 602 86 39 175
401 612 43 37 p.
500 601 56 37 24
559 603 43 20 cm
609 634 6 6 .

225 654 56 51 ©
314 658 126 46 Sept.
473 658 68 41 25,
575 656 139 47 1934;
749 658 65 38 2c.
849 659 114 37 Nov.
998 659 50 38 3:
1084 657 80 41 aff.
1199 657 101 38 Oct.
1334 657 48 37 11:
1451 657 37 37 A
1521 655 167 40 78038:
1729 658 153 45 Soney
1916 655 34 38 &
1985 655 120 46 Sage
2137 663 66 32 co.

295 716 93 38 and
414 714 133 40 West
575 715 106 46 pub.
710 725 64 28 co.

216 803 120 52 The
382 803 144 52 New
571 802 285 53 universal
903 803 300 52 handbook
1249 802 62 52 of
1357 819 289 48 necessary
1694 801 370 54 information
2116 800 90 50 for

291 880 180 67 home,
525 880 207 68 school,
786 881 159 67 shop,
1002 881 110 51 and
1169 879 164 67 office,
1387 880 338 67 practically
1780 878 280 69 arranged
2113 876 94 53 for

292 958 173 68 ready
496 958 302 66 reference,
829 959 73 67 by
933 958 140 53 Will
1105 958 74 52 H.
1210 957 284 54 Johnston
1531 1000 7 7 ..,
1622 957 233 52 assisted
1888 956 73 66 by
1993 974 25 34 a
2053 957 156 66 large

294 1054 163 50 corps
503 1036 63 53 of
610 1041 254 62 experts:
913 1035 295 68 including
1257 1054 30 33 a
1334 1053 120 33 new
1501 1033 464 68 dictionary—on
2014 1053 27 32 a
2090 1052 120 33 new

297 1115 151 66 plan,
478 1113 185 52 edited
695 1114 73 66 by
797 1114 259 53 William
1085 1112 200 68 Dodge
1315 1113 181 51 Lewis
1531 1157 8 7 ..,
1621 1112 111 53 and
1762 1111 199 69 Edgar
1991 1113 221 51 Arthur

299 1189 221 69 Singer,
555 1190 70 67 jr.
668 1235 7 7 ..,
798 1188 423 70 Philadelphia,
1257 1189 253 68 Chicago
1551 1197 137 59 [etc.]
1732 1189 302 56 Universal
2070 1190 142 53 book

296 1269 110 51 and
436 1268 166 53 Bible
633 1269 187 65 house,
855 1272 147 48 1934.

297 1338 1861 53 1 p. l., xx. 1172 p. col. front., illus., col. plates, ports., maps. 20cm.
232 1395 50 51 ©
315 1400 125 40 June
471 1398 68 46 20,
573 1397 139 47 1934;
745 1397 65 41 2c.
840 1400 99 38 and
973 1398 79 39 aff.
1089 1396 114 49 July
1235 1397 80 39 13:
1351 1398 41 38 A
1427 1399 166 39 73414;
1631 1399 128 39 John
1792 1398 47 41 C.
1876 1398 222 42 Winston
2132 1411 52 27 co.,

288 1454 352 49 Philadelphia.
704 1454 281 49 [Copyright
1014 1456 40 38 is
1086 1454 200 40 claimed
1319 1465 59 28 on
1411 1456 235 38 revisions
1678 1457 94 38 and
1806 1454 260 50 additions]

300 1511 278 50 (34-34943)

221 1598 360 68 Newburgh,
611 1601 179 52 Louis
818 1602 215 63 Harry,
1068 1603 167 51 1883-

290 1676 1920 72 The practice of dietetics, by L. H. Newburgh … and Frances
225 1753 1857 72 Mackinnon … New York, The Macmillan company, 1934.
292 1831 62 45 ix,
380 1829 84 40 264
488 1841 40 35 p.
585 1830 177 47 diagrs.
815 1828 113 39 22cm.
996 1828 296 49 (Half-title:
1318 1829 280 41 Macmillan
1627 1829 201 40 medical
1857 1830 344 49 monographs)

227 1880 1707 55 © Oct. 16, 1934; 2c. and aff. Oct. 17: A 76560; Macmillan co.
304 1942 277 51 (34-35640)

223 2031 307 65 Nordhoff,
564 2033 243 53 Charles
836 2034 283 61 Bernard,
1155 2036 162 51 1887-

289 2107 304 56 Pitcairn’s
633 2109 202 67 island,
872 2110 72 66 by
983 2108 233 57 Charles
1256 2109 281 53 Nordhoff
1576 2111 107 52 and
1724 2111 192 54 James
1954 2111 248 51 Norman

222 2187 153 54 Hall.
452 2189 231 52 Boston.
713 2187 193 57 Little.
937 2189 228 56 Brown,
1195 2188 109 52 and
1337 2204 296 50 company,
1666 2191 146 49 1934.

295 2257 98 44 viii.
424 2258 98 48 333,
557 2262 39 45 [4]
644 2270 28 37 p.
746 2259 26 38 21½c
850 2262 26 20 m
883 2292 7 6 .

294 2315 141 48 Maps
464 2326 58 29 on
551 2315 360 48 lining-papers.

297 2370 372 50 Bibliography:
700 2383 39 36 p.
773 2374 53 46 [4]
857 2376 51 36 at
937 2373 103 38 end.

228 2422 1980 54 © Nov. 2. 1934; 2c. and aff. Nov. 7: A 76973: Charles Nordhoff and
294 2487 164 39 James
486 2486 211 38 Norman
727 2487 128 38 Hall.
883 2487 221 45 Papeete.
1133 2486 177 41 Tahiti.
1343 2487 190 39 Society
1561 2488 204 38 Islands.

305 2542 277 48 (34-28424)

224 2629 246 68 Norton,
499 2633 151 51 Hon.
683 2634 137 51 Mrs.
855 2632 265 54 Caroline
1152 2631 349 65 (Sheridan)
1544 2636 321 52 1808-1877.

293 2706 164 56 Some
489 2709 343 51 unrecorded
866 2709 193 51 letters
1090 2709 63 51 of
1184 2708 264 53 Caroline
1480 2710 222 51 Norton
1731 2710 60 51 in
1821 2709 92 53 the
1947 2709 264 52 Altschul

222 2785 293 53 collection
548 2785 63 52 of
642 2786 94 52 the
773 2786 140 52 Yale
945 2786 316 68 university
1292 2785 237 69 library,
1563 2787 71 67 by
1670 2787 215 51 Bertha
1921 2785 288 68 Coolidge.

229 2862 251 69 [Boston]
520 2863 156 52 Priv.
714 2863 169 68 print.
929 2863 88 66 [D.
1056 2864 65 51 B.
1158 2863 248 68 Updike,
1445 2865 118 51 The
1601 2863 397 69 Merrymount
2035 2880 173 50 press]

228 2944 147 49 1934.

292 3013 25 38 2
345 3024 41 36 p.
416 3015 14 38 l.,
489 3013 68 40 25.
592 3014 53 47 [1]
672 3023 29 37 p.,
759 3014 23 37 1
812 3014 27 38 1.
900 3012 143 40 27½cm.

300 3068 347 50 “Seventy-five
676 3071 156 45 copies
861 3069 236 47 printed.”

237 3122 1983 56 © May 2. 1934; 2c. and aff. May 14: A 71609: Yale univ. library, New
303 3187 181 38 Haven.
558 3185 278 41 (34-35667)

225 3260 227 65 Orwell,
486 3261 244 64 George.

299 3335 1913 72 Burmese days; a novel, by George Orwell … New York,
228 3416 225 67 Harper
482 3418 49 49 &
561 3415 275 66 brothers,
867 3417 147 49 1934.

306 3474 513 61 3 p. l., 371 p. 21 cm .
308 3543 158 40 “First
498 3543 224 40 edition.”

230 3595 1977 54 © Oct. 25. 1934; 2c. Oct. 23: aff. Oct. 27: A 75972: Eric Blair, Hayes,
302 3657 278 44 Middlesex,
620 3658 232 47 England.
924 3653 276 47 (34-35694)

229 3731 197 65 Palou,
458 3732 328 64 Francisco,
820 3732 320 53 1723-1789.

301 3808 118 52 The
446 3808 326 67 expedition
801 3808 119 51 into
949 3806 319 55 California
1299 3809 60 49 of
1390 3809 90 51 the
1508 3810 311 51 Venerable
1848 3809 186 52 Padre
2060 3808 153 64 Fray

228 3885 281 67 Junípero
549 3884 162 53 Serra
753 3887 106 49 and
898 3887 87 50 his
1021 3885 362 67 companions
1417 3887 57 51 in
1510 3888 93 50 the
1638 3905 135 46 year
1811 3888 149 53 1769,
1996 3905 56 32 as
2089 3885 120 50 told
