2350 4196
1084 3992 131 50 1099

248 421 64 47 xi,
341 421 84 39 252
454 432 42 37 p.
554 423 143 37 21½cm.

180 473 1990 55 © Sept. 11. 1934; 2c. Sept. 15; aff. Sept. 13; A 75299; Edward J.
246 534 217 46 O'Brien,
495 534 201 50 Oxford,
727 536 236 47 England.

171 633 312 70 Bingham,
517 637 210 55 Alfred
760 637 279 66 Mitchell,
1075 641 168 48 1905-
1456 637 83 52 ed.

243 714 312 71 Challenge
594 723 57 49 to
688 719 97 51 the
822 736 122 34 new
984 717 144 66 deal,
1166 716 188 52 edited
1394 716 74 65 by
1506 715 213 52 Alfred
1758 715 78 54 M.
1880 716 288 67 Bingham

171 792 1971 135 and Selden Rodman … introduction by John Dewey. Collaborators: Thomas
169 871 1974 149 R. Amlie, Louis F. Budenz, John Chamberlain … [and others] New
1062 951 178 68 York,
1278 952 214 52 Falcon
1530 969 157 49 press
1730 985 11 32 [
1747 957 17 20 c
1770 953 151 64 1934]

243 1024 715 49 x, 284 p., 1 l. illus. 26 cm .
247 1080 1494 51 “The articles (and drawings) … all appeared in the
1773 1091 145 40 pages
1955 1082 50 40 of
173 1079 1978 103 Common
316 1139 429 42 sense.”—Introd.

174 1193 50 52 ©
249 1198 119 47 Aug.
393 1198 69 46 27,
488 1196 139 43 1934:
654 1197 66 40 2c.
745 1198 120 48 Aug,
890 1198 51 39 31:
999 1195 80 42 aff.
1111 1197 111 47 Aug.
1251 1196 81 40 30:
1362 1196 38 39 A
1427 1195 170 48 74726;
1628 1195 228 42 Common
1881 1205 153 39 sense,
2061 1199 104 45 inc,,

239 1254 116 40 New
387 1254 138 41 York.
604 1253 279 50 (34-28579)

165 1355 321 67 Borchard,
522 1358 207 53 Edwin
763 1357 363 64 Montefiore,
1164 1359 169 49 1884-

168 1433 1996 136 Declaratory judgments, by Edwin Borchard … Cleveland, Banks-Baldwin
689 1517 108 50 law
825 1513 333 69 publishing
1183 1533 96 47 co.,
1311 1517 148 49 1934.

241 1587 118 48 xxii,
392 1587 85 40 669
508 1597 43 39 p.
612 1587 114 40 26cm.

245 1644 176 40 “Table
451 1645 51 40 of
531 1645 257 40 American
819 1645 306 46 declaratory
1153 1642 306 48 judgments”:
1522 1653 41 38 p.
1594 1641 217 41 635-650.

173 1698 50 52 ©
260 1703 119 47 Aug.
415 1703 68 46 13,
519 1700 140 48 1934;
697 1703 66 39 2c.
801 1702 116 49 Aug.
955 1703 81 46 14;
1076 1701 80 41 aff.
1192 1701 119 48 Aug.
1350 1701 80 47 15;
1470 1702 39 38 A
1545 1700 169 47 73901;
1754 1700 413 40 Banks-Baldwin

241 1760 96 39 law
367 1760 108 47 pub.
508 1769 66 32 co.
646 1759 280 49 (34-28974)

165 1864 231 62 Brown,
481 1880 120 40 Vera.

167 1936 1998 151 Wings of love; the love story of a girl aviator, by Vera Brown … New York,
916 2017 231 55 Grosset
1177 2020 45 50 &
1250 2018 236 67 Dunlap
1524 2049 12 35 [
1542 2023 17 22 c
1565 2019 136 50 1934]

240 2089 62 49 vi,
333 2090 87 41 310
446 2100 44 38 p.
551 2090 57 41 19½
639 2093 45 21 cm
689 2121 8 7 .

172 2145 50 51 ©
257 2150 127 46 Sept.
415 2150 40 45 4,
487 2147 140 49 1934;
662 2150 64 39 2c.
761 2151 95 39 and
887 2149 80 39 aff.
1004 2149 127 47 Sept.
1207 2160 8 30 6;
1251 2150 40 38 A
1324 2148 169 47 75162;
1530 2148 199 41 Grosset
1763 2148 36 40 &
1831 2149 208 47 Dunlap,
2074 2148 89 40 inc.

249 2204 279 50 (34-25937)

160 2305 271 68 Chanler,
467 2309 307 63 Margaret
805 2309 244 64 (Terry)
1093 2310 170 52 “Mrs.
1298 2308 314 65 Winthrop
1649 2308 308 63 Chanler,”
1998 2310 164 50 1862-

165 2385 1937 149 Roman spring; memoirs, by Mrs. Winthrop Chanler … Boston, Little, Brown, and
1058 2484 295 49 company,
1384 2469 152 49 1934.

236 2536 88 41 viii
349 2548 59 38 p.,
434 2537 26 39 2
521 2569 9 11 l.,
563 2537 174 51 [3]-324
763 2549 42 38 p.
866 2538 163 43 front.,
1058 2539 168 47 plates,
1252 2541 149 46 ports.
1457 2538 114 41 23cm.

170 2592 50 51 ©
258 2596 128 48 Sept.
418 2597 39 45 7,
491 2594 141 48 1934;
669 2596 63 39 2c.
770 2597 94 38 and
899 2596 80 39 aff.
1018 2596 125 48 Sept.
1178 2597 81 46 11;
1295 2597 41 38 A
1371 2596 168 48 75247;
1577 2598 61 38 M.
1675 2595 224 50 Chanler,
1936 2596 227 50 Geneseo,

236 2652 55 39 N.
321 2653 54 39 Y.
448 2651 278 49 (34-27241)

162 2742 257 65 Chicago
456 2744 107 53 bar
599 2743 376 53 association.
1103 2745 330 66 Corporation
1471 2744 106 54 law
1619 2744 331 55 committee.
236 2822 121 51 The
383 2821 228 54 Illinois
638 2822 254 53 business
920 2822 361 66 corporation

1310 2821 627 70 act, annotated, with forms.
164 2899 75 68 by
267 2900 95 52 the
393 2897 383 71 Corporation
805 2900 110 53 law
947 2900 317 55 committee
1292 2901 64 51 of
1385 2902 97 52 the
1511 2901 252 67 Chicago
1791 2900 103 53 bar

163 2898 1972 133 association.
378 2978 269 67 Chicago,
682 2979 120 52 The
837 2979 365 52 Foundation
1235 2996 173 51 press,
1441 2980 126 65 inc.,
1603 2983 148 49 1934.

237 3050 63 49 xi,
332 3051 81 40 591
442 3062 42 36 p.
546 3050 146 42 25½cm.

239 3108 61 40 M.
328 3110 54 39 B.
409 3107 247 49 Kennedy,
687 3108 266 41 chairman.

241 3165 225 40 Includes
502 3175 26 31 a
567 3165 311 47 compilation
914 3167 94 38 and
1043 3166 216 47 analysis
1294 3167 51 39 of
1379 3168 239 39 decisions
1652 3167 50 39 of
1738 3168 80 38 the
1852 3167 189 39 Illinois

170 3166 1973 105 Supreme
365 3224 138 38 court
537 3223 94 40 and
666 3224 256 47 Appellate
956 3226 162 38 courts
1152 3235 58 28 on
1243 3226 204 38 matters
1482 3226 202 38 covered
1716 3225 59 46 by
1811 3224 80 40 the
1926 3227 91 37 act.

240 3277 178 43 “Table
443 3279 50 40 of
523 3280 162 39 cases”:
743 3291 43 36 p.
815 3280 215 43 549-562.

168 3333 50 51 ©
249 3338 116 47 July
393 3337 70 47 20,
493 3336 140 48 1934;
666 3338 65 40 2c.
763 3338 117 47 July
906 3337 83 47 26;
1021 3339 81 39 aff.
1135 3339 114 48 Aug.
1281 3339 82 47 22;
1397 3340 40 38 A
1469 3338 169 48 75091;
1672 3338 309 43 Foundation
2012 3349 150 39 press,

236 3394 90 41 inc.
362 3396 95 37 and
493 3393 210 49 Chicago
737 3395 89 38 bar
860 3405 142 36 assn.,
1040 3395 221 48 Chicago.
1334 3396 280 48 (34-28972)

156 3485 205 64 Corey,
393 3484 210 56 Lewis.

294 3560 1867 73 … The decline of American capitalism. New York, Covici,
162 3640 205 53 Friede
410 3673 13 33 [
428 3646 17 21 c
451 3642 152 64 1934]

233 3711 86 41 viii
346 3723 59 37 p.,
432 3712 27 38 2
524 3744 8 14 l.,
562 3712 172 40 11-622
764 3724 43 38 p.
868 3713 178 49 diagrs.
1107 3713 115 43 24cm.

234 3769 176 41 “Notes
440 3769 95 41 and
566 3769 252 41 sources”;
849 3780 42 38 p.
942 3771 233 48 [575]-603.

166 3824 50 51 ©
255 3828 126 48 Sept.
416 3827 38 40 6.
490 3826 139 41 1934:
666 3827 64 38 2c.
771 3827 125 47 Sept.
933 3827 81 46 14;
1053 3827 79 41 aff.
1173 3829 125 48 Sept.
1335 3830 81 47 13;
1455 3830 40 39 A
1531 3830 169 49 75283;
1739 3832 50 41 L.
1826 3832 167 47 Corey,
2029 3833 134 43 Long

231 3884 168 40 Island
434 3884 122 47 City,
591 3884 56 39 N.
681 3884 52 38 Y.
809 3883 278 50 (34-27244)
