2350 4196
1152 4002 102 51 272

205 377 231 64 Taylor,
464 376 163 53 Ariel
652 378 187 52 Yvon.

276 453 310 54 Character
613 472 218 48 grams;
864 472 28 32 a
922 451 262 66 divining
1211 453 102 50 rod
1341 457 57 48 to
1424 453 210 52 human
1662 458 201 45 nature
1891 453 93 50 the
2013 453 178 51 world

207 549 159 48 over;
414 531 439 52 entertainment
897 529 91 51 for
1034 547 102 33 one
1181 547 61 34 or
1286 534 240 61 twenty;
1576 548 71 32 an
1691 548 214 33 answer
1948 535 58 45 to
2051 548 140 46 your

205 626 193 49 query,
427 608 160 52 who?
623 607 186 52 what?
843 606 195 52 when?
1074 605 215 52 where?
1326 608 111 50 and
1466 606 164 66 why?
1711 607 88 64 By
1833 606 161 52 Ariel
2026 608 168 50 Yvon

205 687 212 65 Taylor
452 689 59 50 in
548 685 409 52 collaboration
992 683 137 53 with
1163 685 75 50 H.
1272 684 243 53 Warren
1548 685 162 64 Hyer
1767 683 190 66 [pseud.]
2057 685 136 51 New

209 763 177 67 York,
413 764 66 51 R.
508 765 163 64 Long
696 766 45 49 &
765 763 66 52 R.
861 763 67 52 R.
959 761 206 65 Smith,
1194 765 148 49 1934.

279 833 617 49 2 p. l., 7-141 p. 19½ cm .
210 888 50 51 ©
291 893 109 39 Feb.
429 892 69 46 26,
528 891 114 40 1934;
699 891 66 40 2c.
796 893 94 37 and
920 890 81 40 aff.
1032 892 120 37 Mar.
1181 892 52 44 1;
1265 890 42 38 A
1334 889 169 46 69658;
1536 890 105 46 Ray
1671 890 134 46 Long
1834 890 34 39 &
1897 889 215 40 Richard.
2141 889 55 41 R.

280 949 168 46 Smith,
477 949 90 39 inc.
639 948 248 47 (34-5307)

206 1036 275 65 Thomas,
507 1039 265 51 Norman
796 1037 288 64 Mattoon,
1114 1040 169 50 1884-

273 1115 122 51 The
420 1114 189 53 choice
632 1113 196 53 before
853 1131 91 48 us;
973 1112 276 53 mankind
1275 1119 59 46 at
1359 1113 95 53 the
1480 1112 338 67 crossroads,
1843 1111 75 68 by
1944 1112 255 53 Norman

204 1193 262 51 Thomas.
542 1192 138 52 New
716 1190 178 66 York,
927 1191 119 51 The
1081 1189 332 53 Macmillan
1447 1207 297 50 company,
1780 1192 149 50 1934.

278 1266 87 39 viii
390 1277 56 37 p.,
474 1266 26 39 2
548 1297 21 18 l.,
596 1265 87 40 249
708 1276 41 36 p.
805 1264 56 40 20½
894 1266 42 21 cm
943 1295 6 6 .

211 1319 1988 51 © Mar. 27. 1934; 2c. and aff. Mar. 28; A 70848; Norman Thomas, New
277 1380 143 38 York.
493 1378 278 48 (34-27069)

208 1469 352 65 Thompson,
588 1470 293 53 Frederic.

277 1545 74 53 In
373 1545 223 53 infinite
620 1546 222 68 variety
872 1545 108 68 [by]
1013 1545 268 52 Frederic
1306 1545 345 67 Thompson.
1713 1543 139 52 New
1879 1543 179 68 York,
2082 1542 122 54 The

205 1623 127 68 Gay
364 1630 173 46 street
567 1623 340 69 publishers,
941 1627 150 49 1933.

279 1697 83 49 [21]
397 1707 43 38 p.
501 1697 56 39 17
560 1699 44 20 cm
609 1728 8 8 .

281 1754 182 41 “‘Three
497 1755 222 39 hundred
754 1754 158 47 copies
945 1755 122 39 have
1100 1755 116 39 been
1246 1754 194 48 printed
1473 1755 59 46 by
1565 1754 81 39 the
1679 1754 194 40 Harbor
1904 1765 149 38 press,
2088 1755 112 41 New

208 1810 702 48 York … December, 1933.”
277 1870 119 40 Free
425 1880 151 31 verse.

211 1924 1969 108 © Dec. 20. 1933; 2c. and aff. Mar. 7, 1934; A 70518; Gay street publishers. (34-5386)
209 2060 188 52 Three
423 2059 154 53 little
604 2059 151 64 pigs.

277 2134 184 53 Three
490 2135 151 52 little
672 2135 156 68 pigs;
863 2140 157 63 story
1053 2134 113 53 and
1196 2133 380 54 illustrations
1606 2134 76 69 by
1713 2135 98 52 the
1842 2133 134 55 staff
2008 2134 66 53 of
2103 2133 97 54 the

205 2211 161 54 Walt
400 2212 217 68 Disney
656 2212 233 53 studios.
965 2213 139 52 New
1145 2210 178 69 York,
1363 2211 145 53 Blue
1547 2211 202 54 ribbon
1787 2211 192 69 books,
206 2211 1969 145 incorporated
481 2323 14 34 [
499 2296 17 21 c
522 2292 151 64 1933]

278 2359 68 51 62,
382 2362 53 50 [2]
465 2373 43 37 p.
539 2362 109 40 incl.
680 2362 84 40 col.
796 2362 161 47 front.,
989 2363 126 39 illus.
1145 2362 136 48 (part
1307 2362 110 47 col.)
1489 2361 57 41 26
1548 2364 45 21 cm
1597 2393 9 9 .

277 2417 368 49 Lining-papers
679 2419 278 40 illustrated
992 2419 49 38 in
1076 2418 167 40 colors.

276 2471 72 42 On
376 2485 166 29 cover:
572 2475 143 39 From
743 2476 81 39 the
854 2475 131 40 Walt
1012 2474 183 47 Disney
1224 2473 111 48 silly
1365 2475 280 47 symphony.

213 2528 50 51 ©
292 2533 117 39 Nov.
439 2532 69 47 21,
538 2532 112 40 1933;
709 2534 67 39 2c.
808 2534 121 38 Mar.
960 2533 38 46 5,
1029 2532 139 45 1934;
1202 2532 78 39 aff.
1314 2533 121 39 Mar.
1466 2533 81 46 30;
1581 2534 41 37 A
1652 2533 169 46 70508;
1856 2534 130 40 Walt
2018 2535 181 45 Disney

280 2589 307 47 enterprises,
619 2591 99 45 ltd.,
751 2590 299 46 Hollywood,
1085 2589 141 40 Calif.
1299 2588 250 48 (34-4570)

208 2661 251 67 Tribble,
488 2664 257 53 Thomas
774 2666 269 63 Preston,
1075 2662 169 54 1876-

278 2740 55 51 A
361 2741 223 67 perfect
610 2742 313 66 salvation;
954 2761 71 33 an
1054 2742 320 67 exposition
1403 2741 63 53 of
1496 2742 156 53 John
1680 2742 419 65 three-sixteen,
2129 2741 74 68 by

210 2817 1993 71 T. P. Tribble … introduction by W. H. Faust … New York
216 2901 136 61 [etc.]
389 2897 265 68 Fleming
687 2897 76 53 H.
793 2898 199 53 Revell
1026 2917 278 49 company
1340 2932 12 33 [
1358 2904 17 21 c
1379 2902 152 63 1933]

275 2969 85 39 119
392 2980 42 38 p.
497 2970 54 39 19½
585 2972 41 21 cm
633 3002 8 8 .

213 3023 50 51 ©
292 3028 108 39 Jan.
428 3026 68 47 20,
525 3027 115 40 1934;
693 3029 66 39 2c.
789 3031 93 37 and
912 3028 79 40 aff.
1021 3030 119 38 Mar.
1170 3030 23 37 1;
1252 3030 40 37 A
1320 3028 168 47 69654;
1520 3029 221 48 Fleming
1767 3031 59 39 H.
1856 3030 167 39 Revell
2050 3040 66 30 co.

290 3084 249 47 (34-5378)

210 3157 129 53 Van
365 3159 235 64 Patten,
629 3159 263 65 Nathan,
923 3159 168 54 1887-

212 3233 1985 149 … An index to bibliographies and bibliographical contributions relating to the work of American and British authors,
213 3391 321 49 1923-1932.
612 3389 279 54 Stanford
933 3391 351 68 University,
1327 3390 193 69 Calif.,
1562 3391 280 53 Stanford
1886 3392 309 66 university

210 3483 182 48 press;
419 3466 254 65 London,
699 3468 76 55 H.
801 3468 262 63 Milford,
1091 3467 226 54 Oxford
1343 3467 313 64 university
1684 3488 172 43 press,
1885 3473 148 47 1934.

278 3536 80 48 vii,
389 3535 87 41 324
504 3548 41 36 p.
603 3538 54 40 23
662 3541 43 20 cm
712 3571 7 8 .

280 3593 251 48 Arranged
554 3595 376 49 alphabetically
956 3599 151 38 under
1134 3599 77 39 the
1234 3608 140 30 name
1398 3599 50 38 of
1472 3599 79 39 the
1576 3600 189 47 subject
1790 3601 50 39 of
1864 3603 118 38 each
211 3600 1970 98 bibliography,
404 3651 118 39 with
548 3651 144 40 index
718 3655 46 37 to
792 3653 201 41 authors
1018 3656 94 38 and
1137 3655 251 47 compilers
1413 3656 50 38 of
1490 3657 79 38 the
1595 3657 388 48 bibliographies.

280 3708 286 40 “Erratum”
600 3708 92 49 slip
724 3709 213 41 inserted
972 3721 59 29 on
1061 3722 42 37 p.
1137 3711 96 41 149.

281 3765 245 40 “Selected
554 3766 85 39 list
666 3767 51 38 of
745 3768 192 45 general
971 3768 184 39 works”:
1215 3779 41 37 p.
1286 3768 213 40 285-294.

214 3821 1984 53 © Feb. 26, 1934; 2c. Mar. 7; aff. Mar. 6; A 69752; Board of trustees of
287 3883 79 38 the
398 3882 182 39 Leland
615 3883 233 39 Stanford
879 3883 164 46 junior
1077 3884 141 45 univ.,
1257 3884 232 39 Stanford
1524 3885 293 40 University.
1853 3885 141 42 Calif.

292 3938 248 48 (34-5449)
