2350 4196
1123 4001 96 48 1846

268 495 63 37 At.
356 493 123 38 heart
507 491 50 39 of
586 491 133 39 title:
761 489 81 47 (H.
874 488 53 37 R.
959 487 136 46 7835)

267 551 61 38 At
360 550 123 37 heart
517 548 51 38 of
599 550 96 43 t.-p.:
760 545 125 40 OCH
920 543 191 48 special,
1147 542 275 40 Commerce
1454 538 216 46 clearing
1700 538 162 45 house,
1898 537 103 45 inc.,
2036 538 150 39 Loose

196 607 99 39 leaf
321 605 181 40 service
531 603 207 39 division
767 602 51 39 of
846 602 83 38 the
957 598 316 48 Corporation
1304 599 128 37 trust
1463 604 245 37 company.

254 647 1930 72 © Feb. 14, 1934; 2c. and aff. Feb. 21: A 69550; Commerce clearing house,
269 732 86 39 inc.

200 835 171 63 Cook,
402 833 203 52 Luella
630 833 248 61 Bussey.

270 902 1856 67 Hidden treasures in literature … [by] Luella B. Cook …
201 980 1986 74 George W. Norvell … [and] William A. McCall … New York,
201 1065 266 67 Chicago,
494 1066 308 63 Harcourt,
830 1065 179 50 Brace
1037 1062 112 51 and
1176 1077 294 50 company,
1500 1062 149 48 1934.

271 1139 24 39 3
323 1150 41 27 v.
422 1138 125 38 illus.
604 1136 54 40 23½
692 1139 46 20 cm
740 1167 7 7 .

273 1196 222 38 Includes
524 1192 387 48 bibliographies.

204 1253 1985 56 bk. 1. © Sept. 10, 1934; 1c. and aff. Sept. 14: 1c. Sept. 22: bk. 2, © Sept.
276 1319 79 41 12:
394 1319 64 40 2c.
497 1320 93 37 and
629 1318 79 38 aff.
752 1318 125 46 Sept.
915 1316 81 45 21;
1036 1317 74 38 bk.
1149 1316 37 41 3,
1228 1312 51 50 ©
1317 1315 116 39 Nov.
1472 1313 81 40 10:
1593 1315 65 37 2c.
1698 1314 94 38 and
1832 1312 79 40 aff.
1951 1314 116 38 Nov.
2107 1313 80 40 16:

275 1378 39 37 A
340 1376 154 40 76088.
523 1374 156 42 76034.
708 1374 141 40 78103:
907 1373 258 40 Harcourt.
1194 1373 154 38 Brace
1375 1371 35 39 &
1437 1380 79 37 co.,
1545 1370 89 39 inc.

284 1432 276 47 (34-40847)

207 1536 192 58 Cross,
428 1534 187 54 Mark.

277 1610 120 53 The
425 1609 231 54 shadow
687 1609 65 52 of
778 1608 93 54 the
901 1606 148 70 four,
1078 1608 75 67 by
1181 1609 171 51 Mark
1381 1608 184 54 Cross.
1640 1606 237 52 London
1910 1607 109 51 and
208 1607 1956 137 Melbourne,

462 1688 194 65 Ward,
682 1688 154 50 Lock
861 1691 43 48 &
929 1706 96 46 co.,
1051 1687 99 51 ltd.
1342 1720 11 31 [1934]

277 1763 81 36 256
388 1772 37 35 p.
512 1760 24 37 19
541 1763 42 19 cm
589 1792 6 5 .

211 1825 1983 52 © 1c. June 15, 1934; A ad int. 19046: pubd. Apr. 20; Arthur T. Pechey,
276 1887 195 38 London
557 1884 247 49 (35-2262)

206 1988 369 64 Darlington,
605 1988 204 52 Elliott
841 1987 385 63 Christopher
1256 1988 243 63 Beams,
1531 1992 170 49 1895-

275 2065 192 52 James
499 2067 203 64 Henry
734 2064 366 67 Darlington,
1132 2063 123 53 first
1285 2067 333 50 Protestant
1650 2064 309 67 Episcopal
1991 2064 202 67 bishop

206 2141 1963 146 of Harrisburg Pennsylvania … New York city, Mimeographed
488 2221 75 66 by
590 2222 65 54 R.
682 2221 79 54 M.
789 2221 156 52 Ford
978 2254 12 33 [
997 2227 18 20 c
1019 2225 135 48 1934
1157 2255 11 32 ]

278 2292 687 49 2 p. l., 31 numb. 1. 29½ cm .
215 2359 1981 50 © Dec. 21. 1934; 2c. and aff. Dec. 27: A 77892; E. C. B. Darliugton,
280 2420 114 38 New
419 2420 142 38 York.

216 2519 141 64 Day,
385 2521 201 52 James
613 2521 386 63 Wentworth,
1028 2527 168 48 1899-

280 2596 1914 68 Kaye Don—the man, by J. Wentworth Day … foreword by
213 2672 1771 68 Sir Malcolm Campbell. London, Hutchinson & co., ltd. [1934]
280 2744 1421 52 3 p. l., xi-xix. 21-288 p. front., plates, ports. 19 cm .
214 2809 1981 54 © 1c. Dec. 22, 1934; A ad int. 19783: pubd. Oct. 26: J. W. Dav, London.
291 2869 222 48 (35-2040)

210 2970 167 65 Derr,
405 2972 154 52 Ezra
582 2971 60 56 Z.

283 3049 117 50 The
435 3049 179 65 spiral
651 3067 189 35 versus
877 3051 93 50 the
1006 3050 274 66 elliptical
1316 3053 201 67 theory
1551 3054 63 53 of
1650 3055 96 51 the
1780 3055 319 53 revolution
2134 3055 62 52 of

212 3125 1984 74 the planets, by Dr. Ezra Z. Derr … [Thurmont, Md., Clarion
210 3201 330 68 publishing
569 3208 44 48 &
641 3204 261 67 printing
930 3225 96 47 co.,
1057 3210 148 62 1934]

285 3276 450 48 [13] p. diagrs. 22½cm.
216 3341 1979 54 © Nov. 30, 1934; 2c. and aff. Dec. 39: A 77738: E. Z. Derr. Frederick.
283 3403 92 37 Md.

213 3499 232 54 Detroit
473 3501 276 54 institute
777 3504 62 51 of
865 3507 127 49 arts
1020 3506 62 51 of
1108 3506 100 52 the
1236 3507 123 64 city
1383 3509 63 52 of
1472 3510 251 55 Detroit.

282 3576 1913 79 An illustrated guide to the Diego Rivera frescoes … by
212 3651 1958 131 George F. Pierrot and Edgar P. Richardson … [Detroit] Detroit
373 3733 259 53 institute
660 3734 63 53 of
749 3741 115 46 arts
898 3740 169 63 [1934]

282 3803 478 48 22 p. inns. 18 cm .
217 3868 51 50 ©
300 3872 99 40 Oct.
429 3872 67 49 26,
528 3873 114 41 1934;
700 3876 64 40 2c.
797 3879 94 37 and
923 3877 78 39 aff.
1034 3879 115 39 Nov.
1181 3882 52 45 7;
1265 3882 40 38 A
1336 3882 169 48 76964;
1539 3886 165 39 World
1736 3887 267 38 adventure
2034 3884 162 42 series,

285 3929 72 37 inc.,
411 3931 201 39 Detroit.
