2350 4296
1087 3983 97 52 977

139 356 264 67 Adamic,
434 356 196 67 Louis,
664 360 169 51 1899-

208 434 338 68 Dynamite;
582 435 95 52 the
709 440 156 61 story
896 434 63 53 of
992 435 140 52 class
1166 432 250 53 violence
1446 432 60 51 in
1539 430 283 68 America,
1855 432 72 65 by
1962 430 171 54 Louis
139 511 258 54 Adamic.
472 512 136 53 Rev.

640 512 84 54 ed.
799 513 138 52 New
967 511 179 67 York,
1173 511 119 52 The
1319 510 223 68 Viking
1569 527 174 49 press,
1774 511 149 50 1934.

212 587 69 38 xii
309 597 56 37 p.,
394 586 25 39 2
482 617 8 16 l.,
518 586 144 40 3-495
687 597 41 37 p.
785 587 170 47 plates,
985 588 145 44 ports.
1188 584 52 38 21½cm.

215 642 378 49 Bibliography:
625 654 40 37 p.
695 643 216 40 481-486.

146 709 52 52 ©
224 714 118 47 Aug.
368 715 40 44 1,
436 714 139 41 1934;
604 714 66 42 2c.
697 714 120 47 Aug.
843 715 51 44 1;
925 713 81 39 aff.
1032 713 118 48 Aug.
1177 712 52 39 2:
1259 712 39 37 A
1325 711 169 46 74379;
1526 711 48 38 L.
1603 711 40 38 A
1649 709 172 49 chunk,
1847 711 116 37 New
1992 708 143 41 York.

222 771 279 48 (34-22408)

137 875 243 65 Adams,
414 877 137 52 Mrs.
588 874 328 54 Katherine
948 873 254 66 (Smith)

144 948 1992 134 … Oriental friends in the United States, by Katherine Smith Adams.
444 1029 139 52 New
618 1029 178 70 York,
829 1028 346 68 Friendship
1208 1047 156 38 press
1401 1061 10 33 [
1419 1034 16 21 c
1442 1029 134 50 1934
1582 1061 12 33 ]

210 1103 62 46 vi,
303 1101 82 41 113
414 1113 42 37 p.
518 1102 144 41 19½cm.

212 1159 64 40 At
299 1160 125 39 head
450 1160 52 40 of
529 1160 135 40 title:
692 1161 39 37 A
758 1170 167 30 course
949 1160 80 40 for
1053 1159 217 49 primary
1297 1159 231 40 children.

216 1215 236 42 “General
480 1216 246 42 reference
754 1217 110 39 list”:
923 1229 41 36 p.
999 1214 229 52 [111]-113;
1288 1216 294 42 “inference
1608 1215 112 42 list”
1747 1218 52 38 at
1825 1217 89 40 end
1944 1218 50 39 of
2019 1219 117 39 each

142 1275 105 41 unit
274 1277 169 46 except
470 1276 107 39 unit
605 1286 40 29 v.

147 1339 1987 58 © July 6, 1934; 2c. and aff. July 14; A 74206; G. Q. LeSourd, New York.
224 1404 279 48 (34-22203)

138 1508 315 55 American
495 1509 276 53 institute
812 1509 63 52 of
913 1507 228 66 mining
1179 1508 114 52 and
1335 1507 430 65 metallurgical
1807 1509 328 63 engineers.

212 1587 335 53 Committee
578 1606 73 33 on
676 1588 298 53 reduction
1001 1587 113 52 and
1141 1585 245 67 refining
1417 1587 61 65 of
1508 1603 221 50 copper.

269 1659 1865 74 … Copper metallurgy. Sponsored by the Rocky mountain
142 1741 162 54 fund.
381 1742 215 66 Papers
627 1740 273 70 specially
929 1738 255 56 solicited
1217 1741 92 52 for
1339 1740 115 54 this
1485 1741 222 54 volume
1737 1743 74 65 by
1841 1741 94 53 the
141 1739 1970 135 Institute’s
332 1820 277 52 technical
638 1818 337 55 Committee
1000 1838 72 34 on
1097 1818 294 54 reduction
1418 1821 112 51 and
1556 1817 243 72 refining
1824 1820 63 53 of
1911 1838 224 51 copper.

141 1898 138 54 New
330 1898 179 67 York,
557 1898 69 51 N.
679 1897 90 69 Y.,
818 1898 120 52 The
986 1895 302 55 American
1336 1896 261 56 institute
1645 1898 64 52 of
1755 1897 223 70 mining
2025 1900 111 52 and

139 1975 418 71 metallurgical
600 1975 307 69 engineers,
953 1978 149 50 1933.

211 2051 86 40 740
346 2061 42 37 p.
448 2051 136 38 front.
627 2049 172 50 (port.)
858 2050 127 39 illus.
1016 2048 132 49 (inch
1201 2049 163 48 plans)
1458 2051 145 47 diagrs.
1664 2049 54 42 23½
1751 2052 16 21 cm
1800 2083 8 6 .
142 2051 1977 98 (Transactions
302 2108 51 40 of
388 2108 80 38 the
501 2105 257 42 American
791 2107 226 39 institute
1052 2106 50 40 of
1135 2105 183 50 mining
1350 2109 95 38 and
1480 2106 357 50 metallurgical
1872 2108 266 43 engineers.

141 2177 42 29 v.
213 2164 109 48 106)

211 2222 225 40 Includes
467 2219 391 50 bibliographies.

146 2273 1993 55 © Feb. 14, 1934; 2c. May 24; aff. May 25; A 71760; Amer. institute of
212 2336 186 48 mining
425 2337 94 39 and
547 2335 357 48 metallurgical
931 2332 265 50 engineers,
1226 2334 90 41 inc.
1391 2333 279 53 (34-22390)

140 2440 203 64 Appel,
375 2439 335 65 Benjamin.

215 2517 180 52 Brain
426 2536 134 49 guy,
590 2517 74 66 by
698 2515 307 68 Benjamin
1037 2515 204 69 Appel.
1317 2517 138 51 New
1490 2517 178 67 York,
1705 2519 66 52 A.
1805 2520 70 51 A.
1910 2518 224 67 Knopf,
146 2598 147 52 1934.

219 2666 830 51 5 p. l., 3-355, [1] p., 1 l. 19½ cm .
220 2724 161 41 “First
410 2724 226 41 edition.”

148 2776 1990 59 © July 23, 1934; 2c. July 25; aff. July 24; A 73729; B. Appel, New York.
224 2839 279 49 (34-22374)

141 2940 237 68 Austin,
411 2945 137 50 Mrs.
581 2944 173 62 Mary
785 2940 293 64 (Hunter)
1121 2944 320 51 1868-1934.

277 3017 1861 72 … Can prayer be answered? New York, Farrar & Rinehart,
147 3100 147 54 1934.

218 3173 29 38 4
273 3183 42 36 p.
377 3203 8 15 l.,
411 3170 117 40 3-55
554 3181 41 36 p.
657 3168 129 42 illus.
845 3170 55 39 21
905 3173 42 20 cm
954 3203 6 7 .

219 3227 63 40 At
309 3229 124 38 bead
462 3228 50 38 of
543 3227 134 40 title:
707 3228 141 46 Mary
876 3228 190 40 Austin.

149 3278 1989 62 © July 23, 1934; 2c. July 25; aff. July 24; A 73606; Mary Austin, Santa
215 3342 79 46 Fe,
322 3344 55 38 N.
408 3344 60 37 M.
541 3340 278 49 (34-22377)

143 3444 240 67 Averill,
414 3444 164 54 Elias
605 3444 241 67 Merrill,
878 3445 170 52 1870-

214 3522 120 52 The
365 3522 135 51 trail
530 3520 63 53 of
624 3521 420 69 Thirty-seven,
1077 3522 138 54 with
1246 3523 275 70 by-paths
1552 3526 61 51 in
1645 3525 238 69 history,
1915 3526 226 69 beauty,

147 3600 111 53 and
299 3599 364 69 philosophy,
704 3599 75 68 by
821 3599 66 52 E.
928 3599 81 52 M.
1052 3598 239 55 Averill.
1398 3600 233 70 [Sparta,
1671 3602 195 68 Mich.,
1909 3603 228 53 Axford

147 3675 157 69 print
333 3677 161 67 shop,
525 3683 17 20 c
547 3678 151 65 1934]

213 3746 1045 52 2 p. l., [7]-101 p., 1 l. illus., map. 18½cm.
215 3803 157 43 Poem.

151 3856 1994 66 © May 1, 1934; 2c. and aff. July 13; A 73511; S. M. Averill, Sparta,
217 3921 143 40 Mich.
434 3919 280 50 (34-22185)
