2350 4196
1167 4080 97 50 125

152 445 198 65 Renié,
378 443 181 55 Jules.

283 498 1860 82 … Manuel d’Écriture Sainte, par le R. P. J. Renié … t. 4.
152 604 107 51 Les
286 598 301 69 évangiles.
663 595 181 63 Lyon,
870 589 186 68 Paris,
1082 590 67 51 E.
1177 586 179 66 Vitte,
1385 586 149 49 1934.

219 662 1029 60 683 p., 1 l. illus. (incl. maps) 18 ½cm .
222 724 419 54 “Bibliographie”
670 727 50 38 at
748 725 91 38 end
866 722 50 39 of
942 722 112 47 part
1082 719 50 40 of
1159 718 80 40 the
1267 716 240 47 chapters.

154 765 1877 71 © Oct. 20, 1933; 1c. Dec. 29; A-Foreign 23164; Emmanuel Vitte.
156 908 86 53 St.
271 905 173 64 John,
476 901 199 65 Ancel,
709 901 171 51 1882-

228 980 316 55 Industrial
579 974 406 69 radiography,
1015 971 74 69 by
1123 970 176 53 Ancel
1334 966 82 55 St.
1451 965 172 69 John,
1740 1007 8 8 PH.
1820 1005 9 9 D.
1864 963 111 51 and
159 961 1972 152 Herbert
309 1058 65 52 R.
403 1056 355 66 Isenburger.
825 1051 134 52 New
991 1048 177 69 York,
1195 1048 53 53 J.
1278 1045 188 70 Wiley
1492 1044 46 52 &
1567 1060 143 48 sons,
1737 1042 106 52 inc.;
1902 1038 254 67 London,

164 1137 296 67 Chapman
496 1136 45 49 &
576 1133 159 67 Hall,
773 1128 239 69 limited,
1050 1129 147 50 1934.

233 1213 61 47 ix,
324 1211 85 40 232
438 1221 41 37 p.
511 1209 107 40 incl.
651 1208 142 41 illus.,
825 1206 169 44 tables,
1026 1203 177 48 diagrs.
1263 1201 54 40 23½
1351 1202 44 20 cm
1402 1232 6 6 .
1527 1196 129 50 $3.50

233 1266 178 40 Errata
441 1263 95 48 slip
561 1262 229 39 mounted
820 1270 59 29 on
904 1270 42 37 p.
981 1260 54 48 [1]

232 1319 349 50 Bibliography:
641 1329 41 37 p.
718 1316 247 51 [201]-223.

166 1381 50 51 ©
256 1384 107 40 Jan.
403 1383 68 45 31,
510 1379 140 48 1934;
691 1380 65 38 2c.
797 1377 111 41 Feb.
948 1377 51 45 1;
1041 1374 80 41 aff.
1163 1374 107 39 Feb.
1311 1373 53 46 2;
1405 1372 41 40 A
1482 1370 171 48 69285;
1697 1371 52 39 A.
1793 1369 66 40 St.
1900 1369 128 39 John
2068 1368 94 38 and

233 1440 210 41 Herbert
475 1440 53 39 R.
563 1436 303 48 Isenburger,
900 1434 118 39 New
1049 1432 144 40 York.
1265 1429 251 50 (34-2325)

168 1542 275 63 Sanford,
475 1540 200 64 Edgar
703 1536 208 67 Lewis,
945 1538 170 51 1864-

237 1616 239 55 Lessons
502 1634 71 34 on
599 1615 96 53 the
721 1612 177 56 offices
925 1611 64 55 of
1015 1610 344 55 instruction
1384 1629 59 34 as
1471 1607 302 55 contained
1802 1607 60 52 in
1887 1606 95 54 the
2007 1604 165 55 Book

170 1683 2002 80 of common prayer, by the Rev. Edgar L. Sanford … Rev.
171 1773 83 53 ed.
329 1773 271 66 Trenton,
638 1770 70 53 N.
747 1769 75 68 J.,
861 1769 122 52 The
1021 1766 280 55 Diocesan
1338 1766 179 53 board
1557 1764 63 53 of
1661 1763 271 70 religious
173 1761 1975 143 education
320 1850 64 53 of
411 1850 94 52 the
531 1848 237 53 Diocese
795 1846 65 54 of
886 1847 139 53 New
1053 1845 219 69 Jersey,
1301 1846 151 51 1933.

245 1919 583 53 2 p. l., 3-93 p. 15½ cm .
179 1979 50 51 ©
260 1982 115 40 Nov.
406 1980 39 49 2,
475 1980 140 48 1983;
647 1981 66 38 2c.
746 1978 94 41 and
871 1978 79 40 aff.
983 1977 117 41 Nov.
1132 1978 80 45 27;
1245 1977 41 38 A
1316 1975 169 47 69003;
1521 1976 52 39 E.
1605 1975 50 40 L.
1691 1973 224 48 Sanford,
1948 1973 227 45 Trenton,

245 2037 54 42 N.
329 2038 40 40 J.
446 2036 249 49 (34-2440)

180 2137 383 69 Schweikert,
594 2141 201 62 Harry
827 2136 324 68 Christian,
1185 2137 170 55 1877-
1569 2137 83 54 ed.

252 2209 1928 78 Short stories, edited by H. C. Schweikert … Enl. ed. New
184 2295 178 69 York,
391 2295 270 69 Chicago,
691 2294 309 69 Harcourt,
1028 2295 182 53 Brace
1239 2294 112 53 and
1383 2311 297 51 company,
1712 2296 150 49 1934.

255 2379 145 38 xxxv,
423 2368 83 40 612
527 2379 44 37 p.
633 2367 53 40 19½
720 2370 44 21 cm
768 2400 8 8 .

259 2425 234 43 Contains
517 2426 128 41 brief
673 2424 332 51 biographical
1031 2426 221 41 sketches
1277 2426 50 40 of
1353 2427 82 39 the
1462 2427 217 40 authors.

262 2483 67 41 “A
357 2486 82 39 list
463 2484 51 40 of
540 2485 136 40 short
701 2484 175 41 stories
906 2487 96 46 [not
1028 2484 192 48 printed
1247 2484 48 39 in
1322 2484 98 39 this
1447 2483 189 42 volume]":
1746 2495 41 37 p.
1816 2481 216 41 602-608.

259 2541 348 52 Bibliography:
667 2553 45 38 p.
733 2541 217 42 609-612.

190 2598 51 52 ©
275 2602 108 41 Jan.
416 2601 69 47 29,
519 2599 141 49 1934;
695 2600 66 40 2c.
795 2601 94 39 and
923 2599 80 40 aff.
1039 2598 110 42 Feb.
1184 2600 50 46 8;
1271 2599 40 39 A
1345 2599 171 48 70156;
1552 2599 261 49 Harcourt,
1849 2601 154 38 Brace
2038 2600 35 39 &
2107 2608 80 36 co.,

260 2658 91 41 inc.
418 2655 67 52 [©
522 2667 105 31 new
662 2659 179 38 matter
877 2658 95 38 and
1008 2656 251 51 revisions]
1334 2656 250 49 (34-2345)

192 2758 290 68 Simonds,
513 2761 198 53 Frank
741 2760 277 66 Herbert,
1052 2761 169 53 1878-

264 2837 122 55 Can
414 2839 231 67 Europe
666 2839 139 67 keep
833 2840 96 51 the
952 2855 168 51 peace
1135 2838 17 52 ?
1231 2839 91 67 By
1345 2841 198 51 Frank
1567 2841 75 52 H.
1671 2839 285 67 Simonds,
2110 2881 8 9 LITT.
2180 2882 7 7 D.

196 2914 161 57 With
402 2934 122 36 new
568 2915 342 70 concluding
953 2917 262 68 chapters
1258 2936 72 35 on
1374 2918 95 52 the
1515 2918 306 68 European
1864 2917 160 53 crisis
198 2936 1971 127 presenting
463 2996 95 50 the
598 2994 216 68 change
854 2994 152 53 from
1048 3013 30 34 a
1120 3000 273 62 post-war
1431 3002 58 45 to
1529 3014 30 34 a
1600 3012 246 50 pre-war
1885 2996 305 53 condition.

200 3072 137 52 New
365 3072 179 67 York,
571 3071 258 68 London,
856 3073 234 67 Harper
1116 3077 44 49 &
1185 3072 277 66 brothers,
1497 3077 147 51 1934.

265 3146 64 48 xi,
360 3146 84 40 367
475 3156 42 37 p.
577 3155 150 38 maps.
788 3146 56 39 22½
876 3148 44 21 cm
926 3179 8 7 .

267 3203 138 48 Maps
435 3213 60 29 on
523 3199 362 52 lining-papers.

205 3255 50 51 ©
285 3258 108 41 Feb.
423 3261 38 45 1,
491 3258 139 47 1934;
660 3259 67 40 2c.
757 3260 96 40 and
880 3259 79 40 aff.
991 3259 111 41 Feb.
1130 3261 52 41 3;
1214 3261 41 38 A
1282 3261 169 48 70108;
1485 3261 51 40 F.
1566 3262 60 39 H.
1658 3260 237 49 Simonds,
1929 3260 272 47 Suowville,

269 3313 56 43 N.
355 3315 56 39 H.
479 3312 68 52 [©
575 3327 106 28 new
708 3318 96 38 and
833 3316 190 41 revised
1051 3320 193 46 matter]
1318 3317 251 51 (34-2374)

206 3415 308 69 Snedecor,
546 3419 226 66 George
801 3420 260 67 Waddel,
1096 3426 169 49 1881-

282 3491 356 57 Calculation
678 3496 110 52 and
828 3495 437 70 interpretation
1306 3500 62 51 of
1408 3499 249 69 analysis
1694 3499 63 53 of
1796 3498 262 55 variance
2096 3498 108 53 and

212 3565 1996 88 covariance, by George W. Snedecor … Ames, la., Collegiate
214 3665 171 52 press,
420 3649 125 68 inc.,
581 3653 146 50 1934.

284 3712 1925 73 5 p. l. , 96 p. incl. tables. 20 cm . (Iowa. State college of agriculture
214 3777 97 39 and
345 3777 250 43 mechanic
629 3781 118 47 arts,
781 3781 157 42 Ames.
1004 3782 222 43 Division
1262 3786 52 39 of
1347 3785 264 42 industrial
1646 3786 198 42 science.
1912 3787 298 48 Monograph

217 3843 73 31 no.
324 3834 51 48 1)

285 3889 347 47 “References”:
692 3906 42 36 p.
764 3893 158 44 93-96.

222 3948 50 51 ©
301 3951 110 42 Jan.
439 3954 38 47 8,
507 3953 115 42 1934;
678 3955 66 40 2c.
776 3957 94 39 and
899 3956 81 40 aff.
1010 3956 109 42 Jan.
1151 3959 44 37 11;
1265 3959 37 38 A
1333 3959 169 47 68815;
1536 3959 267 49 Collegiate
1831 3972 149 37 press,
2013 3960 88 42 inc.

298 4008 250 52 (34-2470)
