2350 4196
1130 4018 99 51 849

241 432 26 39 4
296 442 42 38 p.
403 464 7 14 l.,
442 431 172 41 13-288
642 442 43 37 p.
746 431 57 41 19½
834 433 45 22 cm
884 467 8 8 .

240 489 161 40 “First
433 488 226 40 edition.”

175 555 1991 53 © July 9, 1934 : 2c. and aff. July 10; A 74160; E. P. Dutton & co., inc.
251 617 279 49 (34-18839)

167 721 286 66 Hopkins,
482 721 254 55 William
767 724 64 53 F.

237 800 280 66 Winning
544 804 271 62 contract,
843 799 95 51 the
965 798 142 52 Hall
1134 801 208 64 system
1394 797 90 68 [by]
1517 795 261 56 William
1806 796 65 53 F.
1900 795 271 67 Hopkins

193 878 129 65 [and]
365 876 235 54 Charles
636 876 69 53 A.
742 875 157 53 Hall.
981 874 366 68 [Cincinnati,
1382 876 166 52 Press
1585 874 65 54 of
1685 873 57 55 S.
1779 874 313 54 Rosenthal
2126 876 47 51 &

169 974 98 46 co.,
306 962 17 20 c
329 958 151 63 1934]

242 1029 48 41 iv
323 1040 57 37 p.,
413 1029 25 39 1
508 1060 8 17 l.,
551 1028 55 40 94
638 1039 43 37 p.
742 1028 55 41 17½c
846 1030 26 21 m
878 1060 8 8 .

176 1097 50 51 ©
254 1101 126 39 June
403 1101 68 47 13,
497 1099 140 48 1934;
663 1101 67 39 2c.
754 1100 128 39 June
903 1099 81 46 16;
1013 1097 81 41 aff.
1124 1098 125 40 June
1272 1098 82 47 18;
1383 1099 40 38 A
1448 1098 170 48 72821;
1648 1099 72 41 W.
1748 1098 51 42 F.
1824 1097 224 48 Hopkins
2076 1099 95 39 and

246 1158 201 40 Charles
476 1158 53 39 A.
559 1158 130 46 Hall,
721 1156 289 40 Cincinnati.
1083 1155 279 48 (34-16867)

171 1259 263 65 Hudson,
465 1262 235 64 Manley
732 1262 252 57 Ottmer,
1025 1264 160 48 1886-

243 1340 121 52 The
392 1340 204 54 World
630 1347 176 57 court,
839 1342 335 61 1921-1934;
1207 1357 31 34 a
1270 1338 305 54 handbook
1604 1337 64 54 of
1698 1340 95 51 the
1824 1340 346 51 Permanent

175 1416 1995 69 court of international justice, by Manley O. Hudson … 4th
177 1496 101 65 ed.,
313 1513 111 37 rev.
464 1498 111 52 and
610 1496 246 67 brought
895 1514 75 48 up
1008 1504 57 43 to
1101 1497 129 51 date
1277 1495 291 68 (January
1606 1501 44 57 1,
1691 1496 161 66 1934)
1939 1498 232 57 Boston,

175 1572 200 55 World
405 1592 166 49 peace
599 1573 360 64 foundation,
991 1578 148 49 1934.

249 1646 87 41 viii
360 1652 60 43 p.,
449 1647 25 39 1
537 1677 9 17 l.,
573 1645 86 41 302
684 1658 41 37 p.
787 1646 57 41 20½c
891 1650 28 20 m
925 1679 7 9 .

180 1715 51 51 ©
275 1720 120 38 Mar.
434 1719 69 46 30,
545 1719 139 44 1934;
728 1719 65 39 2c.
836 1719 112 47 May
989 1719 82 46 21;
1113 1718 80 40 aff.
1238 1719 127 39 June
1405 1719 82 47 27;
1531 1720 40 38 A
1609 1717 171 49 74069;
1824 1718 167 41 World
2032 1729 145 38 peace

244 1776 304 39 foundation.
624 1775 279 47 (34-27151)

174 1878 251 65 Huxley,
456 1879 197 53 Julian
687 1879 200 56 Sorell.

243 1956 64 52 If
336 1958 31 51 I
398 1975 143 34 were
569 1957 262 52 dictator.

257 2030 83 48 (In
367 2026 200 43 London
597 2027 201 52 Sunday
827 2026 261 52 chronicle,
1118 2027 127 43 June
1276 2028 77 51 17,
1378 2028 144 50 1934)

181 2097 1982 101 © 1c. Aug. 11, 1934; A ad int. 19264; pubd. June 17; J. S. Huxley, London.
174 2260 233 67 Jessup,
440 2263 206 64 Henry
676 2264 282 64 Wynans,
992 2266 170 49 1864-

176 2340 2003 146 … Law and practice in the Surrogates’ courts. 1934 cumulative supplement, by Edwin M. Bohm … v. 1, 2. New
178 2496 178 67 York,
385 2496 207 68 Baker,
620 2497 247 54 Voorhis
896 2501 45 50 &
970 2517 97 47 co.,
1100 2500 149 51 1934.

249 2571 29 38 2
303 2582 40 27 v.
403 2570 55 39 25
462 2573 43 20 cm
512 2603 7 8 .

246 2627 295 41 Cover-title.

250 2685 65 39 At
341 2686 124 38 head
495 2684 50 40 of
575 2684 134 40 title:
742 2684 428 48 Jessup-Redfield.

252 2742 155 39 These
437 2741 273 47 pamphlets
742 2752 83 28 are
856 2744 48 37 to
936 2742 56 39 be
1023 2741 138 41 fitted
1191 2741 102 41 into
1326 2743 81 39 the
1439 2743 198 47 pockets
1671 2744 51 39 at
1751 2744 80 39 the
1864 2743 122 40 back
2017 2743 52 40 of
2101 2744 82 39 the

182 2800 214 38 volumes
425 2798 51 40 of
504 2799 81 39 the
613 2801 73 37 set
714 2801 48 37 to
792 2798 157 40 which
979 2800 113 46 they
1120 2799 183 48 belong.

186 2865 50 51 ©
261 2870 115 47 July
399 2869 67 47 19,
491 2869 140 47 1934;
658 2869 66 41 2c.
749 2870 117 39 each
891 2870 94 39 and
1010 2869 80 41 aff.
1117 2870 115 48 July
1255 2870 82 47 23;
1364 2871 40 38 A
1429 2870 170 47 73588;
1628 2871 175 47 Baker,
1828 2871 208 40 Voorhis
2061 2870 120 40 &co.

181 2973 196 65 Joyce,
407 2974 239 54 Leland.

252 3050 1707 70 Patches of blue, by Leland Joyce … Berea, Ky., The
185 3129 833 69 Berea college press [ c 1934]
257 3201 917 50 2 p. l. , 7-125, [1] p. illus. 23½ cm .
259 3258 126 42 Most
410 3260 50 40 of
484 3260 81 39 the
592 3260 161 39 leaves
778 3259 194 49 printed
998 3270 61 30 on
1085 3270 87 30 one
1198 3260 102 41 side
1328 3260 124 48 only.

255 3319 182 39 Poems.

191 3372 50 51 ©
267 3377 112 46 May
406 3376 68 46 15,
499 3375 114 39 1934
631 3385 8 36 ;
668 3374 65 41 2c.
761 3375 95 38 and
883 3373 81 40 aff.
991 3374 126 39 June
1141 3374 82 46 20';
1252 3375 43 38 A
1318 3375 170 47 74131;
1518 3376 169 40 Albert
1712 3377 55 40 R.
1798 3377 170 49 Smith,
254 3379 1913 93 Cincinnati.
446 3431 279 48 (34-18995)

186 3536 305 62 Kershaw,
521 3536 246 53 Francis
794 3536 70 52 de
893 3534 182 57 Sales.

264 3612 176 67 State,
478 3611 266 67 business,
782 3610 112 54 and
933 3610 209 52 church
1181 3610 280 54 economic
1500 3613 296 52 insurance
1845 3616 59 65 (a
195 3616 1962 140 correlation)
396 3691 72 67 by
516 3689 236 52 Francis
796 3688 68 52 de
909 3686 158 55 Sales
1111 3688 290 54 Kershaw.
1485 3689 216 70 Dallas,
1747 3692 241 55 Atlanta
2041 3700 137 61 [etc.]

196 3769 62 52 B.
293 3769 252 66 Upshaw
581 3766 110 52 and
724 3783 275 51 company
1036 3800 11 33 [
1053 3773 17 20 c
1076 3769 131 48 1934]

262 3845 16 36 1
314 3854 40 37 p.
414 3874 8 10 l..
453 3853 137 38 [v]-x,
617 3841 59 41 72
700 3852 42 37 p.
797 3841 58 40 16
855 3843 43 21 cm
904 3871 8 9 .

194 3896 49 51 ©
274 3902 113 45 May
414 3899 39 46 9,
483 3898 140 47 1934;
655 3898 65 39 2c.
751 3897 96 40 and
873 3897 81 39 aff.
985 3897 126 39 June
1140 3897 80 47 18;
1253 3898 40 38 A
1323 3898 170 48 72823;
1527 3900 165 40 Banks
1724 3901 213 47 Upshaw
1968 3902 35 40 &
2033 3915 68 28 co.

270 3954 279 51 (34-18982)
