2350 4196
1176 4013 95 45 1486

258 392 214 62 Moore,
503 390 154 53 John
690 390 169 64 Cecil,
893 391 169 53 1907-

324 467 119 51 The
479 466 138 52 New
653 466 218 64 Forest,
904 466 75 65 by
1013 466 156 54 John
1204 466 64 55 C.
1303 466 224 63 Moore;
1566 466 139 51 with
1741 465 214 53 sixteen
252 467 1965 128 illustrations
452 544 112 50 and
613 542 290 68 endpaper
951 562 133 47 map
1132 542 152 53 from
1332 542 259 52 charcoal
1640 542 289 66 drawings
1976 543 74 65 by
255 544 1960 142 Barrington
525 622 259 50 Browne.
859 619 256 66 London,
1156 620 299 65 Chapman
1493 621 46 50 &
1577 619 159 63 Hall,
1774 619 104 52 ltd.
1925 622 171 62 [1934]

321 693 26 38 7
372 701 42 36 p.
443 690 43 48 1,
514 691 144 40 3-186
686 703 41 36 p.
788 690 135 41 front.
967 691 170 48 (port.)
1175 691 168 48 plates.
1405 691 54 39 19½
1493 693 14 20 cm
1541 723 6 6 .

326 760 138 49 Maps
499 772 57 29 on
589 761 359 49 lining-papers.

260 828 51 51 ©
364 843 36 28 1c.
425 832 99 39 Oct.
550 831 67 40 26.
643 830 113 41 1934;
809 832 39 37 A
872 833 59 37 ad
956 831 86 40 int.
1066 831 168 44 19478;
1263 830 140 46 pubd.
1428 830 118 46 Aug.
1572 829 57 39 28;
1682 831 40 37 J.
1751 830 45 40 C.
1826 832 176 38 Moore.
327 832 1901 103 Tewkesbury.
494 887 426 40 Gloucestershire.
951 887 233 47 England.
1256 885 278 43 (34-37623)

255 991 254 62 Popular
539 991 226 52 science
795 989 289 63 monthly.

320 1068 150 52 How
499 1073 57 46 to
586 1067 159 52 build
776 1067 207 66 cabins,
1014 1068 210 65 lodges,
1255 1067 112 51 and
1396 1067 358 65 bungalows;
1788 1068 272 64 complete
253 1083 1962 115 manual
378 1145 62 51 of
470 1145 404 66 constructing,
905 1143 344 68 decorating,
1280 1145 110 51 and
1422 1143 333 67 furnishing
1784 1145 191 51 homes
2007 1143 92 51 for
251 1162 1966 113 recreation
504 1241 62 33 or
604 1221 185 68 profit.
865 1223 179 65 Many
1080 1222 224 66 designs
1341 1222 113 51 and
1491 1228 114 46 cost
1642 1220 283 53 estimates
1965 1221 274 53 included.

254 1302 287 64 Prepared
582 1300 74 66 by
699 1301 94 50 the
835 1300 264 52 editorial
1140 1299 132 52 staff
1314 1298 61 52 of
1416 1299 256 66 Popular
1715 1299 209 52 science
1969 1298 271 66 monthly.

253 1378 134 51 New
429 1378 178 63 York,
647 1379 254 65 Popular
941 1378 209 53 science
1190 1376 333 67 publishing
1562 1394 293 48 company,
1898 1376 102 51 inc.
2048 1409 11 33 [c
2090 1380 132 48 1934]

319 1449 86 41 256
429 1461 43 36 p.
533 1450 127 39 illus.
690 1449 132 47 (incl.
847 1449 163 48 plans)
1080 1448 54 41 19½
1167 1451 42 20 cm
1215 1481 8 7 .
1293 1448 94 48 (On
1410 1458 160 30 cover:
1600 1449 285 47 Spare-time
1906 1448 138 46 profit
2065 1449 172 40 series)

357 1518 380 41 "Information”:
769 1530 42 36 p.
841 1519 216 39 249-251.

261 1588 51 50 ©
350 1595 126 43 Sept.
572 1623 6 8 18.
614 1590 113 40 1934;
790 1591 67 40 2c.
892 1593 94 37 and
1023 1590 79 38 aff.
1140 1591 97 39 Oct.
1273 1589 54 39 19;
1393 1592 38 36 A
1467 1589 143 40 76640;
1673 1591 212 46 Popular
1920 1589 183 39 science
2137 1591 109 45 pub.

328 1660 64 27 co.,
439 1649 87 38 inc.
600 1647 278 47 (34-37282)

260 1749 313 65 Robinson,
608 1749 250 54 William
891 1750 238 64 Wilcox,
1164 1752 170 49 1891-

326 1826 264 52 Animals
632 1826 59 51 in
732 1826 94 51 the
866 1843 132 49 sun;
1043 1825 167 52 about
1254 1825 325 68 crocodiles,
1620 1824 229 68 lizards,
1890 1825 202 52 turtles
2136 1824 110 51 and

257 1903 216 68 snakes,
507 1903 73 68 by
615 1903 88 53 W.
740 1903 89 53 W.
867 1902 308 67 Robinson,
1212 1902 289 68 drawings
1537 1902 74 69 by
1646 1902 166 52 Irene
1850 1903 67 53 B.
1956 1901 292 53 Robinson

258 1982 111 51 and
403 1999 71 33 an
503 1981 388 51 introduction
924 1980 34 52 by
1027 1980 259 53 William
1319 1979 198 53 Beebe.
1588 1980 135 52 New
1759 1979 163 52 York
1956 1981 112 51 and
257 1979 1966 146 London,
414 2058 232 67 Harper
673 2060 44 50 &
743 2057 276 66 brothers,
1048 2059 148 51 1934.

332 2128 1120 52 vii, [1], 56 p. incl. front., illus. 23½ × 32 cm .
261 2199 1790 51 © Oct. 4. 1934; 2c. Oct. 5; aff. Oct. 6; A 75657; Harper & bros.
340 2259 277 46 (34-37233)

261 2362 363 64 Rothschild,
658 2363 252 52 Edward
944 2362 261 56 Francis.

329 2440 117 52 The
473 2439 266 68 meaning
767 2439 63 53 of
856 2439 498 68 unintelligibility
1383 2443 60 50 in
1469 2443 235 51 modern
1732 2450 88 43 art
1853 2440 108 67 [by]
1999 2441 244 51 Edward

261 2519 62 50 F.
375 2516 355 53 Rothschild.
808 2516 267 67 Chicago,
1124 2517 118 52 The
1293 2517 336 67 University
1679 2517 62 51 of
1794 2518 249 67 Chicago
2095 2536 155 48 press

259 2626 13 34 [
275 2600 19 22 c
299 2597 136 51 1934]

333 2668 59 40 xi.
429 2666 95 40 102.
562 2667 53 48 [1]
650 2676 41 36 p.
721 2667 110 39 incl.
863 2667 113 38 illus.,
1036 2667 168 45 plates.
1266 2664 54 41 19
1324 2669 42 19 cm
1372 2697 7 8 .
1452 2667 297 48 (Half-title:
1784 2667 194 39 Studies
2012 2667 50 37 of
263 2678 1968 91 meaning
377 2725 47 37 in
461 2727 103 41 art;
603 2733 26 28 a
669 2722 149 40 series
854 2722 50 39 of
940 2722 214 39 volumes
1188 2722 252 47 published
1476 2724 78 39 for
1590 2725 81 38 the
1706 2724 327 40 Renaissance
2070 2723 177 48 society

259 2780 50 39 of
340 2780 79 39 the
450 2779 279 46 University
759 2779 50 39 of
838 2778 233 47 Chicago)

330 2835 99 40 The
455 2835 327 39 illustrations
810 2845 82 30 are
919 2834 259 41 numbered
1204 2846 54 29 as
1284 2836 170 48 plates.

264 2902 1966 107 © Oct. 23, 1934; 2c. Nov. 2; aff. Oct. 31; A 76890; University of Chicago, Chicago. (34-37285)
266 3063 266 65 [Russell,
568 3065 224 63 George
826 3062 271 68 William]
1138 3066 168 52 1867-

332 3139 119 52 The
477 3139 168 52 house
675 3139 63 52 of
761 3140 92 52 the
881 3139 202 52 Titans
1111 3140 109 50 and
1248 3140 160 53 other
1432 3159 207 50 poems,
1668 3141 57 68 by
1767 3142 68 51 A.
1866 3141 65 51 E.
1996 3140 252 67 London,

262 3215 329 52 Macmillan
622 3215 110 52 and
764 3233 94 48 co.,
888 3213 237 70 limited,
1158 3219 147 49 1934.

331 3287 61 45 vi,
421 3286 68 47 87,
525 3288 54 47 [1]
610 3297 56 36 p.,
698 3288 24 36 1
773 3318 6 7 l.
841 3286 57 40 19½
929 3289 43 21 cm
979 3318 7 8 .

266 3355 1982 53 © 1c. Oct. 31. 1934; A ad int. 19517; pubd. Oct. 19: Macmillan co., New
334 3416 140 38 York.
547 3416 277 44 (34-38155)

264 3515 318 65 Schlosser,
612 3517 335 52 Alexander
973 3519 82 64 L.,
1087 3524 167 49 1888-

265 3591 1960 142 The gentle art of murder, 1934; the year’s outstanding examples of the murderer’s skill. by Alexander L. Schlosser …
265 3745 1244 71 New York. The Vanguard press [ c 1934]
331 3815 609 49 5 p. l., 3-277 p. 19½ cm .
268 3882 51 51 ©
395 3897 71 31 Nov.
495 3887 39 47 2,
565 3888 112 40 1934;
737 3889 65 39 2c.
834 3889 93 39 and
957 3889 80 39 aff.
1116 3901 69 31 Nov.
1218 3892 25 38 5;
1303 3893 41 38 A
1372 3892 145 40 76909;
1575 3895 263 45 Vanguard
1870 3904 148 38 press,
2051 3895 89 40 inc.

345 3943 276 47 (34-37222)
