2350 4196
1119 4003 100 49 270

264 446 84 40 190
375 458 43 36 p.
479 447 55 39 19½
566 450 43 20 cm
616 479 7 8 .

193 499 51 51 ©
273 504 108 40 Jan.
408 504 68 40 20.
504 504 114 40 1934;
675 504 64 39 2c.
770 506 94 37 and
893 503 78 40 aff.
1003 506 121 39 Mar.
1152 507 23 36 1;
1234 506 39 37 A
1302 505 144 40 69655;
1502 507 220 40 Fleming
1750 507 56 37 H.
1839 508 164 38 Revell
2035 518 65 29 co.

272 560 248 48 (34-5303)

186 650 262 54 Selected
500 651 313 53 references
864 652 58 50 in
973 652 315 66 education,
1341 655 148 48 1933.
1580 652 267 68 Chicago,
1897 654 111 65 Ill.,
2060 654 119 52 The

253 728 338 68 University
621 730 61 51 of
712 729 249 67 Chicago
997 733 169 63 [1934]

258 804 63 38 ix.
358 803 85 40 190
476 814 42 36 p.
583 803 55 38 24
641 805 43 20 cm
692 836 5 6 .
764 804 195 38 annual.
1036 803 426 48 (Supplementary
1499 803 303 40 educational
1844 805 335 45 monographs,

189 861 108 46 pub.
329 861 49 37 in
409 860 312 46 conjunction
753 860 117 39 with
904 861 80 38 the
1020 860 168 39 School
1221 861 176 37 review
1430 861 96 38 and
1559 860 83 39 the
1673 860 312 47 Elementary
2019 861 159 38 school

188 917 210 46 journal,
427 927 75 29 no.
529 918 69 37 41.

255 972 293 49 “Reprinted
566 973 127 39 from
713 973 82 39 the
815 972 170 40 School
1019 972 174 40 review
1212 974 95 38 and
1326 974 82 39 the
1426 974 311 45 Elementary
1756 972 160 39 school
1936 972 209 47 journal."

189 1029 1973 105 “The … monthly … lists of selected and annotated references in education … is here made available … in a single … publication.”
261 1144 126 38 “The
412 1145 110 38 lists
548 1154 84 29 are
656 1145 48 37 in
731 1143 142 40 effect
898 1153 27 29 a
953 1142 317 41 continuance
1296 1143 50 41 of
1374 1145 81 38 the
1484 1143 199 40 'Record
1711 1144 49 40 of
1788 1147 195 36 current
189 1144 1971 96 educational
367 1200 351 48 publications’,
748 1199 158 40 which
935 1209 101 30 was
1063 1200 233 48 formerly
1324 1201 253 47 published
1606 1202 60 46 by
1697 1202 80 39 the
1808 1200 176 41 United
2018 1201 161 40 States

188 1257 142 40 Office
357 1258 50 38 of
435 1257 256 40 education
722 1258 81 38 but
832 1257 155 39 which
1016 1267 101 29 was
1144 1257 335 40 discontinued
1508 1257 118 40 with
1657 1259 82 39 the
1765 1257 107 41 first
1900 1262 199 44 quarter
2128 1257 50 40 of

184 1313 155 41 1932.”

189 1366 51 51 ©
274 1371 107 38 Jan.
413 1371 67 38 31.
513 1370 113 40 1934;
687 1370 66 39 2c.
787 1372 120 37 Mar.
939 1372 24 36 1;
1027 1370 78 40 aff.
1141 1371 107 39 Feb.
1281 1371 55 40 28;
1397 1372 42 38 A
1469 1371 169 47 69776;
1675 1372 283 49 University
1990 1374 49 38 of
256 1371 1905 103 Chicago.
457 1427 249 46 (34-5184)

186 1516 264 66 Sheerin,
488 1519 219 63 James,
745 1520 171 50 1865-

255 1596 163 52 Henry
485 1596 256 54 Codman
767 1597 215 63 Potter,
1010 1615 70 32 an
1106 1596 304 52 American
1436 1596 422 67 metropolitan,
1882 1597 76 64 by
1982 1600 192 51 James

186 1671 1986 69 Sheerin … foreword by Ernest Milmore Stires … New York
189 1754 136 63 [etc.]
361 1749 265 69 Fleming
654 1752 75 52 H.
758 1752 196 51 Revell
981 1769 277 49 company
1292 1785 12 33 [
1310 1758 17 20 c
1333 1755 150 63 1933]

249 1824 95 47 xvi,
375 1824 173 40 17-196
577 1835 41 36 p.
678 1824 136 40 front.
857 1823 170 48 (port.)
1094 1824 55 38 21
1153 1826 42 21 cm
1201 1856 7 8 .

187 1876 51 51 ©
268 1881 108 39 Jan.
405 1880 68 40 20.
534 1880 83 40 1934;
675 1881 66 39 2c.
773 1883 93 37 and
897 1880 80 41 aff.
1009 1882 119 38 Mar.
1159 1882 23 37 1;
1242 1881 41 38 A
1312 1880 143 41 69688;
1515 1881 221 47 Fleming
1765 1882 58 38 H.
1855 1882 166 39 Revell
2051 1892 68 31 co.

267 1937 249 48 (34-5198)

186 2027 320 64 Shepherd,
541 2029 182 51 Edith
753 2028 326 55 Elizabeth.

187 2102 1963 146 … Guidance in composition, by Edith E. Shepherd … Indianapolis, New York. The Bobbs-Merrill company [ c 1934]
253 2262 43 37 x,
325 2252 84 40 270
435 2264 43 36 p.
533 2253 55 40 19
591 2256 43 20 cm
641 2287 7 7 .
713 2254 541 47 (Shepherd-Parkman
1278 2257 238 45 language
1543 2255 173 46 series)

253 2309 133 41 With
412 2311 99 39 this
537 2310 41 40 is
605 2312 158 39 bound
789 2313 82 38 the
896 2312 218 39 author’s
1142 2311 116 40 Unit
1285 2311 185 40 studies
1497 2312 48 38 in
1571 2322 259 37 grammar.
184 2313 1970 101 Indianapolis,
286 2368 117 39 New
428 2368 144 47 York,
602 2367 127 41 1934.

249 2425 227 40 Lettered
505 2435 58 29 on
594 2435 166 30 cover:
793 2426 259 46 Language
1083 2425 92 39 and
1207 2435 258 37 grammar.

185 2482 54 51 ©
266 2486 111 39 Feb.
405 2485 69 39 26.
503 2485 114 40 1934;
676 2485 65 39 2c.
773 2486 119 38 Mar.
924 2486 24 37 5;
1008 2484 81 40 aff.
1120 2485 118 38 Mar.
1269 2484 24 39 3;
1354 2485 42 37 A
1424 2484 143 40 69708;
1626 2486 367 39 Bobbs-Merrill
2024 2496 67 30 co.

266 2542 249 47 (34-5204)

182 2627 1964 148 … Unit studies in grammar, by Edith E. Shepherd … Indianapolis. New York, The Bobbs-Merrill company [ c 1934]
248 2779 95 48 xiv,
374 2779 86 40 277
488 2790 42 37 p.
589 2779 55 40 19
647 2782 43 20 cm
696 2812 7 8 .
773 2780 537 48 (Shepherd-Parkman
1341 2782 239 45 language
1611 2780 174 46 series)

252 2839 132 40 With
411 2837 82 39 the
520 2837 219 39 author’s
767 2837 246 40 Guidance
1040 2836 49 39 in
1119 2836 327 47 composition.
1504 2836 346 49 Indianapolis,
1880 2838 117 39 New
2026 2838 142 48 York,

180 2892 126 42 1934.

250 2951 226 41 Lettered
507 2961 58 29 on
593 2961 166 29 cover:
792 2951 261 47 Language
1082 2950 94 39 and
1204 2959 257 38 grammar.

183 3008 51 51 ©
262 3012 110 39 Feb.
400 3011 67 41 26.
496 3011 112 40 1934;
665 3011 63 39 2c.
760 3011 119 38 Mar.
908 3011 26 38 5;
990 3009 81 39 aff.
1100 3010 120 38 Mar.
1248 3009 25 39 3;
1331 3009 40 38 A
1399 3008 168 48 69709;
1599 3010 366 39 Bobbs-Merrill
1994 3022 66 28 co.

261 3067 249 48 (34-5217)

180 3157 377 66 Shoemaker,
589 3159 202 53 James
816 3157 270 65 Sheldon,
1120 3160 169 49 1898-

253 3234 356 54 Small-fruit
660 3235 243 64 culture;
957 3253 26 32 a
1034 3239 121 47 text
1201 3232 93 58 for
1340 3232 339 52 instruction
1728 3232 112 52 and
1887 3231 280 53 reference

182 3309 1986 146 work and a guide for field practice, by James Sheldon Shoemaker … with 52 illustrations. Philadelphia, P. Blakiston’s
179 3487 98 35 son
305 3470 45 49 &
376 3487 96 47 co.,
500 3468 104 52 inc.
639 3502 12 33 [
657 3475 17 21 c
680 3470 151 64 1934]

247 3551 78 35 xv,
353 3540 87 40 434
467 3550 41 37 p.
563 3539 127 40 illus.
749 3540 54 37 22
807 3542 43 21 cm
856 3572 7 7 .

251 3596 346 40 “References”:
658 3608 40 36 p.
729 3596 216 39 411-427.

184 3654 48 51 ©
262 3659 109 39 Feb.
400 3658 67 39 28.
497 3657 113 39 1934;
667 3656 65 40 2c.
764 3656 94 39 and
888 3656 78 38 aff.
998 3657 120 38 Mar.
1148 3656 21 37 1;
1230 3655 39 38 A
1299 3654 141 40 70426;
1499 3656 47 37 P.
1579 3655 296 40 Blakiston’s
1905 3666 86 29 son
2021 3656 34 39 &
2083 3664 81 36 co.,

247 3715 89 39 inc.
411 3712 248 49 (34-5434)

173 3789 295 53 Southern
513 3788 199 67 digest.
813 3791 130 48 1933
989 3787 340 51 cumulative
1374 3789 209 50 annual
1623 3788 204 66 pocket
1867 3789 160 65 parts
2070 3784 95 53 for

243 3864 1606 68 vols. 1-29 … St. Paul. West publishing co. [ c 1934]
246 3940 60 40 29
330 3952 39 27 v.
430 3940 56 39 26
487 3942 42 20 cm
537 3971 7 8 .
