2529 4296
1099 3999 63 47 65

144 355 296 63 Academy
466 355 63 52 of
556 354 258 63 political
839 353 245 65 science,
1110 356 138 51 New
1279 355 175 51 York.

139 429 1969 132 … Current problems of unemployment and recovery measures
296 509 56 51 in
387 508 324 68 operation;
749 528 31 33 a
814 508 167 53 series
1018 507 62 53 of
1116 508 290 52 addresses
1443 508 112 51 and
1593 525 204 50 papers
1836 507 297 68 presented

138 592 57 47 at
236 587 94 52 the
372 587 210 51 annual
624 586 251 68 meeting
917 585 63 53 of
1019 586 96 52 the
1158 585 291 68 Academy
1495 584 63 53 of
1603 585 257 67 political
1904 585 229 66 science,

138 663 316 54 November
499 667 47 63 8,
592 666 150 65 1933,
787 664 189 52 edited
1020 663 74 68 by
1140 661 219 54 Parker
1405 662 247 54 Thomas
1698 663 192 52 Moon.
1996 663 137 52 [New

138 742 177 66 York]
350 742 120 53 The
501 742 291 68 Academy
823 741 63 53 of
916 740 257 69 political
1203 741 229 66 science,
1466 739 298 55 Columbia
1799 740 335 68 university,

139 822 147 51 1934.

207 890 1918 50 iv, 108 p. 22 cm . (Its Proceedings … vol. xv, no. 4. January, 1934)
206 948 546 41 CONTENTS.—Current
790 949 238 46 problems
1067 949 51 39 of
1157 948 388 46 unemployment
1587 949 92 39 and
1723 957 224 35 recovery
138 958 1980 87 measures

277 1006 47 38 in
356 1004 574 48 operation.—Scientific
963 1014 234 37 progress,
1232 1005 79 39 the
1346 1005 191 39 shorter
1571 1004 131 39 week
1734 1005 94 38 and
136 1004 1982 105 unemployment.—Long-range
668 1063 245 47 planning.

138 1130 51 52 ©
223 1135 110 39 Dec.
368 1135 66 40 13,
470 1135 138 40 1933;
646 1135 65 39 2c.
748 1135 108 38 Jan.
891 1135 67 44 10,
994 1133 139 45 1934;
1172 1145 78 27 aff.
1289 1134 107 38 Jan.
1434 1133 50 40 9;
1524 1133 39 38 A
1598 1133 167 40 68813;
1805 1133 243 46 Academy
2081 1133 53 38 of

204 1191 214 48 political
450 1192 199 39 science.
720 1192 249 47 (34-1843)

136 1307 314 55 American
490 1310 360 67 bankruptcy
890 1314 236 63 reports.
1204 1310 137 50 New
1377 1310 187 56 series,
1603 1309 146 53 cited
1788 1311 128 51 Am.
2016 1352 9 8 B.
2064 1310 68 51 It.

218 1388 95 60 (N.
349 1388 84 66 S.)
477 1388 298 68 reporting
805 1389 94 51 the
931 1388 360 67 bankruptcy
1323 1388 276 51 decisions
1633 1389 109 50 and
1777 1387 264 68 opinions
2073 1388 61 51 in

208 1467 93 52 the
342 1467 216 55 United
604 1466 205 59 States,
851 1467 63 52 of
956 1468 92 52 the
1089 1466 221 53 federal
1354 1472 205 51 courts,
1602 1471 142 48 state
1787 1471 188 48 courts
2018 1466 112 51 and

206 1546 240 50 referees
508 1545 54 51 in
625 1546 375 66 bankruptcy.
1080 1545 210 51 Edited
1350 1545 73 66 by
1486 1546 148 50 Fred
1693 1547 65 49 E.
1819 1545 313 52 Rosbrook.

264 1625 68 52 Vol.
542 1666 8 9 XXIII.
626 1624 248 67 Albany,
917 1626 67 50 N.
1030 1626 88 58 Y.,
1162 1624 277 51 Matthew
1485 1624 224 51 Bender
1751 1625 42 49 &
1837 1641 296 50 company,

206 1703 415 67 incorporated,
655 1706 148 49 1934.

203 1787 77 31 xx,
314 1777 84 39 816
430 1788 41 36 p.
533 1777 55 38 24
592 1779 43 20 cm
641 1810 6 6 .

137 1843 50 51 ©
218 1848 106 39 Jan.
355 1846 67 43 19,
453 1848 138 39 1934;
624 1848 65 39 2c.
721 1848 107 39 Jan.
860 1848 80 40 22;
974 1847 78 40 aff.
1085 1848 108 39 Jan.
1224 1849 81 38 20:
1338 1848 42 38 A
1408 1847 169 41 68950’;
1613 1848 235 39 Matthew
1878 1848 192 38 Bender
2100 1848 35 39 &

205 1916 80 31 co.,
313 1905 88 40 inc.

140 2024 310 54 American
479 2025 277 53 institute
783 2026 63 52 of
873 2029 406 50 accountants.

137 2103 1969 130 … Year book [1933] of the American institute of accountants.
360 2181 297 67 [Concord,
686 2183 68 51 N.
850 2224 28 14 H.,
908 2181 241 53 Printed
1178 2181 72 65 by
1282 2183 118 51 The
1433 2181 287 53 Rmnford
1749 2200 174 48 press.
1953 2189 16 19 c
1977 2184 150 63 1934]

203 2256 527 47 1 p. l. , 297 p. 24 cm .
137 2323 50 51 ©
219 2327 109 40 Jan.
358 2327 67 46 17,
458 2327 138 40 1934;
631 2327 65 39 2c.
729 2327 109 38 Jan.
870 2326 80 40 19;
986 2326 79 39 aff.
1100 2327 107 38 Jan.
1241 2328 80 38 20:
1358 2327 38 37 A
1428 2326 169 40 69129:
1634 2327 155 39 Amer.
1824 2327 227 39 institute
2084 2327 49 38 of

205 2387 330 37 accountants.
565 2384 115 39 New
709 2384 144 39 York.

140 2503 311 53 American
487 2503 277 53 institute
798 2504 63 51 of
892 2503 228 64 mining
1151 2505 115 51 and
1300 2504 432 64 metallurgical
1764 2505 329 63 engineers.

204 2578 113 54 Ore
349 2578 247 68 deposits
629 2578 62 53 of
721 2580 95 52 the
849 2584 235 49 western
1117 2586 189 57 states,
1338 2579 189 54 edited
1563 2580 72 67 by
1669 2580 93 53 the
1799 2579 334 55 Committee

133 2657 1939 68 on the Lindgren volume, John Wellington Finch, chairman …
137 2737 137 53 with
305 2737 413 53 contributions
746 2739 74 65 by
850 2738 61 55 C.
940 2739 74 53 H.
1045 2738 202 67 Behre,
1275 2738 89 67 jr.,
1394 2739 55 54 S.
1478 2740 76 51 H.
1585 2739 148 66 Ball,
1762 2741 63 50 P.
137 2740 1970 142 Billingsley

255 2814 1880 68 [and others] … Lindgren volume. 1st ed. New York, The
142 2891 298 54 American
491 2891 261 55 institute
804 2892 63 51 of
918 2891 221 69 mining
1191 2892 108 52 and
1357 2892 417 68 metallurgical
1827 2893 308 68 engineers,

135 2970 303 66 sponsored
467 2971 75 66 by
568 2971 96 57 the
693 2969 196 67 Rocky
918 2970 293 53 mountain
1242 2970 165 63 fund,
1439 2974 148 49 1933.

207 3040 150 40 xxxiv
394 3052 57 37 p.,
489 3042 24 38 1
586 3073 7 15 l.,
632 3040 84 41 797
754 3053 40 36 p.
833 3042 106 40 incl.
978 3042 146 40 front,
1155 3042 172 48 (port.)
1374 3044 142 47 illus.,
1555 3054 148 38 maps,
1744 3046 176 47 diagrs.
1988 3047 53 40 23½
2076 3049 41 20 cm
2125 3080 7 7 .

143 3098 250 47 (Lettered
428 3112 59 29 on
523 3111 161 31 cover:
718 3099 164 47 Rocky
917 3099 250 40 mountain
1204 3101 122 38 fund
1363 3101 175 45 series)

211 3159 260 40 Published
498 3159 48 38 in
574 3160 152 38 honor
752 3158 49 40 of
830 3161 80 37 the
937 3159 269 40 seventieth
1235 3159 229 48 birthday
1495 3161 50 39 of
1573 3162 278 39 Waldemar
1878 3163 257 48 Lindgren.

137 3216 59 47 cf.
239 3213 129 40 Pref.

204 3272 222 39 Includes
448 3270 379 48 bibliographies
846 3282 8 35 ;
883 3270 281 41 “Classified
1187 3271 84 40 list
1295 3272 49 39 of
1369 3273 234 41 scientific
1628 3275 220 49 writings
1872 3277 50 39 of
141 3279 1974 91 Waldemar

273 3331 240 45 Lindgren
553 3331 233 45 (through
816 3331 139 45 June,
986 3329 203 45 1933)”:
1219 3341 42 36 p.
1291 3331 310 42 xxiii-xxxii.

138 3386 51 51 ©
220 3391 115 39 Nov.
368 3391 67 44 17,
468 3389 139 44 1933;
642 3390 64 38 2c.
739 3390 110 37 Dec.
881 3388 82 40 21:
998 3388 80 39 aff.
1113 3389 109 39 Jan.
1255 3388 67 42 18,
1356 3389 139 40 1934;
1530 3391 42 38 A
1603 3391 168 42 69062:
1809 3394 157 40 Amer.
207 3393 1909 93 institute

336 3448 51 38 of
413 3447 184 46 mining
624 3447 94 39 and
746 3446 357 46 metallurgical
1132 3445 265 47 engineers,
1426 3447 88 39 inc.
1588 3448 249 50 (34-1869)

140 3566 312 52 American
484 3565 225 62 society
739 3565 62 52 of
831 3564 246 64 heating
1105 3565 114 52 and
1251 3565 357 66 ventilating
1638 3570 329 63 engineers.

269 3642 1862 68 … Guide, 1933 … together with a manufacturers' catalog
140 3724 131 50 data
302 3723 210 51 section
542 3721 333 67 containing
903 3720 262 52 essential
1196 3721 111 51 and
1337 3721 230 53 reliable
1600 3723 373 55 information
140 3748 1969 120 concerning

399 3801 235 50 modern
664 3798 342 68 equipment,
1037 3800 116 50 also
1183 3799 94 51 the
1309 3801 107 51 roll
1444 3801 63 52 of
1536 3803 378 69 membership
1946 3806 63 51 of
2040 3808 93 51 the

144 3879 240 67 Society,
419 3878 138 51 with
594 3878 275 67 complete
903 3877 231 53 indexes
1167 3882 57 46 to
1261 3877 280 53 technical
1576 3881 111 50 and
1723 3884 225 66 catalog
1981 3885 150 53 data.
