2350 4196
1224 4014 99 48 212

250 414 177 64 Bryk,
460 413 182 63 Felix,
676 414 170 50 1882-

319 490 409 56 Circumcision
768 491 59 50 in
868 508 133 33 man
1044 490 111 51 and
1199 506 247 47 woman;
1492 486 73 53 its
1606 486 238 66 history,
1885 486 347 66 psychology

249 571 111 51 and
400 569 322 66 ethnology,
762 567 74 66 by
875 566 165 52 Felix
1077 565 188 67 Bryk;
1306 565 314 52 translated
1658 564 75 66 by
1770 563 192 52 David
2002 565 231 64 Berger,

392 642 1543 68 M. A. New York, American ethnological press, 1934.
324 714 1030 51 5 p. l., 13-342 p. incl. front., illus. 23½cm.
327 769 1910 49 “This edition … is limited to 1500 copies: sold only to physicians,
255 830 234 41 members
518 831 50 39 of
596 832 81 38 the
705 830 160 46 clergy
895 832 94 37 and
1017 829 136 39 adult
1180 829 222 39 students
1432 827 49 39 of
1511 828 81 38 the
1620 827 147 39 social
1799 825 251 40 sciences.”

323 885 375 50 Bibliography:
732 898 41 36 p.
802 885 218 41 326-342.

257 939 1981 52 © Feb. 1. 1934; 2c. and aff. Feb. 7: A 69344: Amer. ethnological press.
336 1002 223 46 (34-4247)

257 1079 237 67 Bullett,
525 1081 212 54 Gerald
764 1080 272 64 William,
1068 1084 168 48 1894-
1471 1081 81 51 ed.

325 1157 121 52 The
476 1157 244 67 English
752 1157 208 67 galaxy
993 1157 62 51 of
1086 1157 217 51 shorter
1337 1173 206 49 poems,
1577 1156 198 51 chosen
1811 1154 110 52 and
1954 1153 186 53 edited
2170 1153 72 68 by

258 1234 207 54 Gerald
501 1235 234 53 Bullett.
859 1252 78 33 New
972 1234 176 66 York,
1180 1234 121 53 The
1332 1234 332 52 Macmillan
1699 1250 293 50 company,
2025 1234 148 48 1934.

325 1318 77 35 xv,
436 1306 99 48 495,
576 1308 53 47 [1]
668 1318 41 37 p.
772 1306 56 40 18½cm.

261 1365 1732 51 © Feb. 27. 1934; 2c. and aff. Feb. 28; A 70414: Macmillan co.
338 1425 249 47 (34-4710)

259 1498 316 66 Buranelli,
604 1501 270 63 Prosper,
903 1503 171 48 1890-
1285 1500 83 52 ed.

327 1578 120 52 The
483 1596 147 34 cross
664 1578 157 51 word
856 1579 197 66 puzzle
1088 1576 160 53 book.
1318 1576 291 52 Thirtieth
1643 1575 185 52 series.
1899 1575 54 50 A
1985 1572 264 54 thirtieth

260 1656 311 68 anthology
605 1656 62 52 of
700 1654 272 69 fifty-five
1004 1674 123 34 new
1165 1673 146 34 cross
1345 1655 156 52 word
1538 1655 241 67 puzzles,
1813 1652 298 69 including
2143 1651 109 53 five

260 1734 371 68 diagramless
660 1752 148 34 cross
837 1734 158 52 word
1023 1734 241 67 puzzles,
1294 1733 301 68 published
1624 1733 133 52 here
1787 1732 343 67 exclusively
2158 1731 94 52 for

259 1812 97 52 the
394 1810 125 54 first
556 1813 154 66 time,
750 1813 112 51 and
905 1812 188 52 edited
1132 1812 74 67 by
1245 1813 245 67 Prosper
1532 1812 315 65 Buranelli,
1885 1812 65 50 F.
1993 1811 259 68 Gregory

263 1889 329 53 Hartswick
652 1891 129 65 [and]
824 1890 296 69 Margaret
1158 1891 428 67 Petherbridge.
1658 1890 140 52 New
1839 1889 178 67 York,
2057 1889 197 55 Simon

262 1968 111 52 and
405 1968 286 67 Schuster,
721 1969 124 66 inc.,
877 1972 150 49 1934.

336 2041 85 41 130
451 2053 42 37 p.
554 2042 178 48 diagrs.
795 2042 54 39 19½
882 2044 44 20 cm
931 2074 7 7 .

271 2096 1982 51 © Feb. 14. 1934; 2c. Feb. 23: aff. Feb. 17: A 70312: Simon & Schuster,
334 2157 88 39 inc.
496 2157 248 45 (34-4361)

266 2231 280 65 Burgess,
579 2234 153 52 John
763 2232 273 64 William,
1072 2236 322 50 1844-1931.

339 2308 444 54 Reminiscences
824 2309 61 51 of
929 2328 70 32 an
1043 2308 301 53 American
1389 2309 246 65 scholar;
1681 2309 95 53 the
1816 2307 337 69 beginnings
2194 2309 62 53 of

271 2386 1984 69 Columbia university, by John W. Burgess … with a foreword
269 2464 71 68 by
372 2464 269 53 Ficholas
671 2464 240 68 Murray
943 2466 216 52 Butler.
1228 2464 134 51 New
1400 2465 176 68 York,
1613 2464 295 54 Columbia
1943 2465 315 69 university

272 2560 172 49 press,
476 2545 149 50 1934.

369 2612 1008 50 viii, 430 p., 1 l. front. (port.) 22½ cm .
340 2671 128 39 “The
492 2672 126 38 later
641 2681 155 37 years,
821 2671 274 48 1898-1931,
1120 2674 59 45 by
1203 2672 229 40 Nicholas
1458 2674 200 46 Murray
1684 2674 198 40 Butler”:
1939 2685 42 37 p.
2024 2674 232 49 [342]-346.

279 2727 1978 55 © Jan. 27. 1934; 2c. Jan. 29: aff. Feb. 1: A 70084: Columbia univ. press.
357 2788 249 47 (34-2217)

273 2863 214 64 Burke,
514 2866 140 52 Mrs.
684 2865 146 52 Jane
860 2866 243 54 Revere.

342 2941 1920 69 The bundle of life, by Jane Revere Burke … a third series of
275 3018 501 53 communications
814 3020 252 52 believed
1105 3026 57 47 to
1199 3021 142 51 have
1382 3039 150 34 come
1570 3021 153 52 from
1758 3021 261 54 William
2054 3023 208 53 James.

276 3096 137 52 New
440 3096 178 66 York,
644 3096 68 52 E.
739 3097 64 52 P.
831 3098 222 52 Dutton
1081 3101 44 50 &
1153 3117 76 34 co.
1256 3100 108 51 inc.
1396 3132 12 33 [
1414 3105 17 20 c
1436 3103 134 48 1934
1574 3132 13 33 ]

345 3167 986 51 xiv, 178 p. incl. front. (facsim.) 19½cm.
347 3226 161 41 “First
545 3227 225 40 edition.”

281 3281 1982 51 © Feb. 27. 1934; 2c. Mar. 1: aff. Feb. 28: A 69645: E. P. Dutton & co.,
350 3342 88 39 inc.
511 3342 248 46 (34—4814)

278 3416 366 65 Burroughs,
675 3417 199 64 Edgar
903 3417 157 67 Rice,
1092 3419 170 53 1875-

347 3492 224 52 Pirates
605 3491 64 53 of
699 3493 209 67 Venus,
941 3494 73 69 by
1050 3496 197 68 Edgar
1283 3495 135 53 Rice
1453 3497 364 68 Burroughs;
1856 3498 139 53 with

281 3497 1961 139 frontispiece
472 3569 112 53 and
625 3569 132 52 four
799 3569 285 72 full-page
1124 3573 377 53 illustrations
1540 3573 76 69 by
1655 3574 54 54 J.
1753 3574 172 54 Allen
1969 3575 82 55 St.
2094 3576 171 54 John.

279 3646 277 59 Tarzana,
588 3646 192 68 Calif.,
811 3648 65 51 E.
909 3648 66 52 R.
1006 3650 352 68 Burroughs,
1389 3650 105 53 inc.
1533 3683 12 33 [
1551 3657 17 21 c
1573 3653 151 65 1934]

352 3716 85 41 314
469 3729 43 37 p.
571 3720 163 45 front.,
769 3720 169 47 plates.
999 3722 57 40 19½
1087 3725 44 21 cm
1136 3754 6 6 .

357 3773 285 43 Illustrated
675 3775 358 49 lining-papers.

353 3829 160 42 “First
542 3831 226 40 edition.”

288 3883 51 51 ©
376 3887 108 40 Feb.
520 3889 68 45 15,
625 3889 139 46 1934;
803 3890 64 39 2c.
905 3892 118 38 Mar.
1063 3892 50 39 9:
1153 3892 79 39 aff.
1271 3894 119 37 Mar.
1429 3894 49 37 7:
1518 3894 43 37 A
1595 3893 166 44 70563;
1803 3895 160 47 Edgar
2000 3894 115 39 Rice
355 3895 1896 96 Burroughs.
576 3945 88 40 inc.
736 3946 248 46 (34-4860)
