2350 4196
1123 4007 132 52 1796

190 381 254 67 Claudel,
470 384 162 63 Paul,
663 389 170 48 1868-

322 460 1371 66 … Écoute, ma fille. Paris, Gallimard [ c 1934 ]
261 531 454 49 126 p. 19 × 11 cm .
265 588 1910 49 “Les poèmes qui suivent appartiennent à quatre recueils publiés à la
193 645 54 39 N.
297 646 56 40 R.
399 645 51 41 F.
499 647 245 48 [Nouvelle
789 657 145 30 revue
977 645 290 49 française]:
1317 645 185 40 Corona
1548 644 316 48 benignitatis
1911 646 114 38 anni
2071 647 103 45 Dei,

194 701 210 40 Feuilles
429 704 57 38 de
510 703 168 47 saints,
704 703 197 40 Poëmes
928 705 55 38 de
1010 713 182 38 guerre,
1219 704 47 38 la
1292 699 156 42 Messe
1471 702 168 38 là-bas.
1697 701 349 48 Quelques-uns
2072 705 108 37 sont

195 758 219 44 inédits.”

193 813 1985 51 © June 15, 1931: 1c. Aug. 30: A-Foreign 25490; Librairie Gallimard.
272 875 219 49 (35-708)

193 965 250 57 Clinton,
475 967 242 53 Charles
745 967 63 55 T.

265 1043 122 53 Our
424 1063 168 49 gang,
629 1048 157 51 story
821 1045 75 53 by
935 1044 234 55 Charles
1205 1046 64 50 T.
1310 1042 261 66 Clinton;
1614 1042 247 66 adapted
1897 1042 154 51 from
2084 1042 97 53 the

193 1121 120 54 Hal
355 1122 192 52 Poach
590 1122 291 52 comedies.
924 1122 148 51 ‘'For
1114 1121 181 53 Pete’s
1336 1119 184 55 sake”,
1563 1120 297 53 “Bedtime
1900 1119 281 59 worries”,

194 1197 1986 70 “The first round up”, and ’ HP, neighbor” … Akron, O., New
194 1276 177 60 York,
402 1278 121 52 The
553 1276 270 56 Saalfield
852 1277 332 68 publishing
1215 1295 295 48 company,
1540 1284 17 20 c
1563 1280 146 49 1934.

267 1351 112 49 [152]
410 1362 41 37 p.
509 1352 162 45 front.,
701 1352 126 38 illus.
888 1351 52 39 13½
974 1353 43 21 cm
1022 1381 6 7 .

198 1405 1985 51 © Sept. 29, 1934; 2c. Oct. 22; aff. Oct. 19 ; A 76691: Hal Roach studios,
264 1465 104 47 inc.,
399 1465 177 40 Culver
601 1465 123 47 City,
756 1464 143 41 Calif,
971 1464 13 47 (CA
1070 1463 171 40 34-166
1259 1463 235 47 Unrev'd)

198 1538 174 66 Cobb,
402 1541 161 52 Irvin
592 1540 409 64 Shrewsbury,
1034 1541 169 53 1876-

265 1616 166 52 Irvin
468 1615 55 55 S.
564 1615 202 54 Cobb’s
801 1634 126 34 own
958 1616 187 67 recipe
1176 1614 164 68 book,
1374 1614 233 53 written
1636 1614 78 69 by
1747 1614 112 54 Mr.
1898 1613 156 55 Cobb
2090 1613 94 53 for

195 1692 1964 146 Frankfort distilleries, incorporated … Louisville and Baltimore, Frankfort distilleries, incorporated, c 1934.
270 1842 950 51 1 p. l. , 5-51, [1] p. col. illus. 21 cm .
271 1899 287 41 Illustrated
592 1901 97 46 t.-p.

201 1954 51 51 ©
277 1960 114 38 Nov.
418 1957 68 48 19,
512 1957 140 47 1934;
679 1957 65 40 2c.
772 1957 95 40 and
893 1957 79 40 aff.
999 1959 110 38 Dec.
1136 1959 51 44 T;
1214 1958 42 38 A
1279 1958 170 46 77545;
1479 1958 273 39 Frankfort
1773 1957 295 41 distilleries,
2097 1959 90 38 inc.

279 2012 247 51 (35-1000.)

201 2105 291 65 Coleman,
526 2107 173 62 Mary
730 2106 265 52 Haldane
1028 2106 222 64 (Begg)
1292 2105 172 54 “Mrs.
1502 2106 225 64 George
1760 2107 63 54 P.
1857 2105 329 60 Coleman,”

270 2182 170 54 1875-
653 2200 176 49 comp.

274 2259 267 68 Virginia
572 2260 353 65 silhouettes;
957 2264 428 63 contemporary
1412 2260 191 52 letters
1636 2259 337 66 concerning
2002 2257 187 68 Negro

208 2337 220 68 slavery
458 2336 60 51 in
548 2336 96 54 the
674 2341 141 49 state
848 2337 63 52 of
941 2335 285 70 Virginia,
1256 2343 59 47 to
1348 2336 186 54 which
1567 2336 48 52 is
1647 2335 313 70 appended,
1993 2335 56 52 A

208 2334 1959 133 dissertation
509 2432 70 33 on
609 2414 221 68 slavery
861 2414 141 53 with
1035 2432 28 33 a
1096 2414 266 69 proposal
1396 2414 93 52 for
1519 2414 96 53 the
1646 2413 241 68 gradual
1921 2413 271 53 abolition

209 2491 63 53 of
311 2492 48 52 it
397 2491 60 52 in
495 2491 96 53 the
629 2496 143 47 state
813 2490 62 52 of
912 2489 294 69 Virginia;
1249 2491 266 53 collected
1555 2491 112 54 and
1708 2491 189 53 edited
1937 2492 75 67 by
2051 2490 137 54 Mrs.

210 2566 217 69 George
454 2568 61 51 P.
547 2567 283 55 Coleman.
905 2567 334 68 Richmond,
1264 2569 124 68 Va.,
1414 2569 166 53 Press
1606 2570 62 51 of
1693 2569 95 53 the
1816 2569 166 53 Dietz
209 2567 1962 145 printing
348 2664 95 48 co.,
483 2648 149 49 1934.

277 2717 80 46 vii,
385 2714 55 41 59
463 2727 56 37 p.,
545 2716 26 39 3
630 2747 8 16 l.,
665 2716 55 39 64
746 2727 41 36 p.
843 2716 135 39 front.
1021 2716 234 49 (facsim.)
1320 2719 55 39 20½
1408 2722 43 20 cm
1456 2752 8 7 .

280 2772 92 41 “Of
400 2773 111 47 this,
542 2773 81 43 the
650 2772 107 40 first
786 2774 195 47 edition,
1010 2774 86 39 235
1124 2776 156 44 copies
1309 2776 121 39 have
1461 2777 115 38 been
1606 2776 241 47 privately
1875 2777 193 47 printed
2095 2777 93 38 and

208 2829 172 47 bound,
412 2830 95 39 and
535 2830 110 45 only
674 2839 87 29 one
789 2830 219 39 hundred
1037 2831 94 38 and
1160 2832 278 46 ninety-five
1468 2833 157 46 copies
1657 2842 82 30 are
1768 2833 81 39 for
1876 2834 195 46 general
209 2832 1964 93 distribution.”
544 2886 117 40 This
687 2895 117 38 copy
831 2888 87 37 not
938 2886 273 41 numbered.

281 2943 68 38 “A
376 2943 314 39 dissertation
718 2953 61 28 on
806 2944 191 45 slavery
1016 2953 8 28 :
1055 2944 120 38 with
1202 2955 26 28 a
1256 2947 224 44 proposal
1507 2945 79 39 for
1614 2946 83 38 the
1725 2947 205 46 gradual
1959 2946 231 38 abolition

210 2998 51 40 of
283 3000 52 47 it,
359 3000 48 38 in
431 2999 82 39 the
536 3001 127 37 state
686 2998 51 40 of
761 2999 234 46 Virginia.
1049 3000 73 45 By
1148 3000 63 40 St.
1241 3000 182 48 George
1446 3001 215 40 Tucker”
1698 3002 47 48 (3
1805 3035 7 15 l.,
1841 3002 55 39 64
1919 3014 43 36 p.
1987 3005 53 36 at
2066 3001 116 46 end)

210 3056 87 39 has
327 3056 178 47 special
535 3057 111 45 t.-p.,
677 3065 28 29 a
731 3056 340 46 reproduction
1100 3056 50 38 of
1179 3058 81 38 the
1288 3058 113 39 1796
1431 3061 96 43 t.-p.
1586 3059 50 39 It
1663 3059 41 39 is
1734 3059 244 47 reprinted
2006 3059 128 38 from
2164 3069 25 28 a

211 3122 117 37 copy
352 3112 279 47 containing
655 3112 292 39 corrections
973 3113 94 37 and
1095 3113 232 47 marginal
1357 3118 136 36 notes
1520 3116 60 45 by
1606 3116 82 38 the
1713 3116 190 40 author.

281 3169 516 46 CONTENTS.—Papers
828 3168 49 39 of
912 3168 64 40 St.
1009 3167 182 47 George
1221 3170 445 47 Tucker.—Papers
1699 3172 49 38 of
1780 3172 230 47 Beverley
211 3173 1964 100 Tucker.—Papers
548 3225 50 39 of
630 3225 207 46 Cynthia
869 3224 232 47 Beverley
1129 3226 303 39 Tucker.—A
1463 3229 315 38 dissertation
1808 3239 60 28 on
1900 3230 203 45 slavery,
2132 3230 60 45 by

214 3283 67 40 St.
315 3282 182 47 George
528 3282 201 39 Tucker.

212 3339 53 51 ©
291 3344 108 38 Dec.
433 3342 37 41 8,
499 3341 140 46 1934;
669 3341 64 39 2c.
765 3341 95 39 and
889 3339 78 39 aff.
1000 3340 109 39 Dec.
1141 3340 79 40 31:
1253 3342 42 37 A
1324 3341 168 47 78755;
1524 3341 142 40 Dietz
1694 3342 219 48 printing
1940 3353 63 29 co.

289 3399 218 48 (35-842)

211 3475 162 63 Coze,
401 3474 163 55 Paul.

277 3549 222 52 Rodeos
533 3549 66 52 de
634 3548 280 68 cow-boys
948 3553 53 46 et
1033 3548 78 52 les
1144 3547 133 68 jeux
1312 3549 75 52 du
1422 3551 175 66 lasso;
1636 3549 221 69 croquis
1891 3550 302 68 originaux

210 3632 51 45 et
289 3631 178 47 textes
495 3626 68 52 de
590 3626 147 51 Paul
769 3624 158 54 Coze.
991 3625 184 67 Paris,
1208 3624 217 55 Societe
1456 3627 285 53 française
1768 3628 68 52 de
1864 3627 258 52 librairie
2150 3629 44 50 &

209 3701 317 68 d’éditions,
561 3706 149 51 1934.

285 3773 1237 51 5 p. l. , 13-390, [2] p. illus., IV pl. on 2 l. 27 cm .
284 3830 238 48 “Lexique
552 3831 353 46 depressions
932 3830 261 45 cow-boys”
1213 3842 8 28 :
1253 3841 42 37 p.
1328 3832 244 49 [185]-190.

215 3885 1736 51 © Oct. l. 1934 : 1c. Sept. 20: A-Foreign 25734: P. Coze, Paris.
292 3945 217 49 (35-917)
