2350 4196
1095 3995 131 51 1087

164 424 1997 71 life that hidden charm so desired by all … Los Angeles,
167 503 193 69 Calif.,
391 504 216 54 Wetzel
638 505 334 70 publishing
1005 524 97 49 co.,
1136 505 123 67 inc.,
1293 510 17 21 c
1316 507 150 50 1933.

234 578 741 47 2 p. l., 7-71 p. illus. 20 cm .
168 632 50 50 ©
252 637 119 39 Mar.
402 635 68 43 28,
503 636 140 47 1983;
675 636 25 39 2
705 649 37 28 c.
779 638 110 45 July
920 638 67 46 11,
1021 636 112 39 1934;
1194 636 80 39 aff.
1309 636 114 47 July
1455 635 58 39 20;
1573 636 37 38 A
1644 635 141 40 73540;
1849 636 41 40 J.
1925 637 51 37 E.
2009 637 151 46 Hope,

234 693 266 40 Riverside.
537 694 144 39 Calif.
756 693 277 49 (34-25876)

159 796 400 65 Humphreys,
595 799 69 54 H.
700 797 65 56 G.

237 874 1863 68 The accounts of an oil company, by H. G. Humphreys …
165 953 137 52 New
338 953 178 65 York,
549 953 305 53 American
890 953 256 53 Institute
1179 952 336 68 publishing
1548 969 96 42 co.,
1679 952 125 67 inc.,
1840 956 149 49 1934.

237 1024 102 46 xiii,
369 1025 86 40 136
483 1036 42 37 p.
586 1025 55 39 24
645 1029 43 20 cm
695 1060 7 7 .

170 1082 1992 106 “The committee on publication of the American institute of accountants has selected the present volume … as one of its principal titles
167 1196 78 39 for
270 1197 82 39 the
377 1201 196 36 current
598 1198 436 46 year.”—Editor’s
1060 1200 122 44 note,
1209 1197 164 47 signed:
1435 1197 51 39 A.
1515 1198 48 39 P.
1592 1196 318 47 Richardson,
1937 1197 170 41 editor.

169 1250 1992 52 © May 10, 1934; 2c. Aug. 21; aff. Aug. 22; A 73963; Amer. institute pub.
234 1322 80 35 co.,
344 1311 90 40 inc.
509 1312 279 48 (34-25198)

161 1413 249 65 Huxley,
443 1416 198 53 Julian
674 1416 201 55 Soreli.

229 1491 150 52 How
406 1492 89 52 I’d
524 1493 130 52 feed
683 1494 355 53 Britain—if
1065 1496 31 50 I
1125 1513 142 34 were
1295 1494 263 52 dictator.

245 1567 83 48 (In
353 1563 200 42 London
582 1564 201 52 Sunday
812 1564 261 51 chronicle,
1101 1564 115 51 July
1247 1565 72 50 29,
1350 1565 143 49 1934)

170 1619 1994 52 © 1c. Sept. 24. 1934; A ad int. 19406; pubd. July 29; J. S. Huxley,
239 1680 212 40 London.

163 1782 2002 149 International clinics; a quarterly of illustrated clinical lectures and especially prepared original articles … by leading
229 1940 276 52 members
548 1941 63 53 of
651 1942 94 53 the
788 1941 241 52 medical
1070 1941 320 68 profession
1433 1942 357 66 throughout
1829 1943 97 50 the
1966 1942 196 51 world.

233 2019 1932 68 Edited by Louis Hamman … with the collaboration of
231 2097 237 53 Francis
517 2097 233 54 Gilman
801 2099 177 52 Blake
1033 2100 129 65 [and
1210 2101 207 63 others]
1497 2100 243 52 Volume
1865 2143 8 8 III.
231 2101 1908 127 Forty-fourth
468 2177 185 67 series,
691 2180 148 49 1934.
916 2177 424 68 Philadelphia,
1376 2179 240 51 London
1656 2184 137 61 [etc.]
1833 2180 55 50 J.
1926 2180 65 51 B.

230 2178 1907 144 Lippincott
482 2273 280 49 company
799 2289 11 33 [
818 2262 15 20 c
839 2258 151 64 1934]

238 2331 98 46 viii,
364 2330 85 38 327
476 2340 42 36 p.
573 2330 84 38 col.
686 2329 162 46 front.,
877 2330 142 46 illus.,
1047 2330 168 47 plates,
1244 2330 178 48 diagrs.
1479 2330 54 40 23½
1567 2333 43 20 cm
1615 2361 7 7 .

241 2388 119 39 Part
387 2386 52 40 of
464 2387 157 46 plates
650 2396 82 28 are
760 2386 192 47 printed
982 2396 61 29 on
1069 2387 112 39 both
1210 2387 142 40 sides.

171 2440 1910 51 © Sept. 4. 1934; 2c. and aff. Sept. 15; A 75308; J. B. Lippincott co.
162 2545 273 65 Jackson,
472 2545 327 65 Chevalier,
837 2549 170 49 1865-

236 2622 459 68 Bronchoscopy,
723 2623 459 68 esophagoscopy
1211 2623 112 53 and
1351 2628 399 63 gastroscopy;
1783 2642 31 33 a
1842 2622 232 52 manual
2102 2617 66 56 of

166 2695 2001 151 peroral endoscopy and laryngeal surgery, by Chevalier Jackson … and Chevalier L. Jackson … 3d ed., reset, with 225
164 2857 381 54 illustrations
585 2857 112 53 and
739 2861 63 48 15
842 2858 153 51 color
1032 2860 198 65 plates.
1306 2858 411 68 Philadelphia
1758 2858 112 52 and
1909 2857 258 67 London,

165 2937 85 53 W.
284 2938 66 51 B.
386 2936 288 56 Saunders
706 2954 297 49 company,
1036 2939 149 50 1934.

240 3005 1728 51 2 p. l., 9-485 p. illus., xv col. pl. (incl. front.) diagrs. 24 cm .
241 3064 115 39 Part
387 3064 51 39 of
467 3065 82 38 the
577 3064 156 46 plates
766 3064 338 47 accompanied
1137 3064 57 47 by
1227 3066 154 46 guard
1416 3066 162 39 sheets
1608 3064 120 40 with
1761 3062 291 49 descriptive
170 3063 1982 103 letterpress.

237 3174 375 49 Bibliography:
647 3186 42 37 p.
721 3175 216 44 447-453.

174 3229 1994 54 © Aug. 7, 1934; 2c. Aug. 15; aff. Aug. 18; A 74575; W. B. Saunders co.
251 3291 278 47 (34-25337)

166 3392 238 61 Jordan,
439 3396 241 61 Harvey
717 3396 236 62 Ernest,
992 3397 168 53 1878-

242 3471 1925 70 A textbook of histology, by Harvey Ernest Jordan … New
172 3548 177 65 York,
393 3549 256 58 London,
692 3550 71 51 D.
811 3550 573 69 Appleton-Century
1428 3570 297 50 company,
1769 3550 397 69 incorporated

190 3629 160 50 [ c 1934]
242 3699 150 45 xxvii,
426 3698 85 41 738
544 3710 41 37 p.
648 3700 126 40 illus.
805 3700 134 49 (part
973 3702 111 46 col.)
1112 3703 178 49 diagrs.
1350 3703 56 42 25
1410 3707 42 20 cm
1458 3736 8 8 .

243 3755 72 41 On
342 3767 167 30 cover:
543 3756 140 40 Sixth
712 3756 195 42 edition.

244 3813 375 49 Bibliography:
652 3826 42 36 p.
725 3813 97 41 663.

175 3867 51 52 ©
265 3872 119 48 Aug.
424 3871 69 48 24,
534 3871 140 48 1934;
717 3872 67 41 2c.
824 3873 119 47 Aug.
984 3873 81 47 28;
1111 3874 78 40 aff.
1230 3875 120 48 Aug.
1393 3874 81 43 29;
1517 3876 41 38 A
1598 3874 169 45 75090;
1813 3877 56 38 D.
246 3875 1922 94 Appleton-Century
499 3939 81 30 co.,
619 3929 90 39 inc.
781 3929 278 40 (34-25732)
