2350 4196
1148 4008 101 53 712

284 455 528 48 95 p. illus. 20 ½ cm .
286 512 41 38 A
360 513 144 38 letter
541 514 94 38 and
673 524 26 28 a
737 512 362 48 questionnaire
1135 514 114 39 each
1286 512 165 39 folded
1488 513 93 39 and
1618 514 227 38 mounted
1882 523 59 29 on
1978 523 40 37 p.
2061 515 38 47 [3]
2152 516 51 39 of

216 578 152 30 cover.

220 622 50 51 ©
299 628 119 37 Mar.
446 625 68 42 29.
541 626 112 39 1934;
708 626 65 39 2c.
804 628 94 37 and
925 626 79 39 aff.
1033 628 112 45 May
1172 628 79 38 14:
1282 627 40 37 A
1349 625 141 40 71602:
1549 625 50 40 G.
1631 626 42 39 S.
1703 625 174 41 White.
296 683 277 47 (34-15483)

214 785 284 64 Whiting,
530 788 155 53 Sam.

288 862 151 53 Let’s
472 864 183 51 throw
695 882 23 33 a
759 870 198 60 party;
997 883 30 32 a
1062 864 272 65 complete
1369 862 171 67 guide
1575 861 92 52 for
1702 862 94 52 the
1828 864 214 52 hostess
2077 864 124 51 who

218 940 214 52 doesn’t
470 948 154 46 want
662 942 98 50 her
799 941 212 66 parties
1050 947 57 45 to
1147 959 69 49 go
1257 941 143 53 dead
1439 958 71 33 on
1549 941 127 65 her;
1720 958 189 49 games
1949 947 57 45 to
2046 942 152 66 play,

217 1018 247 65 punches
498 1020 111 50 and
643 1018 137 53 food
813 1024 57 46 to
904 1036 171 49 serve,
1108 1019 73 66 by
1217 1018 134 54 Sam
1383 1016 292 68 Whiting;
1715 1017 377 54 illustrations
2126 1019 73 66 by

218 1094 223 53 Harold
493 1097 47 51 I.
599 1096 202 54 Smith.
879 1098 231 65 Boston,
1166 1097 188 64 Mass.,
1406 1094 240 52 Lincoln
1700 1099 44 48 &
1801 1095 188 54 Smith
2046 1114 154 48 press

222 1205 12 32 [
240 1178 16 20 c
261 1176 135 48 1934
399 1207 12 33 ]

290 1245 742 49 2 p. l., 7-61 p. illus. 21 cm .
220 1298 50 51 ©
299 1304 113 45 May
438 1301 68 43 29,
534 1303 138 39 1934;
702 1303 65 39 2c.
797 1305 93 38 and
917 1303 80 39 aff.
1026 1304 125 38 June
1176 1304 51 39 1;
1258 1303 40 37 A
1325 1301 168 41 72564;
1525 1302 198 39 Lincoln
1753 1301 36 39 &
1819 1302 155 40 Smith
2001 1313 149 37 press.

298 1358 277 48 (34-15661)

213 1458 295 67 Whitney,
539 1462 156 52 Leon
727 1461 267 65 Fradley,
1029 1464 169 49 1894-

289 1537 120 51 The
438 1555 119 33 case
587 1536 92 53 for
708 1536 389 69 sterilization,
1127 1537 71 68 by
1226 1537 153 52 Leon
1408 1536 63 50 F.
1503 1535 286 68 Whitney.
1857 1534 136 54 New
2025 1535 177 68 York,

219 1614 306 54 Frederick
559 1614 67 51 A.
665 1614 198 56 Stokes
897 1631 290 50 company,
1226 1616 147 49 1934.

289 1697 29 26 v
344 1696 57 37 p.,
429 1687 25 39 3
484 1688 43 40 1.,
558 1685 142 40 7-309
727 1697 42 36 p.
799 1686 108 40 incl.
940 1686 176 47 diagrs.
1173 1686 55 39 22½
1260 1688 43 21 cm
1310 1718 6 8 .

290 1743 105 40 List
417 1743 50 39 of
491 1742 236 40 technical
751 1753 172 37 papers
947 1743 50 39 of
1019 1745 52 38 E.
1100 1743 43 41 S.
1168 1743 186 46 Gosney
1379 1744 95 38 and
1498 1744 83 38 Dr.
1606 1744 121 38 Paul
1752 1744 243 46 Popenoe:
2022 1755 42 36 p.
2088 1743 113 41 295-

218 1799 86 40 296;
363 1799 348 48 Bibliography:
772 1810 40 37 p.
853 1799 244 49 [303]-309.

219 1856 50 51 ©
303 1862 126 38 June
459 1861 37 40 5,
529 1860 113 40 1934;
702 1860 65 39 2c.
801 1861 95 38 and
927 1859 81 40 aff.
1041 1860 127 38 June
1198 1860 23 38 7:
1283 1860 40 37 A
1355 1858 140 41 71985;
1558 1860 49 38 L.
1642 1860 48 37 F.
1726 1859 238 46 Whitney,
2000 1861 202 40 Orange.

290 1917 145 40 Conn.
494 1916 277 48 (34-27158)

214 2020 251 63 Wright,
494 2020 366 52 Richardson
889 2020 199 63 Little,
1119 2020 168 54 1887-

286 2097 121 50 The
458 2100 157 63 story
669 2094 63 53 of
784 2095 336 69 gardening,
1175 2094 150 53 from
1379 2096 96 51 the
1529 2095 257 68 hanging
1841 2095 243 68 gardens
2139 2094 63 53 of

215 2173 260 68 Babylon
503 2179 57 46 to
591 2173 94 52 the
714 2173 256 68 hanging
998 2174 241 67 gardens
1271 2172 62 53 of
1363 2172 137 53 New
1531 2172 180 68 York,
1738 2172 77 69 by
1844 2172 357 53 Richardson

214 2250 231 68 Wright
483 2293 54 8 ...
610 2250 137 52 New
779 2249 178 67 York,
989 2250 188 66 Dodd,
1209 2250 170 53 Mead
1411 2250 44 49 &
1487 2267 296 51 company,
1818 2252 148 51 1934.

284 2334 30 28 x
344 2334 57 36 p.,
433 2324 25 38 1
523 2353 7 14 l.,
563 2323 83 38 475
677 2333 42 36 p.
785 2325 84 37 col.
901 2323 161 45 front.,
1096 2322 140 47 illus.,
1268 2322 171 48 plates,
1474 2325 146 45 ports.
1681 2322 56 39 22½
1771 2324 44 22 cm
1819 2354 9 8 .

283 2378 371 49 Bibliography:
685 2389 41 38 p.
756 2378 216 43 433-446.

218 2434 50 51 ©
300 2440 113 45 May
441 2439 67 39 17.
538 2437 138 40 1934;
709 2438 64 39 2c.
807 2438 115 46 May
945 2437 81 40 18:
1060 2437 77 39 aff.
1172 2439 111 45 May
1312 2438 80 40 22:
1426 2439 39 37 A
1495 2438 169 40 72458:
1697 2439 152 45 Dodd,
1882 2439 141 38 Mead
2055 2438 34 38 &
2120 2447 80 36 co.,

286 2495 88 39 inc.
435 2494 277 47 (34-15242)

212 2595 201 65 Wylie,
443 2599 103 51 Ida
573 2597 186 53 Alena
788 2599 167 61 Ross,
987 2601 170 48 1885-

288 2671 1909 71 A feather in her hat [ by] I. A. R. Wylie. Garden City,
216 2750 67 52 N.
318 2750 88 69 Y.,
434 2750 349 66 Doubledajr,
811 2749 195 52 Doran
1037 2751 44 50 &
1110 2768 292 51 company,
1430 2751 126 68 inc.,
1588 2754 149 50 1934.

284 2822 27 38 4
341 2832 42 36 p.
452 2853 8 16 l.,
491 2822 84 40 310
605 2833 42 36 p.
709 2822 54 39 20
767 2824 42 21 cm
815 2852 9 8 .

285 2878 161 41 “First
477 2878 223 41 edition.”

217 2935 50 51 ©
294 2941 119 37 Mar.
438 2939 68 39 21.
531 2939 112 39 1934;
696 2939 65 39 2c.
787 2940 93 37 and
906 2938 80 41 aff.
1012 2939 111 46 Apr.
1150 2940 78 39 11:
1256 2940 40 38 A
1320 2941 167 46 71209;
1516 2943 35 37 I.
1572 2942 53 38 A.
1645 2942 54 38 R.
1719 2940 168 48 Wvlie,
1914 2942 115 39 New
2054 2941 142 38 York.

294 2996 248 47 (34-8135)

214 3100 208 62 Young
449 3099 50 52 &
528 3100 216 63 Ottley,
773 3100 128 62 inc.,
929 3101 138 51 New
1097 3101 173 52 York.

281 3177 120 51 The
434 3175 302 52 American
770 3175 248 53 investor
1052 3177 109 51 and
1194 3176 95 53 the
1321 3196 122 34 new
1477 3177 210 66 dollar;
1727 3197 30 33 a
1792 3177 310 53 discussion
2134 3175 64 54 of

210 3255 152 67 gold,
393 3252 260 53 inflation
684 3254 110 51 and
824 3253 94 52 the
949 3253 191 67 public
1171 3254 144 52 debt.
1392 3256 136 50 New
1559 3255 178 66 York,
1768 3256 69 51 N.
1868 3256 89 65 Y.,
1988 3256 211 65 Young

212 3334 44 49 &
286 3331 212 67 Ottley,
527 3332 104 52 inc.
668 3364 12 32 [
685 3337 18 20 c
709 3333 133 48 1934
846 3363 11 33 ]

281 3405 56 39 26
371 3416 40 36 p.
475 3404 176 47 diagrs.
713 3404 54 37 19½
799 3405 44 21 cm
848 3436 8 8 .

217 3457 50 51 ©
295 3463 107 38 Jan.
428 3461 67 40 20.
522 3461 112 40 1934;
688 3462 65 38 2c.
781 3462 95 38 and
901 3460 79 40 aff.
1008 3461 108 39 Jan.
1142 3461 53 38 25:
1252 3462 39 38 A
1318 3462 141 40 70008:
1515 3465 168 41 Young
1710 3464 34 39 &
1772 3464 175 45 Ottley.
1974 3463 90 40 inc.

293 3518 277 47 (34-14948)

209 3608 170 63 Zade,
409 3607 196 65 Adolf,
639 3610 169 49 1880-

285 3684 536 52 Pflanzenbaulehre
861 3684 96 51 für
995 3684 318 67 landwirte,
1350 3705 109 33 von
1496 3686 287 68 professor
1821 3687 84 51 dr.
1944 3685 69 52 A.
2051 3684 148 53 Zade

221 3805 54 9 ...
311 3764 104 51 mit
445 3762 67 51 72
541 3761 523 68 textabbildungen.
1132 3763 214 66 Berlin,
1378 3765 65 49 P.
1473 3765 204 67 Parey,
1711 3767 149 49 1933.

284 3835 63 40 xi,
378 3833 83 41 533
492 3845 41 36 p.
595 3833 125 41 illus.
781 3833 56 39 24½
869 3836 43 21 cm
918 3868 6 6 .

215 3888 51 50 ©
294 3893 99 39 Oct.
418 3892 67 45 31,
513 3891 138 46 1933;
709 3902 34 28 1c.
772 3892 120 39 Mar.
919 3891 37 46 5,
984 3891 138 40 1934;
1150 3892 306 48 A-Foreign
1482 3895 169 45 23855;
1681 3896 120 38 Paul
1830 3896 166 44 Parey.

293 3948 277 48 (34-13712)
