2350 4196
1152 3996 98 52 478

209 383 1988 68 Texas jurisprudence … a complete statement of the law and
280 461 248 67 practice
569 462 62 51 of
673 464 94 52 the
809 467 143 48 state
994 463 62 51 of
1098 464 198 53 Texas,
1336 462 74 67 by
1450 461 260 55 William
1753 463 78 49 M.
1873 461 327 67 McKinney

281 541 111 51 and
438 541 159 51 other
640 543 254 65 lawyers,
975 541 239 52 Volume
1260 558 142 33 xxx.
1448 538 321 68 Municipal
1812 539 388 67 corporations

279 617 1898 147 to Newspapers … San Francisco, Bauer oft-Whitney company, 1934.
284 784 79 46 vii,
392 783 84 40 944
503 795 41 36 p.
600 784 55 38 25
659 786 42 20 cm
708 816 7 7 .

217 851 51 51 ©
297 857 114 45 May
434 855 40 45 4,
503 854 139 41 1934;
672 854 65 41 2c.
768 856 112 45 May
907 852 81 44 10;
1019 852 82 40 aff.
1129 854 115 46 May
1269 853 52 42 9;
1352 853 40 38 A
1420 851 168 40 71569:
1621 849 484 50 Bancroft-Whitney
2135 862 65 30 co.

210 974 352 63 Thompson,
593 974 239 51 Pauline
863 972 243 63 Evelyn.

345 1046 1857 71 … Help for the jobless; direct aid and public works, by
213 1128 243 52 Pauline
500 1129 70 51 E.
614 1128 329 67 Thompson
989 1127 110 52 and
1143 1127 153 51 Leon
1343 1125 64 55 C.
1451 1125 298 67 Marshall,
1796 1125 140 51 with
1981 1126 95 51 the
216 1144 1964 114 assistance

479 1206 62 53 of
565 1206 250 52 Herbert
838 1207 67 50 B.
931 1206 242 65 Bruner,
1196 1204 272 52 Edmund
1494 1204 68 51 de
1588 1203 56 55 S.
1670 1204 282 65 Brunner,
1979 1203 225 55 Samuel

214 1285 235 51 Everett
488 1283 148 68 [and]
673 1284 192 53 James
897 1284 68 50 E.
997 1281 384 53 Mendenhall.
1448 1282 139 52 New
1620 1282 161 52 York
1814 1282 132 68 city,
1978 1284 223 51 Bureau

214 1360 1985 70 of publications, Teachers college, Columbia university [ c 1934]
287 1446 1533 51 1 p. l., 25 p. diagrs. 23 cm . (The national crisis series)
218 1518 51 51 ©
305 1522 107 40 Jan.
449 1521 68 40 10.
553 1521 113 40 1934;
729 1522 65 38 2c.
833 1521 109 39 Feb.
978 1522 51 38 1:
1068 1519 79 41 aff.
1184 1520 111 39 Feb.
1330 1520 81 41 27;
1451 1520 39 39 A
1527 1520 168 45 70401;
1735 1521 238 40 Teachers
2010 1521 191 47 college,

290 1577 249 42 Columbia
566 1577 126 40 univ.
765 1577 249 47 (34-9224)

347 1679 1859 68 … Uncle Sam and unemployment, by Pauline E. Thompson,
217 1759 138 51 with
383 1759 96 51 the
505 1759 303 51 assistance
837 1757 62 53 of
925 1758 64 51 L.
1020 1757 62 55 C.
1111 1757 297 67 Marshall,
1436 1758 272 51 Edmund
1740 1759 68 51 de
1837 1758 57 54 S.
1924 1759 282 64 Brunner,

213 1837 249 51 Herbert
490 1837 68 51 B.
587 1836 242 67 Bruner,
858 1836 193 53 James
1081 1837 68 50 E.
1177 1835 370 53 Mendenhall
1602 1837 130 65 [and]
1769 1836 229 55 Samuel
215 1837 1966 129 Everett.

375 1914 138 52 New
543 1914 161 52 York
733 1913 132 68 city,
894 1915 228 50 Bureau
1152 1914 62 53 of
1244 1914 398 67 publications,
1672 1916 277 52 Teachers
1979 1917 227 68 college,

214 1992 300 55 Columbia
544 1992 316 68 university
897 2025 12 33 [
914 1998 17 21 c
937 1995 151 63 1934]

286 2077 1800 53 1 p. l., 28 p. 1 illus., diagrs. 22½cm. (The national crisis series)
218 2147 51 51 ©
301 2152 108 38 Feb.
441 2151 68 46 15,
541 2149 114 41 1934;
715 2151 65 39 2c.
815 2152 118 38 Mar.
965 2152 82 42 31;
1082 2150 81 40 aff.
1195 2153 120 38 Mar.
1349 2152 81 40 27:
1464 2152 40 38 A
1536 2152 169 41 71102:
1740 2153 238 40 Teachers
2012 2152 190 49 college,

290 2207 247 40 Columbia
569 2207 128 39 univ.
769 2207 247 47 (34-9218)

211 2309 370 65 Thorndyke,
611 2310 182 53 Helen
822 2310 229 55 Louise.

218 2384 1984 148 Honey Bunch: her first big parade, by Helen Louise Thorn-dyke … illustrated by Marie Schubert. New York, Grosset &
217 2541 232 67 Dunlap
485 2575 13 34 [
503 2548 17 21 c
526 2543 133 49 1934
663 2574 13 34 ]

285 2612 1722 53 2 p. l., 181 p. front., plates. 19½cm. [Her Honey Bunch books]
287 2685 285 38 Illustrated
602 2683 360 48 lining-papers.

219 2754 51 51 ©
300 2758 111 48 Apr.
441 2758 69 41 25.
540 2759 139 42 1934;
713 2759 66 39 2c.
810 2759 93 39 and
935 2757 80 41 aff.
1047 2758 111 47 Apr.
1188 2759 82 41 27;
1303 2760 40 38 A
1373 2759 167 42 72198;
1577 2760 198 41 Grosset
1806 2761 36 40 &
1872 2762 207 46 Dunlap,
2110 2761 89 39 inc.

296 2814 247 47 (34-9911)

210 2917 248 65 Traven,
493 2919 215 55 Bruno.

286 2994 119 50 The
432 2993 355 67 death-ship;
819 2994 92 54 the
938 2998 155 64 story
1123 2994 62 52 of
1216 3013 68 33 an
1315 2994 301 53 American
1645 2994 188 68 sailor,
1863 2994 72 69 by
1965 2995 66 52 B.

220 2996 1954 127 Traven.
398 3071 254 65 London,
684 3070 207 54 Chatto
920 3073 44 48 &
991 3071 258 68 Windus,
1280 3075 147 51 1934.

287 3140 603 50 5 p. l., 5-311, [1] p. 19½cm.
289 3199 316 39 “Translated
627 3199 126 39 from
780 3200 80 38 the
884 3199 205 47 original
1115 3200 112 40 ‘Das
1252 3201 304 40 totenschiff:
1581 3202 273 48 geschichte

1878 3203 129 39 eines
218 3204 1963 91 amerikanischen
510 3254 279 48 seemanns’,
824 3257 59 45 by
918 3253 110 42 Eric
1065 3256 214 40 Sutton.”

219 3326 1981 53 © 1c. Mar. 8, 1934; A ad int. 18844; pubd. Jan. 18; B. Traven, Mexico
288 3386 122 47 City,
439 3387 198 41 Mexico,
666 3388 93 37 and
786 3386 170 39 Alfred
983 3387 52 38 A.
1063 3386 177 47 Knopf,
1268 3386 103 44 inc.,
1400 3389 116 38 New
1542 3389 144 39 York.

296 3442 247 48 (34-9917)

287 3543 119 51 The
433 3543 167 52 death
625 3543 156 66 ship;
809 3545 95 51 the
929 3548 153 62 story
1108 3543 63 54 of
1197 3562 71 34 an
1294 3543 302 55 American
1623 3544 171 54 sailor
1826 3545 90 68 [by]

1966 3545 67 51 B.
221 3545 1953 126 Traven.
404 3620 135 52 New
575 3620 176 66 York,
782 3620 66 50 A.
887 3620 65 50 A.
986 3619 221 67 Knopf,
1243 3624 147 49 1934.

284 3690 615 48 4 p. l., 3-372 p. 19½ cm .
288 3747 162 40 “First
481 3745 258 50 printing.”

219 3818 50 51 ©
302 3823 112 46 Apr.
445 3822 68 45 23,
546 3821 112 40 1934;
717 3822 65 39 2c.
818 3823 92 38 and
942 3820 81 42 aff.
1057 3822 110 47 Apr.
1200 3823 81 44 24;
1316 3823 40 38 A
1388 3824 141 39 71325;
1591 3825 171 39 Alfred
1794 3825 52 39 A.
1881 3824 177 47 Knopf,
2092 3823 104 45 inc.,

286 3872 1801 55 New York, and Bruno Traven. ℅ Martinez, Mexico City. Mexico.
296 3934 248 48 (34-9916)
