2350 4196
1153 4005 98 48 266

193 377 221 66 Lowes,
444 378 154 54 John
627 377 370 65 Livingston,
1031 376 168 54 1867-

265 454 268 69 Geoffrey
556 455 258 56 Chaucer
836 456 112 52 and
968 456 97 52 the
1087 456 392 68 development
1500 456 64 53 of
1585 457 88 51 his
1696 456 216 69 genius,
1934 456 76 68 by
2032 455 154 54 John

195 532 342 70 Livingston
570 534 213 52 Lowes.
852 535 216 50 Boston
1104 535 110 51 and
1247 534 140 52 New
1422 535 179 66 York,
1634 534 319 69 Houghton
1985 535 200 51 Mifflin

193 629 295 50 company,
526 614 152 50 1934.

260 683 661 51 6 p. l., [3]-246 p. 20½cm.
266 740 1920 54 “The six chapters … were delivered as lectures at Swarthmore college
194 809 59 29 on
274 799 82 40 the
380 799 216 41 William
617 798 43 41 J.
686 798 182 49 Cooper
888 799 304 41 foundation,
1216 801 49 39 in
1289 800 221 48 January
1534 802 94 38 and
1652 801 263 47 February,
1940 802 126 46 1932,
2091 804 91 39 and

195 866 84 31 are
301 856 254 50 published
580 857 49 39 in
656 857 295 40 accordance
974 857 119 39 with
1120 858 81 40 the
1226 860 148 38 terms
1400 858 51 41 of
1477 859 81 40 the
1582 858 526 43 foundation.”—Pref.

264 914 181 41 Errata
476 915 93 48 slip
600 915 215 40 inserted
846 916 53 39 at
929 915 105 40 end.

197 982 51 52 ©
280 987 110 39 Feb.
421 987 69 40 21.
521 986 140 46 1934;
695 986 66 39 2c.
794 986 121 40 Mar.
946 987 52 44 1;
1033 985 82 40 aff.
1147 986 108 40 Feb.
1287 987 81 45 27;
1402 987 41 38 A
1475 987 142 39 69666;
1680 988 41 38 J.
1754 989 51 38 L.
1837 989 179 46 Lowes,
268 989 1899 101 Cambridge,
476 1044 146 39 Mass.
693 1042 249 48 (34-5318)

191 1143 358 64 Mississippi
605 1145 111 51 and
772 1143 286 55 Southern
1113 1145 197 67 digest.
1390 1148 131 49 1933
1578 1148 343 51 cumulative
1976 1150 209 49 annual

262 1223 201 68 pocket
495 1229 134 62 part
662 1223 94 52 for
788 1224 109 51 vol.
933 1226 81 48 30.
1090 1224 175 51 Table
1298 1223 63 53 of
1393 1241 149 37 cases
1576 1224 256 66 digested
1865 1226 112 51 and
2010 1225 175 53 Table

263 1301 1921 69 of statutes construed … St. Paul, West Publishing co.
285 1383 158 49 [ c 1934]
265 1454 58 40 35
346 1464 41 37 p.
444 1453 59 39 25
503 1455 44 21 cm
552 1484 8 7 .

270 1509 295 41 Cover-title.

267 1566 117 39 This
423 1566 249 47 pamphlet
713 1565 41 40 is
796 1568 47 37 to
886 1566 56 38 be
981 1565 139 40 fitted
1158 1565 103 39 into
1304 1565 81 39 the
1426 1565 171 47 pocket
1639 1568 49 37 at
1731 1567 81 37 the
1853 1566 121 39 back
2015 1566 50 39 of
2107 1567 81 39 the

197 1624 190 38 volume
414 1623 51 39 of
490 1624 82 38 the
599 1625 72 36 set
699 1625 47 36 to
774 1622 159 39 which
959 1622 42 39 it
1025 1622 206 47 belongs.

202 1676 50 51 ©
283 1681 110 38 Feb.
422 1679 69 42 28.
522 1678 139 41 1934;
692 1678 67 40 2c.
790 1679 121 39 Mar.
941 1677 80 47 19;
1056 1677 81 40 aff.
1167 1679 118 38 Mar.
1317 1678 82 46 21;
1432 1678 43 40 A
1503 1677 169 47 69923;
1705 1679 134 40 West
1869 1679 107 47 pub.
2009 1690 67 28 co.

193 1797 297 54 Missouri.
565 1800 183 63 Laws,
779 1802 256 61 statutes,
1066 1802 99 47 etc.

262 1874 271 53 Missouri
588 1879 254 61 statutes,
896 1873 323 52 annotated.
1307 1877 347 50 Permanent
1706 1875 83 51 ed.
1877 1874 313 67 February,

199 1957 149 50 1934.
387 1951 343 53 cumulative
767 1952 314 67 pamphlet,
1120 1951 330 68 containing
1486 1952 95 52 the
1617 1956 137 49 laws
1793 1952 63 51 of
1893 1970 31 33 a
1961 1953 228 67 general

197 2033 111 51 and
337 2036 335 63 permanent
699 2035 202 47 nature
931 2029 64 54 of
1022 2031 96 51 the
1149 2031 129 50 57th
1309 2031 245 53 General
1586 2031 277 65 assembly
1892 2035 161 47 extra
195 2049 1969 114 session
367 2115 59 48 to
473 2111 262 64 January
785 2112 80 63 11,
916 2111 150 63 1934,
1115 2107 140 51 with
1306 2108 361 53 annotations
1718 2109 332 67 construing
2096 2109 95 51 the

197 2186 1993 68 laws, and with cumulative tables and index … St. Paul,
194 2264 1975 69 West publishing co.: Kansas City, Vernon law book co. [ c 1934]
273 2340 89 39 222
386 2350 41 37 p.
485 2340 54 39 23½
573 2341 43 20 cm
623 2372 6 6 .

204 2393 50 51 ©
287 2397 111 39 Feb.
428 2397 67 45 14,
526 2395 117 40 1934;
700 2395 68 40 2c.
799 2396 119 37 Mar.
951 2393 55 39 19;
1067 2392 82 40 aff.
1179 2394 122 38 Mar.
1331 2393 55 38 21;
1447 2393 41 38 A
1519 2391 145 41 69919;
1722 2394 192 38 Vernon
1945 2395 94 37 law
2070 2394 123 39 book

272 2464 65 29 co.
367 2454 94 38 and
488 2453 136 38 West
650 2453 107 46 pub.
788 2461 67 30 co.

196 2554 298 56 Missouri.
568 2557 277 64 Supreme
884 2558 172 49 court.

270 2629 1921 71 Reports of cases determined … between April 2, 1932, and
203 2709 330 69 September
580 2713 46 52 3.
676 2711 149 49 1932.
901 2709 156 53 John
1102 2710 222 50 Turner
1367 2707 213 66 White,
1626 2713 272 62 reporter.
1992 2708 201 66 (After

200 2790 263 65 January
505 2791 45 63 1,
593 2786 178 68 1933.)
855 2805 50 33 v.
949 2788 116 50 330.
1144 2785 314 67 Columbia,
1498 2788 133 63 Mo.,
1672 2787 66 51 E.
1779 2788 88 51 W.
1912 2786 279 66 Stephens

199 2866 333 68 publishing
564 2884 95 48 co.,
693 2868 150 49 1933.

277 2940 101 46 xiii,
409 2939 127 46 1346,
566 2939 48 38 vi
643 2948 42 37 p.
743 2938 145 39 23½cm.

208 2993 53 51 ©
296 2998 116 46 Aug.
449 2995 68 46 30,
554 2994 140 46 1933;
732 2995 65 38 2c.
835 2995 119 45 Aug.
990 2994 81 44 31;
1112 2992 80 40 aff.
1228 2993 116 38 Nov.
1383 2992 51 46 6;
1473 2993 40 38 A
1549 2992 170 40 66925;
1759 2993 149 39 Jacob
1945 2993 54 38 D.
2040 2993 152 46 Allen,

275 3052 241 41 Jefferson
546 3051 122 47 City,
701 3052 90 38 Mo.

200 3157 271 63 Mondon,
502 3145 208 66 Émile.

272 3232 479 52 Assainissement
779 3232 230 66 général
1045 3231 94 52 des
1174 3229 160 54 villes
1371 3236 52 46 et
1460 3229 94 52 des
1590 3229 203 67 petites
1830 3228 362 53 collectivités

202 3300 1966 156 … par Émile Mondon … t. 3. Déchets liquides. Paris, Dunod, 1934.
276 3457 1214 53 3 p. l., [3]-478 p. illus., tables, plans. 25½ cm .
211 3513 1664 54 © Dec. 1. 1933; 1c. Feb. 27, 1934; A- Foreign 23777; Dunod.
208 3621 213 63 Morse,
450 3618 254 55 William
735 3615 304 66 Reginald,
1073 3615 169 53 1874-

207 3691 1959 146 … Chinese medicine, by William R. Morse … with 16 illustrations. New York, P. B. Hoeber, inc., 1934.
286 3845 136 46 xxiii,
471 3846 70 48 [1].
587 3844 84 40 185
714 3854 42 37 p.
818 3844 140 46 illus.,
1004 3844 168 46 plates.
1234 3842 53 38 17
1291 3843 43 21 cm
1341 3873 8 7 .
1419 3840 297 47 (Half-title:
1762 3840 101 40 Clio
1909 3838 183 40 medica;
2167 3849 24 29 a

213 3896 1409 53 series of primers on the history of medicine … XI)
