2350 4196
1138 3987 129 49 1146

207 362 193 66 Bojer,
432 364 210 65 Johan,
678 364 167 53 1872-

287 432 119 60 She
428 441 169 52 house
621 440 107 52 and
757 441 94 52 the
873 459 107 47 sea,
1004 441 71 66 by
1099 440 188 51 Johan
1313 436 200 67 Bojer;
1541 437 310 52 translated
1876 438 70 64 by
1970 438 226 67 Trygve

216 517 76 51 M.
324 517 167 67 Ager.
557 517 134 51 New
723 517 175 65 York,
928 517 250 67 London,
1210 516 65 49 D.
1308 513 569 69 Appleton-Century
1906 533 293 48 company,

218 593 410 69 incorporated,
666 598 146 48 1934.

285 664 595 50 4 p. l., 3-300 p. 19½ cm .
216 722 50 51 ©
293 726 126 47 Sept.
444 727 67 40 14,
537 725 112 40 1934;
702 726 66 39 2c.
796 725 127 48 Sept.
949 727 54 37 17;
1057 726 79 38 aff.
1166 725 123 46 Sept.
1316 724 53 38 15;
1425 724 39 37 A
1489 724 141 38 75342;
1686 724 41 39 J.
1754 725 160 46 Bojer,
1941 724 257 41 Hvalstad.

431 794 71 34 Norway.
576 781 276 48 (34-29906)

209 885 373 65 Bomberger,
618 887 242 54 Charles
893 886 221 52 Martin
1149 887 169 61 Hess,
1355 887 167 50 1884-

284 964 254 52 Twelfth
576 966 199 65 colony
812 965 157 66 plus;
1008 964 95 52 the
1140 963 305 51 formative
1483 979 160 49 years
1680 961 62 52 of
1778 963 422 65 Pennsylvania

215 1043 110 50 and
355 1061 27 33 a
413 1042 321 67 biography
763 1041 63 53 of
852 1042 192 53 James
1074 1040 329 66 Buchanan,
1432 1039 262 52 fifteenth
1725 1040 111 51 and
1864 1041 133 66 only
215 1043 1959 128 president

379 1119 62 53 of
473 1120 93 51 the
598 1120 215 52 United
848 1120 185 53 States
1065 1118 150 52 from
1250 1118 440 66 Pennsylvania,
1827 1118 63 54 C.
1922 1118 78 51 M.
215 1120 1960 144 Bomberger.
497 1197 316 66 Jeannette,

845 1198 118 64 Pa.,
994 1196 299 53 Jeannette
1326 1195 333 68 publishing
1690 1214 277 50 company
2004 1230 12 33 [
2021 1203 17 20 c
2044 1201 134 48 1934
2182 1230 12 33 ]

285 1267 1450 50 2 p. l., 197. [13] p. illus., plates, ports., maps. 23½ cm .
218 1324 52 50 ©
298 1329 117 45 Aug.
446 1328 67 38 29.
546 1326 137 41 1934;
716 1328 64 37 2c.
814 1327 117 46 Aug.
961 1328 25 36 4;
1048 1326 80 38 aff.
1163 1326 112 46 Sept.
1319 1325 80 45 14;
1434 1326 39 37 A
1504 1325 167 41 74899;
1705 1327 258 39 Jeannette
1995 1328 107 47 pub.
2135 1340 65 29 co.

297 1384 276 45 (34-30028)

212 1487 278 58 Brittain,
520 1488 155 51 Vara
702 1488 190 61 Mary.

285 1566 200 52 Poems
510 1563 62 53 of
596 1565 93 50 the
715 1582 115 32 war
856 1566 109 50 and
991 1562 165 55 after,
1180 1563 33 51 by
1277 1564 146 51 Vera
1454 1563 254 52 Brittain
1738 1609 53 7 ...
1858 1566 136 50 New
2023 1565 159 52 York,

217 1642 120 53 The
363 1641 333 53 Macmillan
727 1659 293 49 company,
1051 1644 146 49 1934.

289 1714 55 40 94
373 1726 41 37 p.
476 1715 143 39 19½cm.

292 1773 223 38 Includes
544 1782 159 36 poems
731 1771 124 38 from
886 1772 79 37 the
994 1770 214 39 author’s
1239 1770 199 39 “Verses
1467 1770 49 39 of
1545 1781 24 29 a
1600 1770 51 39 V.
1680 1772 52 39 A.
1747 1770 98 43 .D.”
1874 1772 253 46 published
2153 1776 49 37 in

221 1828 125 39 1918.
409 1828 59 47 cf.
501 1828 269 40 Foreword.

221 1883 50 51 ©
305 1889 124 45 Sept.
459 1888 39 39 4,
529 1886 139 41 1934;
699 1890 64 35 2c.
797 1887 124 45 Sept.
952 1884 80 41 10;
1067 1885 77 38 aff.
1180 1887 125 44 Sept.
1336 1885 51 46 5;
1420 1885 40 38 A
1491 1884 167 48 74792;
1692 1886 125 39 Vera
1849 1885 217 42 Brittain
287 1886 1897 99 Gatlin.
401 1943 210 39 London.
685 1941 277 44 (34-30229)

215 2048 260 61 Browne,
513 2047 314 63 Wynyard.

289 2124 246 62 Queenie
572 2123 221 53 Molson
838 2124 106 67 [by]
987 2125 295 64 Wynyard
1324 2126 255 50 Browne.
1655 2124 255 67 London,
220 2125 1981 131 Cobden-Sanderson

576 2206 168 63 [1934]

291 2275 84 41 287
403 2286 42 37 p.
505 2274 57 40 19½
592 2277 43 20 cm
642 2307 8 8 .

223 2329 1963 107 © 1c. Aug. 23. 1934; A ad int. 19313; pubd. June 28; W. Browne, London. (34-30053)
216 2493 283 62 Brunton,
534 2492 159 53 Paul.

288 2566 54 51 A
371 2568 191 52 search
594 2568 59 50 in
684 2573 173 46 secret
888 2568 188 66 India,
1108 2567 72 68 by
1211 2569 144 51 Paul
1390 2570 279 50 Brunton.
1738 2568 256 67 London,
2028 2566 179 53 Rider

217 2645 45 48 &
289 2663 77 34 co.
400 2648 171 63 [1934]

291 2716 1389 50 2 p. l., 7-312 p. front., 1 illus., plates, ports. 22 cm .
293 2773 127 41 “The
456 2775 137 39 truth
629 2774 175 40 behind
838 2775 136 39 those
1010 2775 190 46 legends
1235 2776 156 39 which
1428 2786 130 29 come
1595 2786 111 29 ever
1744 2776 93 39 and
1871 2785 124 29 anon
2034 2777 48 36 to
2120 2784 89 29 our

221 2839 122 37 ears,
381 2831 286 47 concerning
702 2841 24 29 a
765 2832 288 45 mysterious
1092 2832 123 39 class
1252 2832 51 40 of
1339 2842 106 29 men
1484 2833 154 39 called
1677 2831 133 47 yogis
1848 2831 63 47 by
1945 2841 128 30 some
2112 2829 92 40 and

219 2885 226 47 faqueers
473 2887 63 46 by
565 2887 309 47 others.’’—p.
908 2887 67 40 13.

223 2940 1968 55 © 1c. Aug. 18, 1934; A ad int. 19282; pubd. June 29; David McKay co.,
292 3002 350 47 Philadelphia.
716 3002 274 46 (34-30061)

216 3100 361 69 Burroughs,
610 3106 200 62 Edgar
840 3105 156 64 Rice,
1032 3106 168 52 1875-

294 3180 220 51 Tarzan
550 3181 109 50 and
692 3182 93 51 the
819 3180 114 53 lion
967 3199 145 50 man,
1145 3183 71 65 by
1250 3183 198 68 Edgar
1482 3185 134 52 Rice
1651 3181 363 67 Burroughs;
227 3178 1956 130 illustrated
438 3257 70 67 by

532 3257 55 53 J.
614 3257 167 54 Allen
808 3257 81 55 St.
915 3258 170 55 John.
1145 3259 273 70 Tarzana,
1446 3260 193 68 Calif.,
1664 3261 66 50 E.
1760 3260 66 50 R.
1856 3258 351 66 Burroughs,

224 3333 104 54 inc.
369 3367 12 34 [
388 3341 16 21 c
410 3337 150 65 1934]

292 3403 86 41 318
408 3416 40 36 p.
506 3406 161 47 front.,
699 3409 168 45 plates.
927 3408 55 41 19½
1013 3412 43 21 cm
1063 3441 8 8 .

295 3460 161 41 “First
483 3462 225 42 edition.”

223 3514 50 51 ©
305 3521 125 47 Sept.
462 3523 21 36 1,
529 3522 138 41 1934;
700 3524 63 37 2c.
795 3526 91 37 and
919 3525 79 39 aff.
1032 3525 125 47 Sept.
1188 3528 52 37 13;
1303 3528 37 37 A
1371 3526 141 41 75259;
1574 3528 164 46 Edgar
1767 3525 116 39 Rice
1912 3522 296 48 Burroughs,

293 3576 87 40 inc.
453 3577 276 48 (34-29908)

213 3663 275 67 Butcher,
520 3668 256 54 Herbert
807 3670 240 54 Borton.

289 3741 119 53 The
448 3744 176 53 battle
665 3745 62 51 of
766 3746 271 68 Trenton,
1075 3749 300 69 including
1416 3753 74 50 its
1530 3748 295 54 historical
1864 3746 229 66 setting,
2138 3747 71 63 by

222 3816 69 52 H
338 3820 44 49 .
390 3825 158 46 Borton
597 3823 267 67 Butcher,
994 3868 9 8 PH.
1086 3868 8 8 D.
1174 3827 325 67 Princeton,
1544 3826 307 52 Princeton
1894 3822 314 65 university

215 3911 171 50 press,
427 3901 147 52 1934.
