2350 4196
1160 4013 99 50 124

276 462 375 49 “Bibliography
685 464 50 39 of
768 465 149 39 tests”:
984 475 42 36 p.
1061 463 201 40 249-253;
1329 463 374 47 “Bibliography
1739 462 50 39 of
1824 461 334 48 biographies”:

205 531 40 36 p.
272 520 228 47 255-276;
531 521 186 39 “Books
741 520 280 48 containing
1045 520 315 40 information
1384 531 58 28 on
1469 531 25 28 a
1521 520 201 38 number
1747 519 50 40 of
1822 519 364 47 occupations":

205 589 41 36 p.
279 577 227 43 277-279;
542 577 374 48 “Bibliography
950 578 50 39 of
1030 578 145 39 books
1207 588 58 29 on
1299 576 270 40 individual
1603 575 336 48 occupations”:
2002 587 41 36 p.
205 576 1985 100 281-293:
349 635 288 41 “Collateral
670 634 227 48 reading”
929 639 50 36 at
1009 636 89 38 end
1130 635 49 38 of
1207 634 115 40 each
1353 634 212 46 chapter.

208 706 50 51 ©
287 710 111 39 Feb.
426 712 39 44 1,
495 710 113 39 1934;
665 710 66 39 2c.
761 709 107 39 Feb.
901 709 50 46 6;
985 708 80 40 aff.
1095 708 109 39 Feb.
1234 709 50 44 7;
1318 708 40 37 A
1387 706 168 46 69329;
1588 706 372 41 Prentice-Hall.
1992 707 89 39 inc.

284 766 247 49 (34-2315)

207 883 335 65 Nicholson,
574 884 225 64 Daniel,
832 887 171 48 1894-

273 961 355 67 Laboratory
652 961 304 66 medicine;
988 978 28 33 a
1045 959 172 69 guide
1242 959 94 52 for
1360 960 257 52 students
1644 961 111 51 and
1782 960 417 67 practitioners,

207 1038 1992 69 by Daniel Nicholson … 2d ed., thoroughly rev. Illustrated
209 1118 135 51 with
379 1121 100 49 124
512 1118 344 68 engravings
889 1119 110 51 and
1034 1120 28 48 3
1099 1116 221 53 colored
1356 1116 197 68 plates.
1629 1116 425 68 Philadelphia,
2085 1117 113 52 Lea

204 1198 44 49 &
276 1196 259 68 Febiger,
566 1199 149 50 1934.

274 1267 1407 52 xv, [17]-566, [3] p. illus., III col. pl., diagrs. 24½cm.
276 1327 118 39 Last
419 1336 119 37 page
568 1326 52 39 of
646 1330 105 36 text
778 1335 60 31 on
865 1325 92 40 end
984 1324 335 47 lining-paper.

210 1380 51 51 ©
290 1385 109 38 Jan.
427 1384 69 46 25,
526 1383 113 39 1934;
697 1383 65 39 2c.
793 1383 107 39 Jan.
931 1382 55 39 27;
1045 1381 81 40 aff.
1156 1381 108 40 Jan.
1294 1380 81 47 26;
1408 1381 40 38 A
1477 1380 169 47 69236;
1679 1380 94 39 Lea
1807 1380 35 39 &
1871 1381 213 47 Febiger.

287 1439 248 49 (34-2391)

210 1556 194 53 North
449 1561 236 49 eastern
732 1558 200 66 digest,
976 1555 266 69 covering
1287 1556 76 51 all
1407 1573 149 36 cases
1599 1557 265 66 reported
1906 1556 59 51 in
2009 1556 187 52 North

280 1640 219 48 eastern
548 1640 275 62 reporter,
872 1634 141 52 with
1066 1638 228 49 current
1343 1633 342 53 cumulative
1736 1633 203 68 pocket
1988 1633 208 52 service

279 1710 1918 70 keeping the digest always to date … By the publisher’s
280 1790 264 53 editorial
573 1787 135 55 staff.
797 1808 50 34 v.
879 1793 186 49 25-30.
1144 1789 81 54 St.
1256 1791 165 66 Paul,
1447 1791 201 64 Minn.,
1677 1791 161 53 West
1864 1789 334 68 publishing

281 1887 76 34 co.
397 1903 12 33 [
415 1875 17 21 c
438 1871 129 49 1933
576 1901 11 33 ]

277 1943 25 39 6
328 1952 43 30 v.
426 1942 54 39 26
484 1944 44 21 cm
534 1974 7 7 .

543 2009 113 28 CONTENTS.—v.
709 1996 73 41 25.
830 1996 576 40 Names-Partition.—v.
1458 1995 70 41 26.
209 1996 1990 99 Partnership-Powers.—v.
288 2054 72 41 27.
393 2054 246 48 Principal
675 2055 93 38 and
804 2054 558 47 agent-Railroads.—v.
1398 2052 72 41 28.
1506 2054 366 47 Rape-Schools
1909 2054 94 39 and
2039 2052 161 41 school

208 2112 340 40 districts.—v.
591 2110 71 41 29.
710 2112 131 40 Scire
883 2110 351 40 facias-Street
1278 2111 362 39 railroads.—v.
1687 2109 74 41 30.
1807 2110 298 41 Submission
2150 2110 49 40 of

207 2168 491 47 controversy—Time.

212 2222 51 51 ©
293 2226 111 40 Dec.
432 2225 68 47 28,
530 2224 113 40 1933;
702 2226 66 38 2c.
798 2226 117 39 each
945 2226 95 38 and
1070 2224 105 40 affs.
1207 2225 108 40 Jan.
1344 2225 68 39 19.
1444 2223 139 48 1934;
1616 2225 42 38 A
1688 2225 344 42 69110-69115;
2066 2226 133 39 West

278 2284 107 46 pub.
410 2293 65 29 co.

217 2395 206 56 Pacific
449 2403 271 61 reporter.
785 2399 216 54 Second
1029 2397 183 54 series.
1279 2399 165 53 Cases
1472 2399 212 66 argued
1712 2400 111 51 and
1852 2397 347 54 determined

283 2475 60 52 in
366 2476 95 52 the
488 2476 274 65 Supreme
789 2482 188 48 courts
1002 2476 63 54 of
1093 2475 338 56 California.
1458 2477 242 55 Kansas.
1729 2476 244 67 Oregon,
282 2476 1893 144 Washington,
539 2554 299 65 Colorado,
868 2555 298 55 Montana,
1200 2553 271 66 Arizona,
1506 2554 252 65 Nevada,
1794 2554 201 66 Idaho,
283 2556 1893 142 Wyoming,
489 2631 175 66 Utah,
695 2632 137 51 New
863 2631 241 67 Mexico,
1134 2631 349 64 Oklahoma;
1515 2632 247 52 District
1790 2637 186 46 courts
2009 2632 62 52 of
285 2649 1889 126 appeal
459 2709 110 51 and
613 2708 309 67 Appellate
968 2710 358 66 department
1371 2710 62 50 of
1476 2710 95 51 the
1618 2710 274 66 Superior
1935 2715 161 46 court
2138 2710 63 51 of

288 2784 320 55 California
663 2786 110 51 and
825 2785 279 54 Criminal
1153 2794 161 44 court
1360 2787 64 52 of
1473 2789 231 65 appeals
1754 2787 62 51 of
1864 2787 336 58 Oklahoma,

285 2864 140 51 with
447 2864 107 66 key
578 2864 237 51 number
841 2864 359 53 annotations.
1291 2883 51 33 v.
1367 2868 68 48 24
1466 2865 125 66 (2d)
284 2864 1892 144 September-October,
428 2943 149 49 1933.
656 2940 81 54 St.
767 2944 164 64 Paul,
957 2944 161 52 West
1144 2941 332 68 publishing
1507 2961 95 47 co.,
1634 2945 149 50 1933.

280 3015 135 47 xviii,
445 3015 113 39 1223
586 3024 41 37 p.
686 3014 55 39 26
745 3017 43 21 cm
794 3048 7 5 .

217 3068 51 51 ©
302 3073 109 38 Dec.
446 3071 37 42 6,
517 3071 112 39 1933;
693 3071 65 38 2c.
793 3069 94 40 and
921 3071 79 39 aff.
1036 3071 108 39 Jan.
1178 3071 67 47 19,
1281 3072 138 41 1934;
1457 3072 41 38 A
1531 3071 141 40 69103;
1736 3073 135 38 West
1904 3073 108 46 pub.
2047 3081 64 31 co.

216 3186 221 52 Punch,
553 3230 8 9 v.
595 3190 115 64 185,
738 3207 88 33 no.
857 3186 154 69 4827,
1038 3190 306 53 December
1373 3189 82 55 27,
1487 3193 148 48 1933.

217 3259 1985 51 © 1c. Feb. 24, 1934; A ad int. 18684; pubd. Dec. 27, 1933; Herbert
284 3320 230 44 Heather,
547 3318 211 39 London.

224 3438 202 61 Reeve,
456 3436 216 52 Archie
701 3437 334 55 Frederick.

286 3513 271 66 Hospital
587 3513 334 66 economies;
956 3512 157 56 “One
1140 3515 260 52 hundred
1432 3514 272 68 practical
1733 3516 355 67 suggestions
2116 3514 92 53 for

219 3591 1986 69 private and community hospitals”, by Archie F. Reeve … and
218 3668 1991 72 Havward Cleveland … New York, Cleveland publishing co.
241 3751 134 48 [1934]

287 3820 81 40 102
400 3830 28 37 p
504 3820 53 40 23½
590 3822 43 21 cm
640 3853 7 7 .

222 3888 50 51 ©
338 3903 75 29 Jan.
445 3891 66 42 20,
544 3891 113 39 1934;
717 3892 64 39 2c.
816 3893 97 38 and
943 3892 80 40 aff.
1057 3894 108 39 Jan.
1197 3894 80 45 24;
1313 3895 41 37 A
1386 3893 167 41 69166;
1590 3893 258 41 Cleveland
1881 3896 106 46 pub.
2023 3905 65 29 co.

300 3947 247 49 (34-2262)
