2350 4196
1135 4001 98 49 243

245 427 246 41 “Selected
519 426 301 40 references”
847 429 53 37 at
926 427 90 39 end
1046 426 52 39 of
1125 426 117 39 each
1271 427 213 44 chapter.

178 484 51 52 ©
262 489 110 39 Feb.
403 488 69 46 21,
505 487 116 39 1934;
678 486 67 40 2c.
778 486 95 39 and
906 485 80 39 aff.
1021 486 121 38 Mar.
1175 486 52 45 1;
1262 485 42 38 A
1335 484 170 46 09679;
1542 484 157 40 Amer.
1732 485 141 38 home
1905 483 266 41 economics

244 556 126 28 assn.
442 543 249 48 (34-5145)

175 648 240 65 Denvir,
444 648 155 54 John
628 649 63 56 T.

243 726 264 55 Denvir’s
542 726 170 67 guide
749 731 57 46 to
842 724 287 67 checkers;
1168 723 332 68 containing
1535 724 142 52 lines
1714 723 62 52 of
1813 724 135 66 play
1984 741 71 34 on
2093 724 74 51 all

173 804 317 67 important
526 804 276 67 openings
840 804 112 51 and
989 803 441 66 improvements
1469 821 71 33 on
1579 803 275 51 standard
1896 803 138 65 play
2071 807 99 46 not

173 887 58 48 to
255 883 67 52 be
349 882 182 54 found
557 882 59 51 in
643 900 112 48 any
779 882 161 52 other
966 882 158 51 work
1149 900 70 33 on
1247 881 95 51 the
1368 897 179 50 game,
1572 880 75 66 by
1674 880 155 54 John
1857 881 63 51 T.
1950 879 219 53 Denvir

234 958 927 68 … Chicago, The author, 1934.
250 1033 101 49 [32],
378 1033 85 40 272
491 1044 41 37 p.
561 1033 109 40 incl.
698 1032 136 40 front.
877 1032 173 48 (port.)
1086 1032 129 42 illus.
1272 1032 54 39 15½
1360 1033 42 21 cm
1409 1062 8 8 .

178 1085 1975 109 © Jan. 25, 1934; 2c. Jan. 29; aff. Mar. 3; A 70475; J. T. Denvir, Chicago. (34-5258)
177 1250 136 65 Gee,
341 1248 241 67 Wilson,
616 1253 171 50 1888-

177 1330 1997 149 Social science research organization in American universities and colleges, by Wilson Gee … New York, London,
178 1488 68 55 D.
295 1487 573 70 Appleton-Century
916 1506 294 51 company,
1255 1488 416 68 incorporated,
1719 1488 92 51 for
1859 1487 94 54 the
177 1487 1972 133 Institute
326 1566 92 55 for
449 1568 255 53 research
731 1569 60 51 in
821 1568 95 53 the
947 1567 171 54 social
1149 1567 252 68 sciences,
1432 1565 336 70 University
1799 1566 63 53 of
1889 1565 286 70 Virginia,

181 1647 148 49 1934.

244 1715 64 49 ix,
335 1716 85 42 275
448 1727 42 38 p.
545 1717 55 40 23
604 1720 44 20 cm
653 1750 8 8 .
721 1717 114 50 [The
866 1717 281 48 University
1175 1718 50 40 of
1251 1718 220 48 Virginia
1503 1719 235 40 Institute
1765 1720 78 39 for
1874 1721 223 38 research
2126 1720 47 39 in

174 1775 80 39 the
280 1773 149 41 social
458 1774 224 41 sciences.
740 1773 234 42 Institute
1003 1777 297 46 monograph.
1375 1787 74 28 no.
1477 1776 69 49 19]

246 1832 225 40 Includes
496 1832 111 40 lists
632 1832 51 40 of
707 1843 129 29 some
864 1833 51 39 of
941 1834 82 40 the
1048 1832 323 48 publications
1398 1834 51 39 of
1474 1844 129 30 some
1630 1835 50 39 of
1706 1835 81 40 the
1814 1834 360 49 organizations

175 1888 264 42 described.

180 1947 1978 108 © Feb. 23, 1934; 2c. Feb. 26; aff. Feb. 27; A 69634; University of Virginia Institute for research in the social sciences, Richmond.
257 2065 250 47 (34-5143)

179 2165 241 67 Groves,
450 2168 218 53 Ernest
695 2165 390 66 Rutherford,
1116 2168 168 52 1878-

312 2243 1864 69 … The American family, by Ernest R. Groves … Chicago,
180 2321 424 68 Philadelphia,
625 2321 56 55 J.
705 2321 65 52 B.
796 2321 337 68 Lippincott
1155 2336 276 63 company
1502 2326 151 64 [c1934]

249 2404 45 36 x,
336 2392 85 41 500
461 2404 42 37 p.
572 2393 55 39 21
631 2396 43 21 cm
680 2425 8 8 .
760 2392 342 50 (Lippincott’s
1141 2395 172 47 family
1353 2395 87 41 life
1480 2396 163 48 series,
1684 2398 71 39 ed.
1796 2398 57 46 by
1897 2398 51 40 B.
2037 2431 6 7 R.
177 2399 1980 98 Andrews)

179 2508 1978 109 “Replaces the text formerly published under the title ‘Social problems of the family’. Some of the material … has been incorporated …
181 2621 1992 55 but … it would be misleading to announce … [the present book] as a
180 2690 105 31 new
316 2680 184 41 edition
531 2680 52 40 of
614 2682 82 39 the
728 2679 177 41 earlier
937 2680 358 42 book.”—Pref.

251 2739 248 40 “Selected
543 2736 300 42 references”
888 2739 51 38 at
981 2738 91 39 end
1118 2737 51 40 of
1210 2740 118 38 each
1373 2740 227 47 chapter;
1650 2741 190 48 Novels,
1885 2743 152 47 plays,
2081 2744 95 39 and

182 2796 305 48 biographies
519 2795 257 47 suggested
804 2793 79 40 for
914 2795 82 40 the
1026 2795 144 47 study
1200 2795 51 39 of
1281 2795 196 41 various
1508 2798 175 47 phases
1712 2799 52 39 of
1789 2799 173 48 family
181 2802 1978 92 experience:
354 2864 43 39 p.
427 2851 217 42 456-459.

185 2911 1884 51 © Feb. 12, 1934; 2c. and aff. Feb. 23; A 70314; J. B. Lippincott co.
261 2971 250 48 (34-5144)

179 3063 250 63 Heaton,
455 3060 189 54 Willis
673 3060 219 63 Edgar.

310 3136 1867 69 … The procedure and law of Surrogates’ courts of the state
182 3218 62 51 of
282 3218 137 51 New
459 3216 178 66 York,
675 3216 73 65 by
781 3214 194 55 Willis
1015 3216 65 50 E.
1120 3216 244 52 Heaton.
1443 3217 95 51 5th
1578 3218 83 51 ed.
1737 3237 50 33 v.
1828 3217 43 53 7.
1912 3220 119 52 The
2069 3221 108 51 law

183 3294 1993 67 of wills, by Samuel W; Eager … Albany, N. Y., and New
183 3373 181 67 York,
392 3374 68 51 N.
494 3374 90 64 Y.,
613 3371 277 53 Matthew
923 3371 225 52 Bender
1176 3375 44 49 &
1251 3390 296 50 company,
1576 3375 419 67 incorporated,
2029 3380 148 49 1934.

255 3446 169 46 xxxiii,
455 3444 84 40 599
566 3455 41 37 p.
664 3444 54 39 25
723 3446 42 20 cm
772 3477 7 6 .

189 3498 1991 55 © Feb. 21, 1934; 2c. and aff. Feb. 23; A 70329; Matthew Bender & co.,
256 3561 89 39 inc.

189 3650 238 66 [Henry,
456 3649 226 62 George
710 3644 334 68 McClellan]
1081 3646 169 52 1877-
1463 3649 83 51 ed.

252 3724 377 69 Monaghan’s
678 3723 342 54 cumulative
1068 3724 386 67 index-digest
1504 3726 62 52 of
1615 3729 424 66 Pennsylvania
187 3730 1968 141 decisions,
437 3803 170 67 being
640 3822 31 32 a
703 3801 185 68 digest
919 3800 64 54 of
1016 3803 76 50 all
1124 3803 93 51 the
1249 3804 266 62 reported
1547 3805 276 52 decisions
1855 3806 62 51 of
1950 3808 93 52 the
187 3810 1968 136 Supreme,
424 3879 273 67 Superior
728 3880 112 51 and
870 3883 208 63 county
1108 3884 203 62 courts,
1344 3882 139 51 with
1512 3882 151 52 table
1694 3883 61 51 of
1787 3889 237 48 statutes
2055 3905 125 34 con-
