2350 4296
1120 4003 101 48 713

179 356 301 64 Academy
507 358 63 52 of
599 358 257 63 political
885 358 245 64 science,
1159 359 139 52 New
1329 358 177 52 York.

260 477 54 10 ...
344 433 209 67 Money
581 434 111 51 and
718 434 179 53 credit
922 434 58 51 in
1005 434 95 53 the
1126 450 262 50 recovery
1416 449 297 51 program;
1742 453 31 33 a
1802 430 165 53 series
1993 430 63 53 of
189 430 1963 134 addresses

443 511 110 51 and
595 530 205 49 papers
838 511 296 68 presented
1175 517 58 47 at
1273 511 94 53 the
1408 509 375 56 semi-annual
1825 507 249 69 meeting
2114 508 65 55 of

188 588 94 53 the
320 587 289 70 Academy
652 590 63 51 of
753 589 256 68 political
1049 588 227 67 science,
1315 588 202 52 March
1557 590 85 65 21,
1682 589 152 65 1934,
1874 586 189 54 edited
2104 586 72 68 by

184 665 215 53 Parker
428 667 247 53 Thomas
705 667 186 52 Moon.
965 666 153 69 [New
1150 666 160 53 York
1315 700 12 33 ]
1361 666 120 51 The
1511 665 288 67 Academy
1831 665 61 51 of
1921 665 256 68 political

184 743 225 68 science,
449 744 298 56 Columbia
783 744 331 69 university,
1153 747 147 48 1934.

251 815 60 48 iv,
337 816 85 38 124
446 827 42 36 p.
549 816 115 40 22cm.
736 816 96 48 (Its
860 816 317 48 Proceedings
1209 847 44 8 ...
1281 816 92 40 vol.
1486 848 7 16 XVI,
1519 828 76 30 no.
1620 817 38 48 1,
1686 816 150 49 April,
1866 817 138 46 1934)

531 874 324 40 CONTENTS.—America’s
900 875 251 47 monetary
1195 875 418 47 problems.—The
1656 875 110 47 gold
182 874 1977 96 problem.—Financial
405 930 196 48 policies
630 930 79 40 for
739 941 239 35 recovery.

183 1001 51 51 ©
263 1006 111 46 Apr.
405 1005 68 47 20,
503 1005 114 40 1934;
676 1006 66 39 2c.
772 1006 112 47 Apr.
916 1006 54 38 24;
1029 1004 79 40 aff.
1141 1005 115 46 May
1283 1006 54 38 17;
1398 1005 42 38 A
1464 1004 170 40 72409:
1668 1005 242 48 Academy
1939 1005 52 40 of
250 1003 1911 98 political
348 1063 197 46 science,
571 1063 116 39 New
711 1064 144 38 York.
927 1062 277 48 (34-15775)

177 1181 314 55 American
525 1186 218 51 transit
772 1183 374 54 association.
1223 1183 338 53 Committee
1592 1201 72 36 on
1692 1183 127 66 fare
1849 1187 327 48 structures.

250 1261 146 52 Fare
422 1266 309 48 structures
756 1262 58 51 in
842 1263 94 52 the
962 1260 207 53 transit
1193 1260 292 67 industry;
1516 1279 31 33 a
1576 1265 195 62 report
1798 1259 63 53 of
1887 1260 95 51 the
182 1258 1968 133 Committee

408 1357 71 34 on
514 1341 123 51 fare
672 1344 309 48 structures
1016 1339 63 52 of
1110 1340 95 52 the
1236 1339 306 52 American
1575 1338 209 52 transit
1820 1337 353 54 association.

182 1415 137 53 New
346 1417 178 65 York,
551 1418 68 53 N.
650 1419 88 64 Y.,
769 1422 148 49 1933.

252 1487 97 44 xxi,
382 1489 85 40 325
499 1501 42 36 p.
604 1489 177 49 diagrs.
843 1491 144 40 23½cm.

256 1543 245 43 “Selected
531 1546 338 49 bibliography
895 1559 59 28 on
981 1546 162 40 fares”:
1199 1558 43 36 p.
1269 1546 217 40 308-309.

181 1613 51 51 ©
263 1619 112 39 Dec.
405 1618 68 45 30,
505 1618 139 47 1933;
678 1620 66 39 2c.
776 1621 125 38 June
930 1620 39 45 2,
998 1618 139 46 1934;
1172 1618 80 40 aff.
1285 1620 127 38 June
1443 1619 51 44 1;
1529 1618 40 38 A
1600 1617 170 47 72569;
1806 1618 158 39 Amer.
1998 1616 180 42 transit

250 1685 141 37 assn.,
420 1676 115 38 New
562 1676 144 40 York.
778 1676 279 47 (34-15665)

174 1789 266 57 Atlantic
468 1799 273 62 reporter.
819 1793 166 55 Cases
1016 1794 212 68 argued
1257 1794 112 52 and
1399 1793 350 53 determined
1777 1793 61 52 in
1866 1793 95 52 the
1990 1797 187 48 courts

246 1871 63 52 of
356 1872 388 67 Connecticut,
789 1875 313 66 Delaware,
1147 1872 210 67 Maine,
1400 1872 329 67 Maryland,
1773 1873 138 51 New
244 1873 1908 144 Hampshire,

455 1952 137 51 New
635 1954 219 65 Jersey,
896 1951 440 68 Pennsylvania,
1381 1951 197 52 Rhode
1620 1951 218 66 Island,
1883 1951 294 67 Vermont,

244 2028 139 53 with
432 2029 107 68 key
587 2030 237 52 number
875 2030 377 52 annotations,
1329 2048 48 33 v.
1433 2028 113 54 170.
1623 2030 555 67 February-March,

249 2110 148 49 1934.
476 2107 81 54 St.
598 2109 164 66 Paul,
800 2110 162 52 West
996 2108 335 69 publishing
1368 2128 97 47 co.,
1506 2111 148 49 1934.

251 2182 133 47 xviii,
417 2182 113 40 1025
561 2193 39 37 p.
662 2183 55 39 26
721 2186 43 20 cm
770 2215 7 7 .

182 2249 51 51 ©
265 2254 114 46 May
409 2253 38 40 2.
480 2253 139 46 1934;
654 2253 66 40 2c.
751 2254 125 39 June
907 2253 82 41 20;
1023 2253 80 40 aff.
1137 2255 125 38 June
1294 2254 81 45 21;
1411 2254 40 38 A
1482 2252 170 45 72926;
1688 2253 134 40 West
1855 2253 108 47 pub.
1996 2262 66 29 co.

172 2372 332 64 Batchelor,
539 2374 178 51 Maud
750 2373 245 63 (Batty)
1036 2373 149 66 lady.

248 2448 121 53 The
396 2466 219 34 woman
644 2448 64 53 of
734 2449 94 52 the
856 2449 189 66 house,
1072 2449 74 67 by
1174 2448 178 53 Maud
1382 2447 336 67 Batchelor;
1749 2447 326 53 illustrated
2103 2447 77 69 by

178 2527 155 51 Thea
361 2527 277 52 Doniach.
703 2526 257 66 London,
988 2527 63 51 L.
1080 2526 270 67 Dickson,
1380 2526 223 53 limited
1660 2528 152 63 [1934]

248 2600 25 39 3
300 2610 43 37 p.
393 2632 22 14 l.,
444 2599 97 48 249,
576 2599 54 50 A
659 2609 42 37 p.
763 2600 127 39 illus.
953 2600 54 40 19½
1041 2602 44 21 cm
1089 2632 7 8 .

182 2669 51 51 ©
295 2685 34 28 1c.
364 2674 113 46 May
508 2673 68 43 23,
609 2673 140 45 1934;
784 2673 40 38 A
857 2675 61 38 ad
950 2673 86 39 int.
1069 2672 167 46 18980;
1273 2673 140 47 pubd.
1447 2673 121 39 Mar.
1602 2672 82 46 26;
1721 2672 149 39 Maud
1904 2671 274 46 Batchelor,

247 2730 210 40 London.
529 2730 279 47 (34-16312)

172 2848 141 65 Bell,
344 2849 154 53 John
529 2850 274 55 William.

245 2926 120 51 The
392 2926 242 67 goddess
661 2926 64 53 of
751 2930 124 50 love
901 2927 128 51 that
1054 2933 121 46 sent
1203 2947 88 32 me
1319 2935 57 46 to
1405 2929 147 66 gaol.

279 3001 62 37 (In
368 2996 203 43 London
598 2996 202 52 Sunday
830 3010 221 38 express,
1083 2997 123 51 Apr.
1236 2999 70 49 15,
1339 2998 144 50 1934)

179 3067 51 51 ©
287 3083 37 28 1c.
350 3072 128 39 June
502 3070 39 46 9,
569 3071 140 44 1934;
740 3072 40 37 A
809 3071 59 39 ad
897 3071 86 39 int.
1012 3070 169 47 19028;
1214 3073 141 46 pubd.
1385 3072 113 47 Apr.
1528 3072 81 46 15;
1642 3073 42 38 J.
1714 3072 70 39 W.
1816 3072 117 46 Bell,
1965 3071 210 40 London.

175 3189 308 65 Blaimmg,
515 3192 201 62 Harry
742 3190 71 54 K.

250 3265 193 54 Boiler
467 3266 128 55 feed
620 3266 110 51 and
753 3264 177 55 boiler
956 3271 177 48 water
1157 3266 318 68 softening;
1501 3288 31 33 a
1557 3267 273 68 practical
1855 3265 228 55 treatise
2109 3285 71 34 on

178 3345 125 52 how
328 3349 58 47 to
414 3343 307 54 determine
746 3344 95 53 the
868 3361 160 35 cause
1056 3343 64 54 of
1143 3343 177 55 boiler
1348 3345 144 51 scale
1519 3345 112 52 and
1659 3345 126 52 how
1813 3351 59 47 to
1897 3344 279 52 maintain

182 3421 154 53 clean
374 3422 236 67 heating
647 3421 268 67 surfaces,
954 3421 257 67 together
1248 3422 141 53 with
1429 3422 369 55 instructions
1840 3423 91 52 for
1968 3423 213 66 testing

183 3499 109 54 and
323 3504 330 61 treatment;
685 3521 31 33 a
744 3499 178 51 boiler
954 3499 309 66 operators’
1292 3500 248 66 manual,
1568 3500 76 69 by
1672 3501 75 52 H.
1779 3501 74 54 K.
1887 3500 295 67 Blanning

180 3577 111 54 and
317 3577 68 52 A.
418 3578 67 51 D.
515 3577 160 52 Rich.
744 3576 268 68 Chicago,
1040 3575 311 54 Nickerson
1379 3579 44 49 &
1453 3577 218 56 Collins
1703 3597 75 34 co.
1815 3614 12 33 [
1830 3586 20 21 c
1856 3581 134 49 1934
1994 3612 13 33 ]

247 3658 43 38 x,
321 3649 86 40 156
432 3660 31 37 p
481 3681 7 15 ,
520 3649 25 39 5
593 3682 7 7 l.
663 3648 178 48 diagrs.
902 3648 147 40 28½cm.

246 3706 353 48 Lithoprinted.

247 3764 182 40 Leaves
456 3764 51 39 of
534 3763 279 40 coordinate
840 3772 152 39 paper
1017 3764 94 39 and
1139 3764 146 39 blank
1309 3765 161 41 leaves
1496 3766 82 41 for
1604 3768 206 41 “Notes”
1847 3769 52 48 (5
1923 3772 51 39 at
1999 3766 117 49 end)

244 3821 347 47 Bibliography:
649 3832 43 35 p.
724 3819 216 40 151-152.

182 3878 49 51 ©
262 3884 112 46 May
403 3883 67 41 15,
500 3882 113 39 1934;
673 3882 64 38 2c.
768 3882 94 37 and
893 3879 81 40 aff.
1005 3881 113 46 May
1148 3881 80 44 17;
1262 3881 38 38 A
1331 3882 168 42 72416;
1533 3884 273 46 Nickerson
1834 3885 36 40 &
1901 3885 186 44 Collins
2118 3892 68 34 co.

258 3939 277 47 (34-15776)
