2350 4196
1095 4012 98 54 373

149 368 303 54 Columbia
518 368 351 63 university.
973 369 275 52 Teachers
1313 368 224 67 college.
1637 370 244 52 Lincoln
1943 366 207 56 school.

218 448 470 52 Parent-teacher
737 448 353 52 association.

221 523 192 68 Spend
463 543 143 49 your
655 525 163 66 time;
872 526 138 51 New
1062 523 206 54 York’s
1320 544 281 33 resources
1652 525 95 52 for
1796 526 95 51 the
1940 543 95 35 use
2087 525 63 51 of

146 602 220 67 leisure,
412 604 280 66 compiled
738 604 74 67 by
855 604 95 51 the
996 604 467 51 Parent-teacher
1509 604 356 66 association,
1910 603 240 53 Lincoln

146 681 189 54 school
375 681 63 52 of
477 682 278 52 Teachers
792 682 228 67 college,
1062 681 296 54 Columbia
1399 682 335 67 university.
1810 684 137 51 New
1988 682 164 53 York

148 758 131 69 city,
330 760 142 53 Pub.
525 760 73 65 by
651 763 228 49 Bureau
930 759 63 54 of
1043 759 383 68 publications
1479 760 62 52 of
1592 761 279 52 Teachers
1923 761 227 68 college,

149 835 297 56 Columbia
488 838 334 68 university,
861 838 94 52 for
994 838 239 52 Lincoln
1273 838 188 52 school
1503 838 62 52 of
1606 839 277 53 Teachers
1923 840 227 68 college,

148 919 149 50 1933.

151 990 1983 105 xii p., 1 l., 74 p. 23½cm. (Half-title: Lincoln school of Teachers college,
298 1046 1588 50 Columbia university … Lincoln school research studies)
222 1105 224 39 Includes
479 1104 392 48 bibliographies.

155 1157 50 51 ©
234 1162 118 39 Nov.
379 1162 39 45 2,
477 1160 111 46 1933;
618 1161 67 39 2c.
715 1162 94 39 and
839 1160 81 41 aff.
949 1161 112 39 Dec.
1090 1160 81 47 20;
1202 1160 40 39 A
1271 1158 143 42 67605;
1472 1161 241 39 Teachers
1743 1161 192 46 college,

225 1160 1911 98 Columbia
332 1217 127 40 univ.
533 1218 219 47 (34-265)

153 1303 260 69 Cortina,
440 1308 213 52 Rafael
678 1306 141 54 Diez
846 1308 70 53 de
941 1306 73 66 la,
1044 1311 171 49 1859-

222 1383 281 55 Cortina’s
537 1384 222 53 French
792 1384 229 52 method
1067 1384 239 68 (twenty
1340 1383 237 67 lessons)
1620 1382 272 54 intended
1929 1381 94 54 for
2057 1399 95 35 use

152 1462 58 52 in
246 1463 232 67 schools,
514 1468 119 60 etc.,
669 1462 111 53 and
816 1462 93 52 for
945 1461 323 70 self-study,
1303 1460 142 53 with
1481 1481 30 33 a
1546 1465 206 64 system

1788 1460 63 53 of
153 1458 1973 148 articulation,
317 1539 170 55 based
515 1557 69 34 on
611 1538 246 70 English
883 1538 365 70 equivalents,
1276 1539 94 52 for
1397 1538 298 69 acquiring

157 1543 1995 143 a correct pronunciation, by R. Diez de la Cortina … revised by Prof. J.
153 1695 1999 69 Leroux … 40th ed. New York, R. D. Cortina company, 1933.
222 1767 950 50 8 p. l., [v]-x, 338 p. front. 18½cm.
155 1824 50 51 ©
235 1829 116 39 Nov.
382 1829 68 42 10,
480 1829 114 39 1933;
653 1829 65 39 2c.
749 1829 111 39 Dec.
889 1830 26 37 4;
976 1828 80 40 aff.
1086 1829 112 47 Apr.
1230 1829 68 46 18,
1329 1828 114 40 1934;
1502 1829 41 38 A
1573 1828 145 41 68387;
1777 1830 53 38 R.
1863 1831 57 39 D.
1951 1828 199 41 Cortina

222 1896 81 37 co.,
329 1885 90 41 inc.
494 1884 280 50 (33-36392)

153 1973 363 67 Crownfield,
548 1976 312 64 Gertrude,
894 1975 171 54 1867-

221 2052 207 54 Where
465 2054 166 68 glory
669 2053 181 68 waits,
886 2054 97 52 the
1020 2072 261 34 romance
1319 2054 62 52 of
1419 2053 170 69 Mary
1626 2049 222 73 Mining
1885 2053 111 52 and

152 2052 1977 147 Anthony
354 2132 222 67 Wayne
608 2132 109 67 [by]
752 2132 284 54 Gertrude
1064 2132 361 55 Crownfield.
1490 2132 410 68 Philadelphia
1929 2134 50 49 &
150 2132 1980 140 London,

306 2209 55 53 J.
392 2210 67 52 B.
486 2209 340 63 Lippincott
853 2229 297 43 company,
1180 2214 152 52 1934.

218 2282 99 48 319,
354 2302 55 30 [1]
441 2294 43 37 p.
545 2282 145 42 19½cm.

155 2337 50 51 ©
244 2343 121 38 Mar.
402 2342 67 44 13,
506 2341 113 39 1934;
685 2342 65 39 2c.
788 2344 95 38 and
920 2342 81 39 aff.
1039 2343 121 39 Mar.
1197 2343 80 39 24:
1319 2343 39 38 A
1395 2342 170 47 69986;
1606 2343 50 39 G.
1696 2343 302 46 Crownfield,
2036 2344 117 39 New

225 2399 143 39 York.
443 2398 250 48 (34-7140)

153 2487 210 65 Davet,
393 2486 232 57 Michel.

285 2562 1206 70 … La fin du voyage. Paris, Plon [1933]
222 2632 521 50 3 p. l., 239 p. 19cm.
156 2691 1996 52 © Nov. 14, 1933; 1c. Jan. 23, 1934; A-Foreign 23472; Librairie Plon.
233 2752 249 48 (34-6992)

149 2839 233 66 Dewey,
417 2842 174 64 John,
631 2844 172 49 1859-

217 2918 114 52 Art
377 2937 58 34 as
481 2920 346 67 experience,
873 2921 73 66 by
991 2921 155 54 John
1192 2922 228 66 Dewey.
1496 2921 137 52 New
1680 2920 179 67 York,
1905 2920 248 67 Minton,

149 2997 181 52 Balch
359 3002 45 49 &
432 3016 280 49 company
747 3001 191 63 [c1934]

225 3071 1202 49 vii, [1] p., 3 l., 3-355 p. front., plates. 24cm.
157 3124 50 51 ©
237 3129 120 38 Mar.
385 3128 68 46 23,
481 3128 140 41 1934;
651 3129 66 40 2c.
745 3129 113 47 Apr.
886 3129 52 41 9;
969 3129 81 40 aff.
1078 3130 111 46 Apr.
1219 3131 25 38 7;
1302 3130 40 42 A
1369 3128 169 48 71183;
1570 3129 42 39 J.
1642 3129 191 46 Dewey,
1864 3128 119 39 New
2009 3126 144 42 York.

234 3184 278 48 (34-27080)

154 3258 225 66 Dreier,
410 3260 328 53 Katherine
769 3261 233 66 Sophie,
1037 3261 169 54 1877-

228 3335 228 68 Shawn,
499 3337 96 53 the
637 3337 221 67 dancer,
901 3337 73 67 by
1017 3337 317 54 Katherine
1378 3336 55 54 S.
1479 3336 230 65 Dreier;
1755 3334 283 52 foreword
2081 3333 73 71 by

158 3412 1933 70 H. Niedecken-Gebhard; introduction by Hans Hildebrandt …
156 3492 453 67 Reproductions
655 3493 63 51 of
766 3492 392 69 photographs
1202 3494 75 67 by
1324 3492 194 68 Ralph
1566 3490 299 69 Hawkins,
1914 3491 240 69 Rudolf,

155 3569 1821 69 Robertson tancl others] … New York, A. S. Barnes and
154 3586 1973 129 company
333 3648 417 68 incorporated,
784 3651 148 49 1933.

225 3719 70 47 81,
328 3720 54 48 [1]
409 3730 43 37 p.
483 3718 108 42 incl.
620 3722 170 46 plates,
848 3722 86 39 col.
963 3722 148 41 front.
1169 3721 268 41 31½×24cm.

224 3776 228 41 “Printed
476 3778 61 46 by
561 3777 189 40 Phönix
776 3778 501 40 illustrationsdruck-
1302 3780 97 38 und
1425 3779 253 47 verlags-g.
1702 3790 60 30 m.
1788 3779 42 41 b.
1854 3780 60 48 h.,
1940 3778 210 42 Berlin.”

226 3833 305 48 Descriptive
556 3835 283 46 letterpress
865 3845 60 29 on
951 3846 164 29 versos
1141 3835 166 46 facing
1329 3845 130 29 some
1485 3835 51 39 of
1560 3837 82 39 the
1667 3837 248 46 portraits.

159 3890 1976 110 © 1c. Oct. 28, 1933; A ad int. 18607; pubd. Oct. 25; Drei masken v erlag, a. g., Berlin. (34-7173)
