2350 4196
1127 4005 65 54 75

140 370 231 63 Kester,
404 369 126 61 Roy
556 364 287 64 Bernard,
879 364 170 50 1882-

144 430 1967 162 Accounting theory and practice. [v. 3] Advanced accounting.
334 509 1741 78 Solutions to practice problems, by Roy B. Kester …
141 603 70 51 3d
247 621 111 33 rev.
395 601 83 51 ed.
555 599 137 55 New
730 597 177 66 York,
942 596 119 52 The
1097 592 224 54 Ronald
1358 609 156 51 press
1549 604 279 52 company
1868 620 11 33 [
1885 592 17 20 c
1910 587 131 49 1933]

209 677 77 37 421
326 685 40 37 p.
427 674 169 41 tables,
629 671 178 47 diagrs.
868 670 83 40 2(H
957 670 43 22 cm
1007 701 7 6 .

144 729 48 48 ©
221 733 66 37 Dec
353 731 68 40 30,
453 730 133 39 1033:
615 730 65 38 2c.
741 738 74 30 Jan.
841 727 39 43 6,
906 725 139 42 1934;
1074 724 79 40 aff.
1183 724 107 39 Jan.
1318 722 48 39 11
1391 732 7 30 :
1428 721 40 38 A
1493 719 169 46 67966;
1694 717 188 40 Ronald
1909 727 136 36 press
2071 726 64 29 co.

142 848 370 65 Keyserling,
548 847 238 52 Eduard
821 844 283 54 Heinrich
1137 842 306 63 Nikolaus,
1477 840 134 67 graf
1644 854 133 49 von,
1813 837 324 53 1855-1918.

208 925 267 68 Dumala,
508 942 198 35 roman
740 942 110 33 von
887 924 69 50 E.
993 940 109 34 von
1139 920 373 69 Keyserling;
1550 915 209 67 edited,
1794 915 140 53 with
1966 918 176 60 notes,

143 992 2000 80 exercises and vocabulary, by Theodore B. Hewitt … New
146 1083 174 67 York,
346 1083 65 51 F.
443 1082 56 54 S.
530 1081 199 55 Crofts
756 1084 44 49 &
827 1099 96 48 co.,
954 1082 150 53 1934.

213 1156 102 48 xiii,
353 1155 83 40 168
472 1167 41 36 p.
575 1153 148 42 front,
753 1154 171 47 (port.)
996 1153 53 39 19½c
1100 1154 27 20 m
1132 1184 7 7 .

215 1214 344 49 Bibliography
580 1223 8 30 ;
625 1224 41 37 p.
702 1211 100 39 xiii.

147 1270 49 51 ©
227 1273 109 39 Jan.
367 1273 67 37 25.
468 1271 137 39 1984:
638 1272 67 37 2c.
735 1271 108 37 Jan.
904 1272 52 37 30:
991 1267 80 40 aff.
1104 1268 106 38 Jan.
1244 1268 53 38 27
1317 1278 7 29 :
1360 1266 45 45 A,
1431 1265 169 47 70058;
1636 1265 49 38 F.
1721 1265 43 41 S.
1799 1264 165 39 Crofts
1995 1264 35 40 &
2061 1272 82 40 co.,

212 1329 90 41 inc.
382 1325 51 51 [©
474 1333 149 35 notes,
661 1327 241 38 exercises
940 1328 94 37 and
1075 1324 308 48 vocabulary]
1455 1322 252 48 (34-1893)

146 1432 207 66 Lewis,
381 1432 200 52 Ferris
610 1433 85 62 E.,
728 1432 168 50 1904-

215 1508 187 57 Social
448 1508 213 53 science
707 1508 185 65 series,
940 1506 270 54 directive
1256 1504 170 69 study
1473 1504 200 67 sheets,
1719 1504 73 67 by
1838 1503 194 53 Ferris
2077 1502 68 54 E.

144 1580 2006 74 Lewis … assisted by Maurice M. Ramsey … Ann Arbor,
145 1662 952 72 Mich., The Craft press [ c 1933]
217 1736 834 50 6 v. in l. illus., diagrs. 20 cm .
217 1797 224 41 Includes
479 1794 389 49 bibliographies.

151 1851 50 51 ©
232 1855 109 38 Dec.
372 1854 68 45 30,
471 1852 140 42 1938;
643 1855 64 36 2c.
739 1853 96 38 and
864 1852 80 40 aff.
976 1851 108 40 Jan.
1116 1853 38 44 6,
1185 1850 140 41 1934;
1360 1850 39 39 A
1429 1849 169 46 68763;
1633 1848 143 43 Craft
1806 1858 147 38 press.

228 1912 248 46 (34-1925)

151 2012 180 66 Lyon,
362 2012 280 55 Leverett
676 2012 254 63 Samuel,
965 2015 170 49 1885-

208 2091 119 53 The
349 2090 311 54 economics
681 2090 65 52 of
768 2090 119 52 free
911 2088 173 67 deals,
1101 2086 140 55 with
1263 2087 358 69 suggestions
1642 2089 92 52 for
1752 2086 397 69 code-making

153 2169 176 53 under
362 2170 93 51 the
489 2169 184 67 NRA,
707 2168 71 67 by
812 2168 262 53 Leverett
1111 2167 55 55 S.
1200 2168 180 67 Lyon,
1416 2167 236 52 assisted
1687 2166 73 67 by
1792 2167 186 51 Helen
2011 2165 138 68 May

152 2247 274 54 Wheeler.
502 2245 401 69 Washington,
927 2247 70 53 D.
1027 2247 80 65 C.,
1133 2247 118 51 The
1278 2246 325 67 Brookings
1627 2244 345 65 institution,
2002 2247 147 51 1933.

226 2330 75 36 xv,
329 2319 85 40 227
440 2330 43 38 p.
542 2319 126 41 illus.
726 2319 51 38 21
784 2321 42 20 cm
834 2352 4 5 .
929 2318 275 48 (Half-title:
1230 2318 102 40 The
1358 2317 236 42 Institute
1621 2317 50 39 of
1697 2315 268 43 economics
1994 2317 51 38 of
2073 2318 78 38 the

161 2372 1235 52 Brookings institution … Publication no. 53)
157 2430 48 51 ©
232 2435 110 39 Dec.
369 2434 68 41 23.
464 2434 139 40 1983:
633 2433 65 39 2c.
725 2434 110 39 Jan.
861 2432 68 41 10.
957 2432 139 41 1934;
1126 2432 79 40 aff.
1234 2433 108 40 Jan.
1370 2434 52 38 8:
1452 2433 39 38 A
1519 2432 170 46 67923;
1720 2432 273 48 Brookings
222 2429 1915 102 institution.
461 2489 251 50 (34-1876)

157 2594 321 67 McCorkle,
509 2595 163 65 Paul,
707 2598 170 49 1890-

156 2666 2001 142 College physical science; an orientation course, by Paul McCorkle … and J. Arthur Lewis … with 153 illustrations.
153 2823 1601 77 Philadelphia, P. Blakiston’s son & co., inc. [ c 1934]
226 2903 63 47 ix,
318 2903 86 39 327
433 2912 41 38 p.
536 2901 127 41 illus.
693 2902 49 46 (1
772 2903 112 46 col.)
922 2902 177 48 diagrs.
1161 2902 54 38 22
1219 2905 43 20 cm
1269 2935 6 8 .

228 2959 347 40 “References”
605 2961 51 38 at
685 2960 90 38 end
804 2960 51 38 of
882 2959 118 39 each
1029 2959 212 47 chapter.

161 3013 50 51 ©
241 3017 106 39 Jan.
376 3017 68 46 19,
472 3016 140 47 1934;
643 3018 65 38 2c.
738 3019 93 37 and
860 3017 79 39 aff.
971 3017 109 40 Jan.
1108 3016 79 41 20:
1220 3018 41 37 A
1288 3015 142 41 69116
1450 3026 8 35 ;
1490 3016 48 40 P.
1570 3015 300 42 Blakiston’s
1899 3026 85 29 son
2014 3016 34 40 &
2077 3026 81 35 co.,

227 3073 86 40 inc.
386 3073 250 49 (34-1775)

159 3163 295 66 McCrum,
484 3164 257 54 Blanche
771 3163 305 67 Prichard,
1111 3166 169 52 1887-

229 3239 93 52 An
353 3239 258 53 estimate
643 3240 65 52 of
738 3241 305 54 standards
1077 3241 94 52 for
1203 3260 31 34 a
1267 3242 214 69 college
1510 3241 238 69 library,
1782 3241 251 68 planned
2069 3239 94 54 for

159 3316 94 54 the
291 3336 91 34 use
418 3318 64 52 of
517 3316 306 56 librarians
859 3320 163 51 when
1057 3319 332 69 presenting
1421 3319 243 68 budgets
1700 3324 59 48 to
160 3317 1977 131 administrative

321 3391 1842 78 boards, by Blanche Prichard McCrum … Lexington,
165 3470 119 70 Va.,
317 3472 379 69 Washington
725 3475 112 51 and
867 3475 109 52 Lee
1005 3475 335 68 university,
1372 3478 149 50 1933.

232 3546 25 37 2
299 3556 45 37 p.
421 3577 10 16 l.,
479 3546 145 49 [3]-78
666 3556 42 38 p.
768 3546 56 40 23
829 3549 42 21 cm
877 3579 7 8 .

167 3596 1980 110 “A study … carried out at the School of librarianship of the University
378 3659 51 39 of
462 3656 287 53 California,
781 3660 49 39 in
862 3660 183 47 partial
1078 3659 281 41 fulfillment
1389 3661 52 38 of
1473 3662 82 39 the
1589 3660 352 48 requirements
1971 3660 79 41 for
2084 3660 82 40 the

167 3712 80 41 the
275 3725 53 29 m.
358 3726 42 28 a.
430 3715 478 50 degree.”—Introd.,
936 3726 42 38 p.
1009 3716 40 40 6.

237 3769 175 42 “Notes
447 3773 95 39 and
579 3770 325 43 references”:
943 3783 42 38 p.
1023 3771 169 48 75-78;
1233 3771 347 51 Bibliography
1618 3777 52 37 at
1706 3775 91 39 end
1834 3773 53 40 of
1922 3772 136 48 chap,
2096 3780 71 32 vii

177 3823 64 48 (p.
269 3826 167 48 72-73)

170 3880 50 51 ©
260 3885 100 40 Oct.
397 3887 39 39 4.
476 3885 139 41 1933;
656 3888 64 37 2c.
761 3888 92 37 and
893 3886 79 39 aff.
1014 3888 107 38 Jan.
1162 3888 67 45 26,
1269 3886 139 48 1934;
1449 3889 42 37 A
1528 3888 170 46 69202;
1740 3889 51 39 B.
1832 3889 49 39 P.
1922 3886 240 48 McCrum,

234 3941 282 48 Lexington,
552 3943 82 40 Va.
706 3943 249 47 (34-1839)
