2350 4196
1197 3995 100 51 940

242 378 215 65 Gregg,
493 380 151 53 Cecil
679 380 304 55 Freeman.

313 453 297 68 Inspector
636 454 255 69 Higgins
920 474 113 34 sees
1062 456 45 51 it
1135 455 267 68 through,
1430 455 73 68 by
1535 454 152 54 Cecil
1713 456 276 51 Freeman
2019 455 208 69 Gregg.

243 529 138 54 New
418 531 178 68 York,
630 532 257 68 London,
923 533 69 52 D.
1028 531 577 70 Appleton-Century
1641 549 296 52 company,
243 533 1961 143 incorporated,
457 611 148 51 1934.

318 681 1914 51 vi p., 1 l., 300 p. 19½ cm . [Tired business man’s library of adventure,
246 736 249 43 detective,
528 739 93 38 and
653 739 213 45 mystery
897 740 179 48 novels]

250 805 1981 53 © July 27, 1934; 2c. and aff. July 30; A 73640; D. Appleton-Century co.,
320 864 89 41 inc.
485 865 277 47 (34-21308)

245 969 355 65 Haberman,
633 970 333 56 Frederick.

318 1047 248 68 Tracing
600 1066 101 33 our
734 1053 308 61 ancestors;
1075 1067 143 34 were
1246 1049 135 66 they
1413 1049 367 53 descendants
1812 1047 65 54 of
1909 1067 131 49 apes
2072 1066 62 34 or
2165 1047 64 53 of

248 1125 1981 69 Adam? By Frederick Haberman … St. Petersburg, Fla.,
248 1203 119 52 The
397 1202 294 69 Kingdom
720 1222 155 49 press
909 1239 12 32 [
925 1211 18 20 c
948 1209 151 62 1934]

321 1276 1304 48 4 p. l., 186 p. front., illus., 2 fold. maps. 23½ cm .
253 1345 50 50 ©
335 1349 119 38 Mar.
485 1348 68 47 10,
584 1348 140 47 1934;
757 1349 66 40 2c.
855 1350 94 38 and
979 1349 80 39 aff.
1090 1350 113 46 May
1232 1350 81 46 31;
1347 1350 42 37 A
1418 1348 169 47 71860;
1620 1349 241 47 Kingdom
1893 1358 148 38 press.

330 1405 279 49 (34-21274)

247 1510 339 63 Haudrulis,
621 1510 244 64 George.

324 1585 225 66 Kassia,
570 1604 27 33 a
623 1603 256 34 romance
902 1585 62 53 of
988 1584 361 68 Byzantium,
1370 1586 73 67 by
1468 1584 218 68 George
1707 1585 334 52 Handrulis.
2102 1584 136 54 New

260 1662 174 65 York,
467 1663 354 52 Athenaeum
853 1662 330 68 publishing
1212 1680 293 52 company,
1537 1662 103 55 inc.
1683 1697 11 33 [
1700 1670 17 20 c
1723 1666 133 48 1934
1861 1697 12 33 ]

324 1733 647 49 x p., 2 l., 3-432 p. 21 cm .
256 1806 1983 50 © June 29. 1934; 2c. and aff. July 6; A 74247; Athenaeum pub. co., inc.
334 1865 278 49 (34-21157)

253 1970 162 64 Hird,
448 1970 216 56 Frank.

319 2044 1923 70 The fourth road, by Frank Hird … London, S. Paul & co.,
250 2125 101 52 ltd.
406 2127 170 64 [1934]

321 2198 87 41 287
444 2209 43 38 p.
548 2197 57 41 19
606 2200 44 22 cm
654 2230 8 8 .

259 2266 1926 50 © 1c. June 30, 1934; A ad int. 19102; pubd. May 4; F, Hird, London.
337 2326 277 47 (34-21689)

253 2428 297 66 Hoffman,
583 2430 143 53 Ural
759 2428 339 66 Nathaniel,
1134 2433 168 49 1885-

331 2506 117 67 See,
481 2509 166 50 know
681 2508 111 51 and
825 2507 328 67 tell—well;
1189 2525 31 34 a
1254 2508 273 66 complete
1562 2508 266 51 textbook
1862 2507 63 52 of
1955 2509 95 50 the
258 2507 1955 144 principles

460 2586 112 52 and
603 2584 273 68 practices
906 2585 63 51 of
997 2584 336 68 journalism
1363 2585 92 51 for
1482 2586 374 52 newswriters
1886 2585 59 51 in
1974 2586 94 50 the
2097 2585 140 67 high

258 2663 1956 145 school. By U. N. Hoffman … Tacoma, Wash., Laural bookcraft, 1934.
330 2814 61 47 vi,
421 2814 85 40 264
535 2825 42 37 p.
637 2814 128 40 illus.
825 2814 58 39 24
884 2816 44 21 cm
933 2846 8 8 .

262 2874 50 50 ©
350 2878 115 47 July
498 2879 68 45 18,
601 2877 139 47 1934;
778 2877 52 40 2c.
881 2878 115 46 July
1030 2878 81 46 23;
1149 2876 78 40 aff.
1265 2877 114 48 July
1415 2877 81 47 24;
1535 2878 41 38 A
1610 2877 169 47 74301;
1818 2877 56 40 U.
1909 2877 56 39 N.
2001 2875 244 49 Hoffman,

328 2935 221 46 Tacoma,
578 2935 162 39 Wash.
816 2934 278 48 (34-21135)

260 3038 215 63 Huber,
506 3038 314 57 Bertrand.

329 3112 187 52 Death
539 3112 45 49 &
608 3113 94 52 the
729 3115 280 68 dowager,
1035 3114 74 68 by
1135 3115 286 51 Bertrand
1447 3114 216 53 Huber.
1728 3114 139 52 New
1894 3113 179 68 York,
262 3114 1960 143 London,
423 3190 70 52 D.

528 3191 578 69 Appleton-Century
1139 3209 295 50 company,
1468 3192 417 67 incorporated,
1924 3194 148 50 1934.

331 3262 32 41 4
396 3272 42 37 p.
479 3265 14 36 1.,
563 3264 84 37 277
687 3274 42 36 p.
790 3264 55 39 19½cm.
999 3265 157 48 [Tired
1196 3264 220 40 business
1458 3264 150 40 man’s
1652 3264 183 47 library
1877 3263 51 40 of
1970 3264 277 44 adventure,

262 3317 247 41 detective,
541 3320 93 38 and
666 3321 213 45 mystery
909 3320 163 41 novels]

266 3372 50 50 ©
344 3376 115 47 July
482 3377 68 45 27,
577 3376 139 46 1934;
744 3377 64 39 2c.
838 3379 94 38 and
959 3377 80 40 aff.
1068 3379 113 47 July
1206 3378 81 47 30;
1315 3378 41 39 A
1382 3378 168 47 73644;
1581 3379 56 39 D.
1665 3377 474 49 Appleton-Century
2163 3388 82 36 co.,

334 3433 88 39 inc.
497 3433 277 47 (34-21304)

263 3536 259 63 Hughes,
554 3538 136 51 Mrs.
722 3537 250 52 Babette
1004 3537 341 64 (PJechner)

332 3611 235 52 Murder
594 3611 58 51 in
680 3611 226 68 church,
931 3612 75 68 by
1033 3613 239 53 Babette
1297 3613 256 69 Hughes.
1618 3615 138 51 New
1785 3613 179 68 York,
1991 3613 256 66 London,

264 3686 69 54 D.
366 3687 576 69 Appleton-Century
975 3707 294 50 company,
1302 3691 415 67 incorporated,
1754 3693 148 50 1934.

334 3759 1912 51 3 p. l., 242 p. 19½cm. [Tired business man’s library of adventure,
265 3816 247 40 detective,
545 3817 94 38 and
670 3819 212 44 mystery
912 3817 178 48 novels]

269 3870 50 50 ©
347 3874 113 46 July
484 3874 69 41 27,
710 3885 7 27 1934;
746 3874 67 39 2c.
840 3876 94 37 and
961 3874 79 40 aff.
1068 3875 114 47 July
1207 3875 81 47 30;
1317 3876 40 38 A
1384 3877 168 47 73647;
1582 3878 56 38 D.
1665 3877 474 48 Appleton-Century
2164 3887 82 37 co.,

338 3931 87 39 inc.
498 3929 251 47 (34-21305)
