2350 4196
1123 4055 96 48 595

257 484 1425 54 2 p. l., iii-xxiii, 543 p. front., illus. (incl. maps) 20½cm.
253 540 112 50 Map
398 553 59 29 on
489 543 334 48 lining-paper.

254 595 432 52 “Supplementary
716 599 254 49 readings”:
1031 610 41 30 v.
1104 600 37 47 1,
1171 609 42 37 p.
1245 597 128 41 9-10.

255 652 125 50 Song
405 656 119 40 with
552 656 152 40 music:
759 667 40 30 v.
828 658 39 44 1,
895 665 42 39 p.
964 654 218 41 423-424.

185 708 51 51 ©
270 713 115 48 May
414 714 40 46 4,
488 713 138 48 1934;
662 715 65 39 2c.
762 717 94 37 and
889 714 80 40 aff.
1005 715 113 46 May
1151 714 53 39 16;
1267 713 41 39 A
1340 713 169 44 71632;
1545 714 262 47 Harcourt,
1842 715 154 39 Brace
2029 715 37 41 &
2096 726 82 35 co.,

251 768 90 42 inc.
399 770 278 45 (34-12865)

177 860 206 64 Breed,
416 860 188 54 David
637 861 222 65 Riddle,
894 865 322 48 1848-1931.

251 936 119 52 The
401 936 221 69 history
653 939 110 51 and
794 957 97 34 use
921 937 63 52 of
1013 938 203 68 hymns
1250 938 112 52 and
1392 938 386 66 hvmn-tunes,
1809 937 73 68 by
1914 939 97 51 the
2040 937 136 53 Rev.

181 1011 1995 73 David R. Breed … New York, Chicago [etc.] Fleming H.
180 1090 196 56 Revell
411 1111 279 50 company
732 1128 11 32 [
750 1100 15 21 c
771 1097 136 50 1934
910 1128 12 32 ]

249 1162 1442 55 2 p. l., iii-ix p., 1 l., 11-364 p. illus. (music) 19½ cm .
250 1220 231 42 Revision
507 1223 51 38 of
588 1222 81 42 the
700 1224 181 39 section
912 1234 58 30 on
1001 1224 308 48 hymn-tunes
1343 1223 57 46 by
1433 1222 48 42 C.
1513 1222 57 40 N.
1603 1222 149 47 Boyd.
1842 1223 31 46 cf.
1909 1223 127 39 Pref.

251 1276 208 49 “Eighth
488 1280 226 40 edition.”

184 1332 1890 55 © Apr. 28. 1934; 2c. and aff. May 7; A 72325; Fleming H. Revell co.
260 1392 280 50 (34-12856)

174 1485 283 65 Bunting,
488 1488 155 52 John
672 1486 428 57 Summerfield.

249 1560 1866 75 The religion of mind and body, by John S. Bunting …
178 1640 138 53 New
353 1642 163 51 York
556 1651 137 58 [etc.]
735 1644 268 67 Fleming
1034 1643 75 51 H.
1149 1643 198 52 Revell
1383 1659 280 50 company
1707 1676 11 33 [
1724 1649 16 21 c
1747 1646 150 63 1934]

247 1714 85 42 125
361 1726 42 37 p.
464 1713 55 41 19½
553 1719 42 20 cm
600 1748 7 6 .

183 1767 50 52 ©
260 1771 111 50 Apr.
399 1772 68 47 28,
495 1772 139 42 1934;
663 1773 67 39 2c.
757 1773 94 39 and
879 1772 81 42 aff.
989 1774 112 46 May
1129 1774 22 38 7;
1209 1772 40 39 A
1276 1772 169 41 72328;
1477 1771 217 49 Fleming
1726 1773 57 39 H.
1811 1773 167 39 Revell
2005 1783 66 30 co.

260 1828 278 47 (34-12996)

176 1919 207 65 Cayré,
416 1919 261 57 Fulbert.

309 1995 1865 71 … Les sources de l’amour divin; la divine présence d’après
177 2072 2000 74 saint Augustin … Préface de Jacques Maritain. Paris.
177 2151 1029 70 Desclée, de Brouwer & c ie [c1934 ]
245 2221 1864 58 2 p. l., viii, [7]-271 p front. 20 ½ cm . (Bibliothèque augustinienne)
249 2282 418 49 “Bibliographie”:
727 2294 41 38 p.
805 2283 245 51 [251]-261.

181 2336 1997 55 © Jan. 3, 1934; 1c. Mar. 24; A- Foreign 24141; Desclée, de Brouwer &
249 2397 81 41 cie.
389 2397 279 48 (34-12993)

175 2473 343 62 Chambers,
551 2475 289 53 Sherman
872 2475 226 55 Daniel.

246 2547 1871 77 Mechanics of engineering, by Sherman Daniel Chambers …
177 2628 136 54 New
344 2630 180 64 York,
553 2631 122 52 The
702 2630 334 54 Macmillan
1067 2650 296 50 company,
1396 2634 150 50 1934.

251 2703 79 46 vii,
380 2703 86 40 279
512 2714 42 37 p.
618 2704 176 48 diagrs.
858 2702 54 41 22
916 2707 44 20 cm
965 2736 6 7 .
1044 2704 14 46 (
1067 2704 252 48 Half-title
1330 2716 12 28 :
1392 2703 325 51 Engineering
1764 2704 184 39 science
1996 2703 173 46 series)

251 2758 145 43 “This
437 2762 122 39 hook
603 2762 40 39 is
685 2762 229 42 intended
956 2765 49 37 to
1045 2763 55 39 be
1140 2773 28 29 a
1209 2763 280 41 class-room
1532 2765 103 37 text
1677 2761 226 48 covering
1943 2761 109 47 only
2097 2762 81 40 the

177 2817 257 41 essentials
466 2818 49 41 of
546 2820 173 39 statics
748 2820 95 39 and
872 2818 509 42 mechanics.”—Pref.

180 2872 51 51 ©
259 2876 114 48 May
401 2877 38 46 8,
470 2876 139 42 1934;
641 2877 66 39 2c.
737 2878 94 38 and
860 2875 79 42 aff.
972 2878 112 47 May
1113 2877 25 39 9;
1196 2877 39 39 A
1264 2877 169 41 72349;
1467 2878 280 39 Macmillan
1777 2888 65 28 co.

258 2932 280 42 (34-12817)

174 3007 274 65 Chicago.
529 3008 364 66 University.
973 3011 258 52 Oriental
1285 3011 277 53 institute.
1650 3009 363 68 Epigraphic
2063 3008 112 52 and

243 3087 404 53 architectural
677 3106 219 48 surrey.

304 3163 1704 58 … Medinet Habu. Volume in. Plates 131-192. The
173 3160 1977 144 Calendar,
398 3244 93 52 the
524 3243 554 70 “slaughterhouseA
1112 3246 112 51 and
1255 3245 185 52 minor
1472 3245 226 52 records
1728 3243 62 53 of
1823 3246 233 51 Ramses
2162 3285 12 24 III,

171 3317 1979 154 by the Epigraphic survey; field director. Harold Hayden Nelson … Chicago, Ill.,
889 3403 118 52 The
1039 3401 329 68 University
1407 3402 63 52 of
1503 3402 251 66 Chicago
1785 3418 155 50 press
2157 3432 11 32 [c1934]

244 3473 96 47 xvi,
371 3473 53 51 [2]
452 3484 43 38 p.
551 3475 85 39 col.
663 3473 164 48 front.,
855 3475 157 48 plates
1042 3475 132 49 (part
1200 3475 199 47 double)
1427 3476 127 48 plan.
1610 3474 56 40 48½
1699 3476 44 20 cm
1748 3505 7 8 .
1825 3473 123 45 (The
177 3467 1980 114 University

300 3531 51 40 of
377 3530 209 46 Chicago
614 3531 222 40 Oriental
862 3530 229 43 institute
1116 3531 338 49 publications,
1483 3533 92 38 vol.
1743 3530 11 47 XXIII)

178 3580 1773 58 © Feb. 28, 1934; 2c. June 4: aff June 6; A 72668; University
1986 3585 49 38 of
246 3578 1911 117 Chicago,
408 3644 225 48 Chicago.
696 3640 68 53 [©
797 3644 317 49 preliminary
1145 3647 192 38 matter,
1372 3644 207 49 preface,
1609 3643 85 40 list
1726 3643 50 40 of
1810 3643 167 47 plates,
2011 3640 82 39 list
2125 3639 51 39 of

249 3703 103 39 text
377 3701 194 48 figures]

172 3774 312 56 Chrestien
514 3778 68 51 de
614 3780 229 64 Troyes,
871 3779 134 53 12th
1036 3784 139 48 cent.

241 3851 295 55 Christian
569 3872 106 33 von
712 3855 213 51 Troves
956 3855 295 53 sämtliche
1283 3855 289 51 erhaltene
1605 3852 210 59 werke;
1850 3849 142 54 nach
2027 3846 146 54 allen

829 3908 18 13 *y

169 3930 320 54 bekannten
532 3931 441 56 handschriften
1016 3933 452 68 herausgegeben
1511 3949 108 33 von
1661 3926 302 59 Wendelin
2005 3926 167 51 Foer-
