2350 4196
1131 3993 101 54 784

172 379 297 67 Minehan,
497 382 275 55 Thomas.

244 459 126 67 Boy
393 459 111 52 and
528 459 113 68 girl
667 465 217 62 tramps
910 460 62 52 of
997 459 280 67 America,
1302 459 75 68 by
1403 459 246 52 Thomas
1672 458 301 66 Minehan;
1999 459 154 51 illus-

175 536 186 52 trated
400 537 138 52 with
577 537 391 68 photographs
1008 538 74 67 by
1118 538 94 52 the
1253 537 220 52 author.
1547 536 138 52 New
1725 536 179 67 York,
1943 537 213 52 Farrar

174 613 111 52 and
316 613 297 67 Rinehart,
643 614 399 67 incorporated
1078 648 13 33 [
1094 621 19 20 c
1118 617 151 63 1934]

245 685 115 48 xvii,
391 685 85 41 267
505 697 45 37 p.
608 686 164 48 front.,
804 689 169 47 plates.
1034 686 55 40 21
1093 689 44 21 cm
1141 719 8 9 .

181 754 51 51 ©
264 758 125 39 June
420 759 68 46 18,
520 758 113 40 1934
652 769 8 36 ;
694 759 66 40 2c.
793 759 125 40 June
950 759 80 47 20;
1066 758 81 42 aff.
1180 760 125 38 June
1337 758 81 47 19;
1453 759 39 38 A
1525 759 169 41 72858;
1728 760 51 38 T.
1815 760 242 47 Minehan,
2095 761 64 40 St.

252 815 133 39 Paul.
457 815 278 49 (34-17287)

177 919 263 64 Morgan,
469 919 247 64 Angela.

250 994 241 69 Crucify
524 996 117 52 me!
720 997 91 66 By
847 996 221 68 Angela
1104 997 258 66 Morgan.
1438 996 423 67 Philadelphia,
1895 999 120 63 Pa.,
180 999 1955 141 Poetry
330 1072 337 68 publishers,
697 1078 147 50 1933.

252 1145 57 40 86
335 1154 44 37 p.
437 1145 55 39 21½
525 1148 44 21 cm
573 1178 10 8 .

257 1200 181 42 Poems.

184 1269 51 51 ©
267 1274 107 39 Jan.
407 1275 39 45 1,
478 1274 139 47 1934;
652 1274 65 40 2c.
751 1275 93 39 and
878 1273 80 42 aff.
992 1275 124 38 June
1147 1273 80 47 15;
1263 1274 40 38 A
1335 1273 170 47 72815;
1539 1273 54 41 A.
1627 1274 216 47 Morgan,
1876 1272 171 49 Rydal,
2082 1273 83 41 Pa.

261 1330 277 48 (34-17237)

2077 1338 3 15 '

199 1430 238 67 [Nelson,
470 1433 225 64 George
727 1432 226 54 Luther]
1011 1433 168 54 1878-
1390 1434 83 53 ed.

251 1509 182 53 Home
469 1509 267 70 cooking;
772 1510 229 53 kitchen
1036 1512 178 52 tested
1250 1511 230 68 recipes.
1555 1510 114 55 San
1707 1510 270 67 Antonio,
2012 1510 153 66 Tex.,

179 1587 218 53 Neolon
425 1588 142 53 sales
595 1588 209 53 service
838 1622 14 34 [
857 1594 17 22 c
878 1592 136 50 1934
1018 1622 12 33 ]

253 1660 837 50 4 p. l. , [11]-190 p. illus. 23 cm .
257 1716 1828 50 On cover: Associated ladies cook book … Neolon selected recipes.
256 1774 202 40 “Edited
485 1775 60 47 by
574 1775 52 40 G.
655 1775 50 40 L.
734 1774 221 41 Nelson.”

255 1830 160 41 “First
436 1831 225 40 edition.”

257 1889 223 39 Includes
507 1888 147 39 blank
680 1897 145 39 pages
852 1889 79 38 for
960 1888 157 40 “Your
1144 1888 212 40 favorite
1384 1887 227 49 recipes”.

256 1944 222 40 Includes
508 1944 301 48 advertising
836 1946 190 38 matter.

188 2011 51 51 ©
264 2016 113 46 May
400 2016 38 45 8,
462 2015 139 48 1934;
628 2016 65 39 2c.
719 2017 92 38 and
838 2014 79 42 aff.
945 2016 112 47 May
1081 2017 80 45 11;
1188 2016 40 38 A
1252 2015 169 47 72622;
1450 2015 53 40 G.
1528 2016 50 39 L.
1604 2015 191 46 Nelson,
1825 2014 97 40 San
1946 2012 222 41 Antonio.

266 2072 277 50 (34-17264)

184 2174 240 67 Nevins,
456 2176 191 65 Allan,
680 2179 168 49 1890-

254 2253 243 68 History
526 2253 62 52 of
616 2255 96 51 the
741 2254 167 52 Bank
936 2253 62 54 of
1027 2255 138 51 New
1195 2254 162 53 York
1387 2254 110 52 and
1528 2258 149 47 trust
1709 2269 293 51 company,
2036 2248 134 53 1784

185 2336 58 48 to
277 2333 150 64 1934,
461 2332 75 65 by
568 2330 175 53 Allan
778 2332 230 51 Nevins.
1077 2332 138 53 New
1249 2332 179 67 York,
1463 2332 157 51 Priv.
1655 2330 194 68 print.,
1884 2331 152 50 1934.

256 2389 1913 66 3 p. l. , 156 p., 1 L, xv, [1] p. front., illus., plates, ports., facsims.
186 2461 54 40 28
245 2464 43 21 cm
292 2494 9 7 .

262 2517 197 42 “Issued
492 2518 61 47 by
583 2519 80 40 the
695 2518 139 40 Bank
866 2519 49 40 of
947 2518 115 41 New
1095 2519 128 40 York
1253 2520 35 40 &
1319 2520 131 40 trust
1482 2529 234 38 company
1748 2530 58 28 on
1840 2518 82 41 the
1953 2518 220 40 occasion

191 2577 51 40 of
272 2577 82 40 the
389 2587 85 30 one
509 2577 220 39 hundred
764 2577 95 38 and
893 2576 183 40 fiftieth
1110 2577 319 47 anniversary
1465 2577 51 40 of
1549 2577 64 39 its
1646 2575 263 49 founding;
1946 2575 227 49 designed

189 2635 96 38 and
322 2633 193 49 printed
554 2633 60 47 by
652 2632 215 41 William
905 2632 51 41 E.
997 2633 206 48 Rudge’s
1241 2644 138 36 sons;
1421 2633 245 49 drawings
1703 2633 61 48 by
1800 2633 183 41 Robert
2020 2631 152 41 Ball.”

193 2687 51 51 ©
282 2692 118 38 Mar.
439 2691 68 46 15,
544 2690 113 40 1934
675 2701 8 35 ;
722 2690 66 40 2c.
825 2690 126 39 June
987 2690 81 46 15;
1108 2689 79 40 aff.
1227 2692 124 38 June
1389 2691 81 46 14;
1510 2692 40 38 A
1587 2690 169 48 73079';
1797 2690 141 39 Bank
1974 2690 53 40 of
2058 2689 117 40 New

262 2749 129 39 York
416 2749 94 38 and
535 2749 129 38 trust
689 2758 66 28 co.,
795 2747 115 39 New
936 2747 142 39 York.
1149 2747 277 47 (34-17289)

186 2851 143 52 New
366 2852 210 63 Jersey
614 2851 201 67 digest,
853 2852 322 65 annotated,
1213 2852 266 67 covering
1518 2854 75 51 all
1630 2870 147 34 cases
1815 2849 263 69 reported
2114 2848 59 52 in

256 2928 137 53 New
445 2931 199 65 Jersey
696 2933 219 62 reports
970 2930 110 50 and
1134 2930 258 54 Atlantic
1443 2936 271 60 reporter.
1803 2931 167 63 June,
2025 2930 149 63 1934,

257 3004 1915 70 cumulative pamphlet … with table of cases digested.
259 3084 261 67 Newark,
561 3086 183 65 Soney
784 3088 43 49 &
868 3086 146 65 Sage
1053 3101 304 51 company;
1403 3088 81 54 St.
1524 3086 165 66 Paul,
1726 3087 158 53 West
257 3082 1894 148 publishing
385 3181 77 37 co.
498 3196 11 33 [
516 3169 16 20 c
539 3165 148 63 1934]

263 3237 83 39 145
377 3247 41 36 p.
476 3236 55 38 24
535 3237 43 21 cm
585 3268 7 7 .

197 3289 51 51 ©
278 3293 125 39 June
431 3292 69 47 20,
530 3291 140 47 1934;
701 3292 65 40 2c.
799 3292 114 46 July
942 3292 81 46 14;
1057 3290 81 41 aff.
1170 3292 114 47 July
1314 3292 81 47 16;
1426 3293 41 38 A
1497 3292 170 47 74220;
1704 3292 154 47 Soney
1888 3291 38 39 &
1957 3290 119 47 Sage
2107 3298 68 32 co.

267 3351 95 38 and
387 3350 135 39 West
547 3348 105 48 pub.
682 3359 66 28 co.

191 3454 141 51 New
364 3454 159 51 York
557 3452 215 66 (State)
858 3452 180 66 Laws,
1067 3458 252 60 statutes,
1350 3459 99 46 etc.

262 3529 241 54 General
542 3531 135 50 laws
713 3529 61 52 of
812 3530 93 52 the
941 3533 143 48 state
1120 3529 61 52 of
1219 3531 136 51 New
1394 3531 178 65 York,
1611 3549 57 33 as
1707 3528 230 53 enacted
1972 3528 74 66 by
2081 3527 94 51 the

191 3607 354 68 Legislature
574 3614 58 45 at
657 3608 94 51 the
781 3610 131 49 1933
943 3605 122 53 first
1091 3607 109 51 and
1229 3609 202 52 second
1460 3608 435 65 extraordinary
1924 3607 253 65 sessions,

195 3689 135 49 1934
360 3685 227 67 regular
620 3684 225 67 session,
877 3685 258 66 together
1168 3685 137 51 with
1339 3703 120 34 new
1494 3686 110 51 and
1639 3684 278 68 proposed
192 3682 1960 135 amendments

414 3769 58 47 to
517 3763 93 51 the
657 3761 401 56 Constitution.
1135 3763 173 52 Table
1355 3763 61 51 of
1461 3766 135 49 laws
1642 3763 201 64 added,
1888 3760 289 66 amended,

193 3841 276 66 repealed,
504 3846 98 46 etc.
678 3839 242 53 General
953 3839 185 51 index.
1214 3839 81 54 St.
1331 3842 164 64 Paul,
1525 3843 161 52 West
1717 3838 332 69 publishing
2082 3856 96 48 co.,

195 3922 148 49 1934.
