2350 4196
1143 4000 131 47 1326

213 383 246 65 Hoeber,
489 383 162 56 Karl.

347 459 1857 56 … Rom. von der antike bis Mussolini. Essen. Fredebeul
214 541 45 49 &
290 539 252 65 Koenen,
576 541 150 49 1934.

288 610 55 39 64
368 621 43 36 p.
466 611 126 39 illus.
624 610 134 48 (part
784 611 194 46 double)
1043 611 52 38 21
1101 613 43 20 cm
1149 643 6 7 .
1223 609 329 48 (Sammlung:
1585 610 99 38 Das
1710 610 200 47 bildgut.
1938 610 74 39 bd.
2042 610 153 48 D201)

288 667 334 40 Illustrations
656 679 59 28 on
750 678 177 30 covers.

221 721 1927 51 © Feb. 22, 1934; 1c. Apr. 7: A-Foreign 24258: Fredebeul & Koenen.
299 780 277 48 (34-34192)

215 869 188 65 Hogg,
438 871 243 54 Charles
716 872 216 64 Edgar,
970 873 168 50 1852-

294 946 220 68 Hogg’s
540 946 280 67 Pleading
848 946 111 54 and
985 947 192 50 forms.
1242 946 54 49 A
1320 945 274 69 practical
1621 945 228 53 treatise

1876 963 70 33 on
1973 945 95 53 the
225 963 1959 112 system
378 1024 62 52 of
481 1042 252 33 common
775 1026 108 50 law
926 1024 287 67 pleading,
1256 1023 428 67 supplemented
1726 1022 140 53 with
1910 1041 297 35 numerous

225 1102 325 69 precedents
574 1102 62 55 of
660 1102 389 66 declarations,
1075 1103 171 65 pleas,
1272 1099 378 68 replications,
1678 1100 110 52 and
1817 1107 159 46 court
2003 1100 206 59 orders,

227 1198 124 33 now
380 1178 59 52 in
467 1198 95 35 use
592 1182 60 50 in
681 1180 95 52 the
804 1184 143 48 state
975 1179 62 52 of
1065 1180 159 52 West
1251 1177 286 69 Virginia,
1568 1178 73 68 by
1676 1177 231 56 Charles
1937 1179 66 50 E.
2035 1178 174 67 Hogg

231 1256 1977 68 [and] Kobert L. Plogg. 4th ed. … Rewritten and adapted in
225 1337 74 50 its
338 1335 241 53 entirety
619 1342 56 44 to
715 1336 93 49 the
847 1333 196 54 official
1088 1333 149 55 Code
1280 1334 61 52 of
1380 1334 159 53 West
1577 1334 286 61 Virginia.
1904 1338 152 53 1931,
2098 1336 109 51 and

228 1413 330 66 subsequent
608 1412 393 52 amendments.
1088 1412 384 67 Huntington,
1521 1411 291 54 Standard
1860 1413 260 67 printing
2168 1414 42 49 &

226 1490 332 67 publishing
590 1509 60 33 co.,
718 1498 17 20 c
741 1493 148 48 1934.

297 1561 828 48 1 p. l., vii-xxxvi, 974 p. 26 cm .
227 1618 1983 53 © Sept. 16. 1934; 2c. Oct. 4: aff. Oct. 3: A 76306: C. E. Hogg and
296 1680 180 38 Robert
503 1680 49 37 L.
583 1680 150 45 Hogg.
764 1678 143 39 Point
936 1679 242 45 Pleasant,
1209 1679 70 40 W.
1355 1688 39 30 Va.
1467 1678 278 50 (34-33293)

221 1766 254 64 Holmes,
515 1767 241 63 Dwight
797 1766 195 54 Oliver
1035 1767 270 63 Wendell,
1346 1772 169 50 1877-

294 1846 120 51 The
468 1845 285 53 evolution
808 1844 62 52 of
921 1844 95 52 the
1069 1846 188 66 Hegro
1312 1845 227 68 college,
1590 1847 75 66 by
1719 1848 240 66 Dwight
2016 1846 195 55 Oliver

225 1924 1962 67 Wendell Holmes … New York city, Teachers college, Columbia
344 2001 332 66 university.
707 2005 146 48 1934.

299 2073 63 49 xi,
392 2073 84 39 221
505 2084 43 37 p.
608 2073 54 40 23½
696 2076 43 20 cm
745 2105 7 8 .
824 2073 262 46 (Teachers
1117 2074 189 46 college,
1339 2073 249 41 Columbia
1620 2073 284 47 university.
232 2073 1966 97 Contributions
386 2134 48 36 to
465 2130 269 46 education,
763 2141 75 32 no.
867 2129 107 48 609)

301 2188 171 41 Issued
498 2188 103 39 also
627 2197 54 30 as
707 2186 152 41 thesis
894 2187 14 47 (PH.
1079 2187 13 46 D.)
1129 2186 246 41 Columbia
1403 2187 285 48 university.

300 2243 374 49 Bibliography:
711 2254 41 37 p.
784 2242 215 44 211-221.

231 2298 1981 51 © July 2. 1934; 2c. Aug. 24: aff. Aug. 27; A 75062; D. O. W. Holmes.
417 2359 212 44 Washington.
703 2356 276 43 (34-33609)

226 2448 253 62 Holmes,
509 2449 217 51 Ernest
756 2447 306 55 Shuitleff.

302 2524 118 51 The
449 2524 164 52 Ebell
640 2524 236 51 lectures
905 2541 68 32 on
1004 2522 263 67 spiritual
1296 2526 229 64 science,
1552 2523 73 69 by
1656 2524 210 53 Ernest
1896 2522 57 54 S.
1982 2522 233 55 Holmes

294 2600 1000 69 … Los Angeles, DeVorss & co. [c 1934]
301 2673 86 38 124
419 2683 41 37 p.
519 2672 55 40 19
578 2674 43 21 cm
627 2704 8 7 .

235 2730 1980 50 © Sept. 4. 1934; 2c. and aff. Sept. 27: A 75511; E. S. Holmes, Los
300 2791 216 46 Angeles.
589 2788 277 47 (34-33442)

226 2879 237 65 Horine,
499 2880 154 52 John
687 2878 439 64 Winebrenner,
1165 2883 168 50 1869-

308 2954 208 54 Sacred
548 2972 164 50 song;
748 2954 94 51 the
872 2954 202 66 hymns
1106 2955 61 51 of
1197 2974 102 34 our
1330 2957 227 67 church,
1589 2956 73 68 by
1694 2956 155 53 John
1879 2954 89 54 W.
2001 2954 219 52 Horine

297 3032 1921 69 … Philadelphia. Pa., The United Lutheran publication house
243 3145 12 33 [
261 3118 17 20 c
284 3113 133 48 1934
422 3144 11 33 ]

306 3180 83 40 183
419 3192 40 36 p.
548 3179 25 40 19
577 3183 41 20 cm
625 3213 7 7 .

240 3238 1980 52 © Aug. 28. 1934; 2c. and aff. Aug. 31: A 75110: Board of publication
305 3300 50 36 of
388 3299 79 37 the
502 3298 172 38 United
710 3297 246 38 Lutheran
990 3298 177 37 church
1201 3298 47 38 in
1283 3299 235 41 America.
1553 3300 352 47 Philadelphia.

316 3353 276 48 (34-33443)

230 3444 267 61 Hosmer,
525 3441 274 54 Windsor
828 3442 239 54 Arnold.

303 3518 1856 68 Problems in accounting, by Windsor Arnold Hosmer …
232 3594 1928 69 Thomas Henry Sanders … [and] Arthur Warren Hanson …
236 3679 81 47 1st
348 3674 83 51 ed.
506 3673 136 51 New
676 3672 160 51 York
866 3674 110 50 and
1007 3673 254 67 London,
1293 3675 426 54 McGraw-Hill
1751 3675 146 53 book
1927 3692 294 49 company,

233 3752 125 60 inc.,
391 3754 147 48 1934.

304 3821 115 49 xvii,
447 3822 85 40 463
560 3833 42 37 p.
631 3822 108 40 incl.
768 3822 167 39 forms.
995 3821 54 40 23½
1083 3823 43 21 cm
1132 3853 7 7 .

241 3876 1981 50 © Sept. 28. 1934; 2c. Sept. 29: aff. Oct. 5: A 76348; McGraw-Hill book
309 3947 63 28 co.,
419 3936 86 37 inc.
579 3935 276 48 (34-33630)
