2350 4196
1109 4016 130 49 1093

168 358 284 65 Sechrist,
485 362 137 50 Mrs.
657 358 307 52 Elisabeth
1005 354 276 68 (Hough)

244 449 52 51 A
328 450 151 51 little
512 449 147 52 book
691 449 63 52 of
789 446 369 66 Hallowe’en,
1191 445 73 67 by
1296 443 304 53 Elizabeth
1634 443 215 67 Hough
1886 442 252 54 Sechrist;

176 528 137 51 with
346 527 380 52 illustrations
756 527 74 67 by
860 526 132 67 Guy
1023 524 200 67 Edgar
1252 523 138 67 Fry.
1455 521 428 67 Philadelphia,
1913 521 257 66 London,

172 605 56 54 J.
259 606 68 51 B.
357 604 340 68 Lippincott
725 621 280 51 company
1037 635 12 34 [
1055 608 17 20 c
1077 604 150 62 1934]

245 677 84 40 118
355 688 43 37 p.
428 679 109 38 incl.
567 678 85 39 col.
681 677 163 49 front.,
877 677 126 39 illus.
1034 675 133 48 (part
1195 674 111 47 col.)
1372 672 55 41 20
1431 675 44 21 cm
1480 705 8 7 .

246 734 155 42 Music:
453 746 44 38 p.
522 733 70 41 32.

177 790 50 51 ©
265 794 118 46 Aug.
420 793 38 47 8,
495 792 114 40 1934;
675 793 65 37 2c.
780 793 93 38 and
913 790 78 40 aff.
1031 791 117 44 Aug.
1185 788 53 39 23;
1307 789 39 37 A
1384 787 142 40 74627;
1594 789 51 39 E.
1684 789 59 37 H.
1787 788 228 47 Sechrist,
2054 790 115 38 New

247 851 142 39 York.
462 848 279 47 (34-25743)

171 952 213 65 Smith,
417 953 220 63 Joseph
670 952 251 63 Russell,
957 951 169 52 1874-

245 1043 184 53 Home
458 1043 170 68 folks,
657 1063 31 33 a
717 1042 333 69 geography
1077 1041 93 53 for
1196 1041 317 68 beginners,
1539 1041 73 65 by
1641 1040 56 53 J.
1726 1041 227 51 Russell
1982 1039 189 55 Smith

180 1117 1969 150 … Philadelphia, Chicago [etc.] The John C. Winston company [ c 1934]
247 1272 101 47 viii,
379 1272 86 39 260
497 1283 43 37 p.
599 1272 86 40 col.
717 1272 163 47 front.,
913 1272 126 40 illus.
1070 1270 131 48 (incl.
1232 1279 164 39 maps;
1429 1272 113 46 part
1570 1271 111 45 col.)
1751 1269 54 40 25
1810 1272 14 20 cm
1858 1302 8 7 .

179 1326 1874 52 © Aug. 6, 1934; 2c. and aff. Aug. 11; A 73862; John C. Winston co.,
256 1386 279 49 (34-25742)

171 1488 214 66 Smith,
421 1492 173 61 Myra
628 1489 182 59 Alice.

245 1580 121 51 The
394 1578 177 54 traffic
599 1579 58 52 in
691 1598 149 34 arms;
904 1598 70 33 an
1005 1578 395 68 introductory
1431 1577 298 69 pamphlet
1761 1597 71 34 on
1864 1579 95 52 the
177 1596 1973 114 armament
367 1658 283 67 industry,
690 1658 74 68 by
804 1658 167 67 Myra
1011 1657 70 51 A.
1125 1655 205 56 Smith.
1408 1657 139 51 New
1588 1656 181 68 York,
1808 1656 71 53 N.
1923 1657 91 67 Y.,
2055 1657 121 51 The

176 1734 271 55 Womans
480 1754 175 49 press,
692 1738 150 50 1934.

247 1808 57 42 28
336 1820 42 37 p.
439 1808 55 41 23
498 1811 44 21 cm
547 1841 7 7 .

182 1864 50 51 ©
258 1869 112 46 Apr.
396 1868 67 45 26,
490 1868 112 39 1934;
657 1869 64 38 2c.
750 1869 90 37 and
868 1867 81 40 aff.
977 1867 115 45 Aug.
1120 1867 53 38 17;
1227 1867 37 37 A
1292 1867 142 38 74592;
1491 1867 115 40 Natl.
1649 1868 148 37 board
1824 1868 52 37 of
1903 1867 79 41 the
2011 1868 166 44 Young

249 1925 224 39 women's
501 1924 250 40 Christian
783 1923 317 40 associations
1130 1924 49 39 of
1206 1926 81 37 the
1315 1924 179 39 United
1527 1924 161 40 States
1718 1924 50 39 of
1796 1922 236 43 America.
2062 1924 115 38 New

250 1982 144 39 York.
471 1981 278 47 (34-25677)

174 2082 290 68 Smithey,
500 2084 255 55 William
792 2085 223 63 Royall,
1055 2090 167 48 1881-
1366 2084 84 53 ed.

247 2176 269 69 Virginia
552 2182 247 61 oratory,
834 2175 330 69 containing
1197 2176 293 54 selections
1527 2177 152 52 from
1715 2177 193 52 native
179 2177 1969 131 Virginians
324 2257 281 67 arranged
630 2256 58 52 in
713 2256 420 67 chronological
1157 2254 315 69 groupings
1494 2261 57 46 to
1575 2256 285 52 illustrate
182 2257 1965 146 outstanding
317 2335 205 66 epochs
561 2334 58 52 in
656 2333 270 69 Virginia
963 2334 234 67 history.
1273 2334 287 68 Designed
1604 2334 94 52 for
1736 2333 209 68 special
1985 2353 94 34 use
2117 2334 55 52 in

180 2412 1935 69 high schools and colleges. By William Royall Smithey …
179 2490 1993 68 and Calvin Hall Phippins … Charlottesville, Va., Historical
182 2568 332 70 publishing
544 2588 297 49 company,
876 2573 121 62 inc.,
1031 2573 145 50 1934.

253 2642 1002 49 2 p. l., [7]-306 p.. 1 l. 1 illus. 23½cm.
184 2697 50 52 ©
261 2702 119 48 Aug.
405 2701 69 46 24,
501 2701 140 46 1934;
670 2701 65 39 2c.
764 2702 118 46 Aug.
909 2699 82 49 25;
1021 2701 79 39 aff.
1128 2702 118 46 Aug.
1273 2702 55 39 27;
1385 2702 41 38 A
1452 2700 143 41 75039;
1652 2702 70 39 W.
1752 2702 53 37 R.
1839 2700 218 48 Smithey
2085 2704 94 38 and

251 2759 172 40 Calvin
453 2760 113 38 Hall
602 2758 248 47 Phippins,
883 2757 293 48 University,
1254 2768 40 29 Va.
1367 2757 280 49 (34-25694)

178 2862 405 64 Springsteed,
615 2863 174 54 Clara
816 2863 67 54 B.

245 2937 1934 71 Junior English for everyday use … 7th, 8th yrs. By Clara
176 3016 2005 148 B. Springsteed … and Lillian J. Zellhoefer … with the editorial cooperation of Abram Royer Brubacher … New York,
178 3173 1424 71 Chicago, Charles E. Merrill company [ c 1934]
253 3249 23 38 2
305 3260 41 28 v.
403 3249 126 39 illus.
587 3247 54 40 19½
675 3250 14 20 cm
725 3282 6 7 .

257 3306 209 40 Seventh
510 3315 128 37 year,
680 3305 62 46 by
785 3305 141 40 Clara
974 3306 51 38 B.
1074 3306 311 48 Springsteed
1430 3309 95 38 and
1569 3307 195 39 Lilliam
1809 3307 42 39 J.
1898 3306 283 40 Zellhoefer.

184 3362 180 48 Eighth
393 3373 129 35 year,
553 3362 60 47 by
642 3362 144 39 Clara
818 3362 51 39 B.
906 3361 323 49 Springsteed.

187 3415 50 51 ©
274 3420 114 46 May
421 3418 38 42 9,
497 3419 126 39 June
657 3419 67 40 18,
763 3417 137 43 1934;
939 3418 64 40 2c.
1040 3421 117 38 each
1191 3420 96 40 and
1322 3420 106 40 affs.
1466 3421 117 47 Aug.
1620 3419 82 47 21;
1741 3421 41 38 A
1815 3418 157 49 74605,
2011 3418 168 47 74606;

258 3476 201 40 Charles
497 3476 49 38 E.
587 3474 188 40 Merrill
812 3486 65 29 co.
950 3475 278 49 (34-25552)

180 3576 188 64 Stahl,
400 3580 198 51 Frank
627 3579 258 65 August,
918 3582 169 50 1862-

251 3655 123 53 The
418 3656 326 68 Langhan’s
791 3657 198 52 cellule
1035 3659 295 53 aberrated
1377 3660 46 52 is
1466 3660 95 51 the
1606 3656 225 70 specific
1876 3657 199 56 cellule
2120 3658 63 51 of

181 3750 211 36 cancer.
455 3734 120 54 The
598 3734 213 52 matrix
834 3736 325 65 embryonic
1180 3738 199 52 cellule
1402 3738 63 55 of
1489 3738 95 52 the
1609 3738 210 67 primal
1842 3736 341 67 syncytium,

182 3810 96 54 the
313 3812 327 67 Langhan’s
678 3813 226 65 cellule;
941 3813 91 54 it’s
1071 3822 156 58 great
1267 3815 352 67 importance
1655 3816 355 64 throughout
2046 3813 133 53 life:

186 3887 303 70 especially
528 3888 59 52 in
630 3888 96 54 the
768 3890 155 69 early
966 3890 139 70 clays
1149 3890 62 54 of
1255 3910 169 35 ovum
1467 3891 119 54 life.
1669 3891 120 54 The
1834 3888 345 57 Cohenheim
