2350 4196
1164 4013 99 49 120

199 398 303 62 Freeman,
533 397 258 62 Eugene.

264 473 120 51 The
410 472 307 67 categories
743 471 63 52 of
834 471 233 53 Charles
1093 473 211 66 Peirce,
1326 473 75 67 by
1426 473 232 67 Eugene
1680 473 295 51 Freeman.
195 472 1966 146 Chicago,
376 550 256 66 London,
661 549 121 52 The
810 549 164 67 Open
1003 556 159 46 court
1188 549 332 69 publishing
1548 567 296 49 company,
1873 552 148 50 1934.

265 623 733 48 4 p. l., 62 p. diagrs. 23 cm .
201 678 50 50 ©
281 683 108 38 Jan.
417 681 68 39 26.
514 681 115 39 1934;
685 681 66 39 2c.
780 680 108 38 Jan.
915 681 58 38 27;
1029 680 79 39 aff.
1139 681 106 39 Jan.
1273 680 56 39 29;
1386 681 40 38 A
1454 680 142 39 69217;
1656 680 133 47 Open
1817 683 137 36 court
1982 681 107 46 pub.
2120 689 66 30 co.

277 737 247 49 (34-2354)

202 841 246 63 French,
478 840 188 53 Addie
694 841 204 55 Marie.

330 915 1856 71 … All about the Sunday school, by Addie Marie French;
200 992 140 55 with
385 994 285 52 foreword
716 995 111 51 and
871 995 394 68 introductory
1310 996 237 66 chapter
1590 995 75 67 by
1710 994 138 53 Rev.
1894 994 194 53 David
2133 994 56 55 J.

202 1072 168 67 Fant,
450 1116 8 8 B.
543 1115 9 9 A.
631 1071 139 53 New
814 1072 178 68 York,
1034 1072 375 68 Harrisburg,
1455 1071 296 54 Christian
1794 1070 398 69 publications,

203 1150 608 67 incorporated [ c 1934]
275 1221 83 41 123
387 1232 42 38 p.
488 1222 55 40 23½
577 1224 43 21 cm
625 1254 8 7 .

271 1278 65 40 At
371 1280 124 38 head
531 1279 51 39 of
614 1279 133 39 title:
786 1280 40 36 A
861 1279 255 40 handbook
1152 1279 50 39 of
1236 1278 295 40 instruction
1563 1279 81 39 for
1679 1280 80 39 the
1799 1278 396 41 administration

204 1335 94 38 and
329 1337 204 38 conduct
563 1336 51 39 of
642 1336 81 39 the
753 1345 205 38 average
991 1334 195 47 Sunday
1218 1336 174 39 school.

206 1391 50 50 ©
287 1396 109 38 Dec.
425 1394 68 47 14,
523 1394 114 40 1933;
694 1394 66 39 2c.
791 1394 107 39 Jan.
928 1393 67 47 29,
1026 1393 113 40 1934;
1197 1394 81 40 aff.
1308 1395 107 38 Jan.
1446 1395 26 38 2;
1530 1394 42 39 A
1601 1393 142 40 69233;
1804 1393 248 41 Christian
273 1393 1903 105 publications,
542 1452 89 39 inc.
704 1451 248 47 (34-2439)

209 1554 283 64 Gardner,
523 1556 135 51 Erle
687 1556 261 62 Stanley.

338 1630 1854 68 … The case of the lucky legs. New York, W. Morrow and
209 1726 292 49 company,
537 1711 147 48 1934.

274 1780 621 47 3 p. l., 3-282 p. 19½ cm .
211 1837 51 51 ©
288 1842 109 38 Feb.
423 1842 39 45 2,
488 1841 139 44 1934;
654 1841 67 39 2c.
748 1841 108 38 Feb.
884 1841 50 46 8;
964 1841 79 39 aff.
1071 1841 108 40 Feb.
1206 1841 51 46 9;
1286 1842 41 38 A
1352 1841 168 47 69363;
1551 1842 51 38 E.
1633 1842 42 39 S.
1705 1841 232 47 Gardner,
1965 1842 231 39 Ventura,

280 1892 141 46 Calif.
497 1897 248 48 (34-2223)

212 1999 299 65 Garrison,
543 2001 144 51 Karl
720 2000 294 62 Claudius,
1050 2003 167 49 1900-

343 2076 1794 70 … The psychology of adolescence, by Karl C. Garrison …
217 2154 132 52 New
395 2154 176 67 York,
614 2154 446 67 Prentice-Hall,
1104 2153 123 69 inc.,
1271 2157 149 49 1934.

282 2225 97 48 xxi,
414 2227 84 38 377
531 2237 42 37 p.
606 2226 108 40 incl.
748 2226 134 39 front.
924 2226 172 47 (port.)
1139 2227 177 48 diagrs.
1379 2227 53 39 21
1437 2230 43 20 cm
1486 2260 8 8 .
1567 2228 383 47 (Prentice-Hall
213 2229 1969 101 psychology
337 2281 174 49 series)

285 2342 185 39 “Select
499 2340 88 40 list
616 2341 50 39 of
693 2341 147 38 books
872 2351 58 28 on
963 2341 333 39 adolescence”:
1357 2352 41 36 p.
1431 2341 115 47 xiii;
1585 2341 342 49 “Suggestions
1957 2344 78 39 for
215 2344 1967 102 reading”
354 2400 51 38 at
435 2398 90 39 end
556 2397 51 39 of
637 2398 117 39 each
784 2397 213 47 chapter.

217 2456 49 51 ©
301 2461 108 39 Jan.
441 2459 68 40 10,
541 2458 114 40 1934;
716 2458 64 39 2c.
816 2459 93 37 and
942 2456 81 40 aff.
1057 2457 106 39 Jan.
1196 2458 54 38 17;
1313 2458 39 37 A
1385 2457 168 47 69035;
1589 2459 373 48 Prentice-Hall,
1999 2461 88 39 inc.

292 2517 249 47 (34-2473)

217 2619 249 64 Gilman,
497 2619 278 63 Stephen,
809 2618 170 52 1887-

284 2695 1923 69 Analyzing financial statements, by Stephen Gilman … Rev.
216 2774 1674 69 ed. New York, The Ronald press company [ c 1934]
283 2849 101 47 xiii,
418 2849 85 39 475
534 2858 43 37 p.
638 2848 178 47 diagrs.
877 2846 54 40 22
935 2849 44 21 cm
984 2879 9 9 .

287 2905 127 39 “The
444 2904 194 48 general
669 2906 244 37 structure
944 2904 94 38 and
1069 2904 112 47 plan
1211 2903 51 41 of
1292 2904 80 39 the
1404 2905 133 39 older
1566 2905 123 39 book
1716 2906 91 40 has
1836 2906 117 40 been
1983 2906 221 40 followed

216 2964 47 37 in
293 2961 97 41 this
417 2962 202 44 volume,
648 2960 85 39 but
761 2960 48 38 in
839 2963 194 36 content
1061 2961 39 38 it
1127 2960 42 40 is
1196 2970 62 29 an
1285 2959 205 49 entirely
1516 2972 106 29 new
1650 2962 368 40 work.”—Pref.

220 3016 51 51 ©
301 3020 108 37 Feb.
438 3020 38 39 1,
505 3019 113 39 1934;
675 3018 66 38 2c.
770 3017 107 39 Feb.
908 3017 28 39 6;
990 3017 79 39 aff.
1101 3017 107 40 Feb.
1239 3019 25 38 7;
1322 3018 40 37 A
1389 3017 170 47 70189;
1591 3018 189 40 Ronald
1810 3029 135 37 press
1975 3029 66 29 co.

297 3075 248 48 (34-2397)

222 3179 228 62 Grieve,
481 3181 135 50 Mrs.
647 3178 196 53 Maud.

292 3251 1915 70 Culinary herbs and condiments, by M. Grieve … New York,
219 3333 305 65 Harcourt,
550 3331 178 52 Brace
756 3329 107 54 and
894 3347 276 50 company
1201 3364 11 33 [
1219 3337 16 20 c
1243 3333 150 64 1934]

293 3401 610 50 5 p. l., 3-209 p. 19½ cm .
224 3461 49 51 ©
341 3476 74 28 Jan.
447 3463 65 42 18,
545 3463 138 40 1934;
717 3463 64 38 2c.
815 3463 94 37 and
940 3461 79 39 aff.
1053 3461 107 39 Jan.
1191 3462 80 46 24;
1306 3462 41 38 A
1376 3462 169 47 69163;
1580 3464 259 41 Harcourt,
1873 3465 153 38 Brace
2059 3465 35 39 &
2125 3474 80 36 co.,

294 3524 87 37 inc.
456 3519 247 49 (34-2260)

227 3614 235 61 Harley,
492 3611 196 54 Brian.

296 3684 1912 71 Chess for the fun of it, by Brian Harley … [London] G.
229 3765 120 51 Bell
381 3765 108 51 and
522 3781 144 49 sons,
694 3763 120 52 ltd..
846 3763 149 50 1933.

292 3834 707 48 4 p. l., 170 p. illus. 19 cm .
228 3892 1979 51 © 1c. Jan. 26, 1934; A ad int. 18629; pubd. Dec. 1, 1933; G. Bell & sons,
294 3953 68 33 ltd
449 3951 223 35 (34-2550)
