2350 4196
1093 4005 99 55 791

144 363 284 63 Worster,
457 360 253 56 William
740 361 107 64 W.,
879 358 169 54 1878-

218 434 1919 70 Wassermann reaction [by] William W. Worster … San
148 515 251 68 Gabriel,
427 516 193 67 Calif.,
648 518 121 52 The
797 517 220 63 author,
1049 517 147 51 1934.

222 590 24 38 1
273 600 42 36 p.
377 621 8 17 l.,
415 589 54 40 18
496 600 42 37 p.
599 589 142 48 illus.,
769 589 151 47 diagr.
980 587 56 40 20
1039 589 43 21 cm
1088 618 9 9 .

222 644 70 40 On
323 655 166 30 cover:
520 646 359 39 Wassermann.

488 699 690 43 CONTENTS.—Wassermann.—Kolmer
1210 699 318 40 test.—Kahn
1559 699 108 41 test.

151 769 1992 51 © May 25, 1934; 2c. and aff. June 4; A 72577; W. W. Worster, San
220 830 208 46 Gabriel,
460 830 143 40 Calif.
675 829 278 48 (34-16374)

151 931 247 67 Wright,
432 933 243 54 Charles
706 934 211 63 Baker,
950 935 170 49 1859-

216 1010 352 69 Aftermath,
603 1012 334 66 continuing
969 1010 88 53 “A
1087 1009 269 53 teacher’s
1387 1007 377 69 avocations”,
1797 1009 75 66 by
1904 1009 235 54 Charles

151 1087 1893 71 B. Wright … Middleburv, Middlebury college press, 1934.
220 1161 66 50 ix,
316 1163 83 40 181
428 1173 43 37 p.
531 1163 25 37 21½
619 1166 15 20 cm
669 1194 8 9 .

223 1216 1920 50 “… A Middlebury volume for Middlebury men and women … These
154 1273 1989 50 papers … contain … a theory of the educational life as the experience
152 1332 52 39 of
231 1333 81 40 the
340 1343 140 37 years
508 1333 88 39 has
625 1333 182 47 shaped
836 1332 275 41 it.”—Pref.

153 1400 1992 51 © June. 9, 1934; 2c. June 20; aff. June 19; A 73136; C. B. Wright,
221 1462 320 47 Middlebury,
573 1462 74 39 Vt.
721 1461 278 48 (34-17623)

151 1563 268 66 Wulffen,
452 1565 197 65 Erich,
684 1568 170 49 1862-

215 1641 242 54 Woman
507 1662 59 33 as
613 1662 31 33 a
689 1644 193 52 sexual
929 1642 278 68 criminal,
1253 1642 75 68 by
1373 1642 214 53 Doctor
1634 1640 178 53 Erich
1857 1638 284 66 Wulffen;

148 1720 314 53 translated
499 1721 122 53 into
658 1721 246 69 English
940 1722 75 68 by
1053 1721 192 53 David
1285 1722 234 67 Berger,
1614 1762 9 9 M.
1705 1761 10 10 A.
1787 1719 139 53 New
1965 1717 181 68 York,

147 1797 304 54 American
489 1799 380 69 ethnological
903 1818 174 50 press,
1113 1802 152 50 1934.

217 1871 826 51 2 p. l. , 7-528 p. plates. 24 cm .
153 1940 1992 52 © May 15, 1934 ; 2c. May 19; aff. June 18; A 72943; Amer. ethnological
220 2012 148 37 press,
401 2001 91 40 inc.
562 2001 280 49 (34-17290)

152 2103 281 66 Wyckoff,
468 2104 250 55 William
751 2105 273 63 Forman,
1058 2107 323 51 1858-1930.

217 2183 121 51 The
383 2181 268 68 Wyckoff
700 2182 207 69 family
955 2183 57 52 in
1061 2182 283 68 America,
1393 2204 31 34 a
1472 2182 341 70 genealogy;
1866 2181 277 69 prepared

149 2259 150 53 from
336 2261 93 52 the
463 2261 356 68 manuscript
853 2261 383 69 genealogical
1271 2261 325 54 collections
1631 2261 63 54 of
1728 2261 95 52 the
1858 2260 112 54 late
147 2260 1977 131 William

316 2339 64 51 F.
409 2338 267 68 Wyckoff
705 2339 64 53 of
799 2338 276 70 Jamaica,
1106 2340 137 52 New
1274 2339 180 69 York,
1484 2339 189 54 edited
1704 2340 112 53 and
1845 2337 302 71 published

147 2416 74 69 by
260 2416 110 53 Mr.
413 2418 112 51 and
567 2417 137 52 Mrs.
745 2418 80 52 M.
867 2419 66 51 B.
978 2417 264 55 Streeter.
1318 2417 275 69 Rutland,
1634 2420 115 66 Vt.,
1790 2420 121 51 The
1952 2419 197 54 Tuttle

146 2498 506 65 company [ c 1934]
220 2568 1919 51 5 p. l. , [9]-536 p. front., plates, ports., fold, map, facsims. (part fold.)
147 2626 60 42 24
207 2628 45 22 cm
256 2657 9 10 .

221 2683 72 41 On
321 2693 166 30 cover:
521 2683 162 40 Pieter
712 2682 234 49 Wyckoff.

222 2740 144 41 “This
397 2740 183 40 edition
609 2741 42 39 is
681 2740 188 40 limited
900 2742 48 39 to
978 2743 95 38 two
1103 2742 219 39 hundred
1353 2740 173 50 copies.
1586 2741 87 41 No.
1705 2741 82 40 B.”

156 2808 50 51 ©
238 2813 112 46 May
380 2813 38 46 1,
449 2813 117 39 1934
581 2823 7 36 ;
622 2814 66 38 2c.
721 2813 125 39 June
876 2813 52 46 6;
962 2812 83 40 aff.
1076 2813 125 39 June
1232 2814 81 46 14;
1347 2813 41 39 A
1419 2813 169 47 73040;
1625 2815 60 38 M.
1719 2815 53 38 B.
1808 2815 215 40 Streeter
2055 2814 94 39 and

225 2869 155 41 Sarah
407 2871 61 37 M.
499 2869 224 47 Wyckoff
753 2869 227 48 Streeter,
1011 2870 259 47 Brooklyn.
1341 2869 280 49 (34-15831)

147 2972 205 65 Wylie,
381 2974 104 53 Ida
511 2973 189 53 Alena
727 2975 169 61 Ross,
927 2977 170 50 1885-

289 3048 1860 72 … To the vanquished. Garden City, N. Y., Doubleday,
156 3127 198 54 Doran
382 3129 45 52 &
460 3145 294 51 company,
784 3129 126 67 inc.,
944 3131 147 49 1934.

225 3198 618 50 4 p. l. , 3-281 p. 20½ cm .
225 3256 63 41 At
319 3258 124 39 head
476 3257 50 40 of
557 3257 135 40 title:
727 3258 36 39 I.
798 3257 54 42 A.
885 3258 55 40 R.
974 3257 168 48 Wylie.

226 3314 164 41 “First
419 3313 226 42 edition.”

157 3371 50 51 ©
241 3376 125 39 June
399 3375 67 47 20,
501 3375 140 41 1934;
676 3375 66 39 2c.
777 3376 94 39 and
905 3376 81 39 aff.
1022 3377 125 39 June
1178 3377 82 42 22;
1297 3377 40 39 A
1371 3378 169 46 72935;
1578 3379 36 37 I.
1650 3378 52 39 A.
1738 3379 55 38 R.
1828 3376 170 49 Wylie,
2034 3377 116 38 New

227 3433 144 38 York.
442 3431 279 49 (34-16904)

152 3533 240 67 Yerkes,
422 3536 221 52 Robert
675 3537 257 64 Mearns,
967 3535 169 54 1876-

283 3612 1684 71 … Modes of behavioral adaptation in chimpanzee to
155 3614 1994 146 multiple-choice problems, by Robert M. Yerkes … Baltimore,
152 3765 1191 73 Md., The Johns Hopkins press [ c 1934]
227 3841 281 42 cover-title.
559 3841 83 41 108
687 3854 42 36 p.
792 3842 141 42 illus..
978 3842 179 51 diagrs.
1217 3846 54 39 25½
1306 3847 43 22 cm
1354 3877 8 8 .
1447 3844 367 50 (Comparative
1858 3847 290 49 psychology

157 3900 332 47 monographs,
545 3910 41 29 v.
614 3898 69 49 10,
713 3900 147 40 serial
889 3912 72 29 no.
989 3901 69 49 47,
1088 3901 126 49 May,
1242 3901 138 49 1934)
