2350 4196
1134 3983 130 51 1142

218 378 325 64 Schwardt,
574 379 219 63 Agnes.

300 511 53 9 ...
411 470 388 67 Kochrezepte
853 470 96 53 für
1003 469 433 67 magenkranke,
1491 470 543 66 zusammengesteilt
2089 473 111 49 und

225 547 149 68 hrsg.
403 566 110 34 von
537 550 295 51 Schwester
857 551 192 65 Agnes
1076 548 297 55 Schwardt
1405 591 54 7 ...
1490 546 105 52 mit
1619 547 178 51 einem
1863 554 207 45 vorwort
2098 566 105 33 von

227 624 286 66 professor
542 628 80 51 dr.
653 628 62 51 L.
746 629 217 50 Brauer
997 671 54 7 ...
1130 625 319 67 Hamburg.
1480 627 62 50 P.
1573 626 290 66 Hartung,
1895 630 147 48 1934.

299 709 1902 50 199 p. incl. tables 22 ½ cm . (Theorie unci praxis der diätetik ... bd. 5)
229 780 50 51 ©
310 786 120 38 Mar.
459 784 67 42 20,
556 785 113 39 1934;
727 786 64 38 1c.
822 785 124 39 June
974 785 55 38 14;
1086 785 40 37 A
1127 783 267 46 -Foreign
1422 781 168 46 24841;
1623 782 122 38 Paul
1776 782 228 47 Hartung
2063 781 145 46 verlag.

306 840 277 48 (34-29719)

217 959 275 65 Sherard,
529 960 220 53 Robert
788 959 408 64 Harborough.

296 1036 177 54 Oscar
501 1037 191 53 Wilde
722 1037 160 53 twice
916 1036 280 52 defended
1228 1036 153 51 from
1410 1035 166 51 André
1641 1034 191 54 Okie's
1863 1034 214 52 wicked
2108 1035 101 51 lies

226 1115 111 51 and
371 1115 196 52 Frank
601 1114 252 52 Harris's
886 1116 150 50 cruel
1068 1115 176 52 libels,
1280 1119 58 46 to
1371 1113 186 51 which
1589 1113 47 51 is
1671 1112 183 52 added
1890 1130 30 34 a
1954 1113 164 67 reply
2150 1117 59 48 to

226 1190 218 70 George
493 1192 261 52 Bernard
805 1192 187 55 Shaw,
1040 1211 30 33 a
1117 1192 314 51 refutation
1478 1191 63 52 of
1588 1191 101 51 Dr.
1737 1191 67 53 G.
1854 1191 54 53 J.
1955 1191 253 53 Renter's

223 1274 345 63 statements,
602 1290 31 33 a
666 1272 165 50 letter
863 1276 59 47 to
953 1270 94 52 the
1084 1270 201 51 author
1320 1270 152 51 from
1504 1269 155 51 Lord
1691 1269 212 52 Alfred
1936 1270 273 67 Douglas,

226 1365 71 34 an
325 1348 294 51 interview
652 1348 137 52 with
819 1348 260 52 Bernard
1112 1347 169 54 Shaw
1310 1347 75 67 by
1416 1347 178 68 Hugh
1625 1346 316 69 Kingsmill
1991 1349 214 66 [pseud.]

226 1426 88 66 By
338 1426 216 52 Robert
580 1426 383 67 Harborough
997 1425 247 54 Sherard
1278 1468 54 8 ...
1402 1425 270 68 Chicago,
1700 1426 121 52 The
1845 1427 193 67 Argus
2065 1428 144 52 book

222 1503 141 67 shop
397 1504 126 65 inc.,
561 1506 149 49 1934.

293 1590 68 47 75,
400 1609 54 29 [1]
486 1600 43 37 p.
589 1588 55 38 22
648 1591 44 21 cm
696 1620 8 8 .

295 1661 118 40 Part
446 1664 96 38 two
578 1660 177 41 “Oscar
792 1662 168 46 Wilde,
996 1662 262 39 ‘drunkard
1294 1663 95 39 and
1425 1663 241 40 swindler'
1708 1664 75 39 ...”
1821 1666 252 46 published
225 1678 1966 88 separately
443 1721 49 37 in
520 1717 137 41 Calvi
696 1717 243 50 (Corsica)

979 1719 59 47 by
1068 1720 80 39 the
1178 1720 182 39 Vindex
1388 1721 279 48 publishing
1693 1732 232 38 company
1952 1724 49 38 in
2030 1723 126 42 1933.

226 1787 50 51 ©
309 1791 124 47 Sept.
464 1792 37 39 5.
531 1790 113 40 1934;
699 1790 65 40 2c.
795 1792 94 37 and
917 1790 80 39 aff.
1030 1791 126 46 Sept.
1185 1791 50 40 8;
1266 1792 40 37 A
1335 1791 167 48 75198;
1535 1793 158 47 Argus
1721 1794 122 40 book
1873 1796 131 46 shop.
2034 1796 90 40 inc.

305 1847 276 47 (34-29887)

224 1964 375 66 [Southwold,
630 1965 278 67 Stephen]
947 1965 168 53 1887-

294 2084 55 9 ...
401 2042 279 68 Winding
728 2043 153 51 road.
958 2044 230 56 Boston,
1234 2045 194 65 Little,
1477 2048 227 64 Brown,
1753 2048 107 51 and
1912 2065 294 51 company.

223 2123 147 50 1934.

295 2190 637 50 6 p. l., [3]-609 p. 21½cm.
295 2262 228 39 Author's
550 2263 177 47 pseud.,
754 2261 108 40 Neil
890 2263 119 47 Bell,
1037 2266 50 37 at
1115 2264 121 39 head
1267 2265 50 39 of
1343 2265 120 40 title.

225 2333 50 51 ©
306 2337 125 47 Sept.
461 2338 37 40 7,
527 2335 112 41 1934;
695 2336 65 39 2c.
790 2338 93 37 and
911 2337 80 39 aff.
1022 2337 126 46 Sept.
1175 2338 79 45 11;
1285 2338 42 38 A
1352 2337 169 42 75246;
1552 2339 161 41 Little.
1744 2341 189 40 Brown,
1964 2342 94 39 and
293 2351 1896 89 company.
507 2392 276 48 (34-29564)

242 2511 272 62 [Stewart,
546 2510 208 54 Alfred
788 2510 238 68 Walter]
1063 2514 167 50 1880-

289 2589 118 51 The
450 2589 275 52 Brandon
767 2607 137 48 case,
946 2589 72 67 by
1056 2592 56 53 J.
1154 2593 51 53 J.
1250 2592 366 67 Connington
1680 2594 193 66 [pseud.]
1973 2597 230 51 Boston.

218 2665 192 59 Little.
445 2669 227 64 Brown,
705 2667 110 51 and
848 2685 294 49 company,
1176 2672 146 49 1934.

292 2749 827 49 4 p. l., [3]-301 p. illus. 19½ cm .
224 2821 51 52 ©
307 2826 125 46 Sept.
461 2826 36 38 7.
526 2824 113 40 1934;
694 2825 66 39 2c.
789 2826 93 38 and
909 2824 80 40 aff.
1022 2825 125 47 Sept.
1175 2827 79 45 11;
1284 2828 39 37 A
1352 2828 167 47 75242;
1550 2828 161 48 Little,
1742 2831 189 46 Brown,
1962 2832 95 38 and
291 2841 1896 88 company.
503 2880 276 47 (34-29567)

219 2995 167 65 Stull,
416 2999 86 51 De
533 2999 226 61 Forest,
793 3001 168 48 1885-

290 3076 283 62 Journeys
610 3076 249 66 through
896 3093 101 34 our
1033 3077 177 54 world
1246 3080 200 67 today;
1487 3099 30 33 a
1553 3081 268 53 textbook
1858 3082 54 50 in
1952 3083 93 51 the
2080 3100 122 33 new

221 3154 346 67 geography,
591 3153 74 65 by
690 3154 85 50 De
803 3155 197 50 Forest
1030 3154 146 54 Stull
1212 3199 53 8 ...
1299 3159 108 51 and
1436 3159 126 66 Roy
1587 3160 87 52 W.
1704 3161 192 50 Hatch
1930 3204 54 7 ...
220 3162 1957 135 Boston,

360 3232 1276 72 New York [etc.] Allyn and Bacon [ c 1934]
295 3317 80 47 vii,
409 3317 70 49 [1],
508 3316 98 47 459,
637 3316 56 38 16
720 3327 42 36 p.
824 3318 84 38 col.
937 3317 162 39 front.,
1131 3318 121 39 illus.
1284 3319 131 45 (incl.
1447 3322 159 47 maps)
1675 3322 56 39 26
1734 3324 42 21 cm
1783 3355 7 6 .

292 3387 285 40 Illustrated
609 3388 360 47 lining-papers.

294 3457 346 41 “References”;
701 3470 42 36 p.
773 3459 216 40 457-459.

223 3526 1867 54 © Aug. 3. 1934; 2c. Aug. 19; aff. Aug. 20; A 73952; Allyn & Bacon.
301 3586 276 46 (34-29122)

290 3701 121 54 Our
445 3705 176 50 world
658 3705 187 65 today.
923 3704 155 67 Asia,
1113 3707 169 51 Latin
1316 3710 280 68 America,
1632 3711 216 53 United
1886 3711 202 56 States,
2124 3710 72 66 by

218 3778 85 54 De
333 3782 199 51 Forest
564 3781 148 54 Stull
749 3825 53 7 ...
839 3783 109 50 and
978 3783 126 65 Roy
1132 3784 86 51 W.
1248 3785 192 53 Hatch
1476 3832 54 7 ...
1612 3791 230 62 Boston,
1871 3790 137 51 New
2038 3788 159 52 York

224 3860 135 64 [etc.]
392 3858 176 64 Allyn
597 3859 109 51 and
734 3861 190 50 Bacon
957 3893 12 33 [
975 3865 16 21 c
997 3863 149 64 1934]
