<alto xmlns="http://www.loc.gov/standards/alto/ns-v3#" xmlns:xsi="http://www.w3.org/2001/XMLSchema-instance" xsi:schemaLocation="http://www.loc.gov/standards/alto/ns-v3# http://www.loc.gov/alto/v3/alto-3-0.xsd"><Description>
<MeasurementUnit>pixel</MeasurementUnit>
<sourceImageInformation>
<fileName>1934_v1_Part1.pdf</fileName>
</sourceImageInformation>
<OCRProcessing ID="IdOcr">
<ocrProcessingStep>
<processingDateTime>2019-01-10</processingDateTime>
<processingSoftware>
<softwareCreator>ABBYY</softwareCreator>
<softwareName>ABBYY Recognition Server</softwareName>
<softwareVersion>4.0</softwareVersion>
</processingSoftware>
</ocrProcessingStep>
</OCRProcessing>
</Description>
<Styles>
<ParagraphStyle ALIGN="Left" FIRSTLINE="0." ID="StyleId-FFFFFFFF-FFFF-FFFF-FFFF-FFFFFFFFFFFF-" LEFT="0." RIGHT="0." />
<ParagraphStyle ALIGN="Right" FIRSTLINE="0." ID="StyleId-521E1FC6-FE7E-43A4-90E6-A9B61626A263-" LEFT="0." LINESPACE="13.30000019" RIGHT="0." />
<ParagraphStyle ALIGN="Left" FIRSTLINE="-27." ID="StyleId-639B624E-F6F5-47B6-BB1D-34E64B53022F-" LEFT="0." LINESPACE="13.43999958" RIGHT="0." />
<ParagraphStyle ALIGN="Left" FIRSTLINE="0." ID="StyleId-100905F9-D385-406B-A5BD-ED5B8FD85431-" LEFT="0." RIGHT="0." />
<ParagraphStyle ALIGN="Left" FIRSTLINE="-27." ID="StyleId-7C9F9BA2-EF3A-4B7F-8486-CCC7B7F49B39-" LEFT="0." LINESPACE="18.71999931" RIGHT="0." />
<ParagraphStyle ALIGN="Block" FIRSTLINE="-27." ID="StyleId-350780E3-60F2-4605-88F5-BB54F9B87091-" LEFT="0." LINESPACE="18.71999931" RIGHT="0." />
<ParagraphStyle ALIGN="Left" FIRSTLINE="0." ID="StyleId-90B16C58-D795-4C77-9B89-30378C515D40-" LEFT="0." LINESPACE="14.39999962" RIGHT="0." />
<ParagraphStyle ALIGN="Right" FIRSTLINE="-27." ID="StyleId-17090E09-AFAF-4086-BD9B-4E99FAE6B057-" LEFT="0." LINESPACE="14.39999962" RIGHT="0." />
<ParagraphStyle ALIGN="Left" FIRSTLINE="-27." ID="StyleId-8B87B633-89DB-4D72-B1FC-26E4ABD680BC-" LEFT="0." LINESPACE="18.47999954" RIGHT="0." />
<ParagraphStyle ALIGN="Left" FIRSTLINE="0." ID="StyleId-42DA7417-CA90-4D71-A57B-06556C38D752-" LEFT="0." LINESPACE="13.30000019" RIGHT="0." />
<ParagraphStyle ALIGN="Block" FIRSTLINE="0." ID="StyleId-D8EE2A7E-42AE-4E35-98DB-F0F935637AA0-" LEFT="0." LINESPACE="6.599999905" RIGHT="0." />
<ParagraphStyle ALIGN="Left" FIRSTLINE="0." ID="StyleId-33CD3121-D4F5-43B6-BA96-6382D166E6B8-" LEFT="0." LINESPACE="15.5" RIGHT="0." />
<ParagraphStyle ALIGN="Block" FIRSTLINE="-21." ID="StyleId-1CE52AFA-C319-4DD9-B4B1-F0EBFA2B3F0B-" LEFT="0." LINESPACE="18.71999931" RIGHT="0." />
<ParagraphStyle ALIGN="Left" FIRSTLINE="0." ID="StyleId-B74F1B65-92F1-49C5-A5FA-D20442F031F2-" LEFT="0." LINESPACE="17.70006076" RIGHT="0." />
<ParagraphStyle ALIGN="Center" FIRSTLINE="0." ID="StyleId-79E2924A-215C-40B7-B577-7236BFBAA25E-" LEFT="0." LINESPACE="7.199999809" RIGHT="0." />
</Styles>
<Layout>
<Page HEIGHT="4196" ID="Page1446" PHYSICAL_IMG_NR="1446" WIDTH="2350">
<TopMargin HEIGHT="383" HPOS="0" VPOS="0" WIDTH="2350">
</TopMargin>
<LeftMargin HEIGHT="3681" HPOS="0" VPOS="383" WIDTH="93">
</LeftMargin>
<RightMargin HEIGHT="3681" HPOS="2230" VPOS="383" WIDTH="120">
</RightMargin>
<BottomMargin HEIGHT="132" HPOS="0" VPOS="4064" WIDTH="2350">
</BottomMargin>
<PrintSpace HEIGHT="3681" HPOS="93" VPOS="383" WIDTH="2137">
<TextBlock HEIGHT="59" HPOS="1100" ID="Page1446_Block1" LANG="en-US" STYLEREFS="StyleId-ED979FA1-4D3E-422C-916C-4547672EA4DF-" VPOS="4005" WIDTH="142">
<TextLine HEIGHT="59" HPOS="1106" VPOS="4005" WIDTH="130">
<String CONTENT="14-1" HEIGHT="59" HPOS="1106" VPOS="4005" WIDTH="130" />
</TextLine>
</TextBlock>
<TextBlock CS="1" HEIGHT="3578" HPOS="93" ID="Page1446_Block2" LANG="en-US" STYLEREFS="StyleId-12CFA794-A5E3-4D81-893D-89AEFB7930FC-" VPOS="383" WIDTH="2137">
<TextLine HEIGHT="66" HPOS="203" STYLEREFS="StyleId-903DB311-F734-422E-B001-ED1CE8B04CD2-" VPOS="389" WIDTH="676">
<String CONTENT="Klapper," HEIGHT="66" HPOS="203" VPOS="389" WIDTH="272" />
<SP HEIGHT="63" HPOS="476" VPOS="392" WIDTH="33" />
<String CONTENT="Paul," HEIGHT="63" HPOS="510" VPOS="392" WIDTH="161" />
<SP HEIGHT="61" HPOS="672" VPOS="394" WIDTH="37" />
<String CONTENT="1885-" HEIGHT="49" HPOS="710" VPOS="394" WIDTH="169" />
</TextLine>
<TextLine CS="1" HEIGHT="68" HPOS="273" STYLEREFS="StyleId-90512CCF-C2A4-4694-92EB-007B583A0873-" VPOS="467" WIDTH="1913">
<String CONTENT="The" HEIGHT="52" HPOS="273" VPOS="467" WIDTH="120" />
<SP HEIGHT="45" HPOS="394" VPOS="474" WIDTH="50" />
<String CONTENT="teaching" HEIGHT="67" HPOS="445" VPOS="468" WIDTH="266" />
<SP HEIGHT="48" HPOS="712" VPOS="487" WIDTH="51" />
<String CONTENT="of" HEIGHT="52" HPOS="764" VPOS="468" WIDTH="62" />
<SP HEIGHT="52" HPOS="827" VPOS="468" WIDTH="52" />
<String CONTENT="arithmetic," HEIGHT="66" HPOS="880" VPOS="468" WIDTH="338" />
<SP HEIGHT="65" HPOS="1219" VPOS="469" WIDTH="175" />
<String CONTENT="Paul" HEIGHT="51" HPOS="1395" VPOS="468" WIDTH="148" />
<SP HEIGHT="50" HPOS="1544" VPOS="467" WIDTH="50" />
<String CONTENT="Klapper" HEIGHT="66" HPOS="1595" VPOS="467" WIDTH="262" />
<SP HEIGHT="33" HPOS="1858" VPOS="485" WIDTH="57" />
<String CONTENT="&#8230;" CS="1" />
<SP HEIGHT="51" HPOS="1971" VPOS="468" WIDTH="77" />
<String CONTENT="New" HEIGHT="51" HPOS="2049" VPOS="468" WIDTH="137" />
</TextLine>
<TextLine CS="1" HEIGHT="68" HPOS="209" STYLEREFS="StyleId-90512CCF-C2A4-4694-92EB-007B583A0873-" VPOS="545" WIDTH="1977">
<String CONTENT="York," HEIGHT="65" HPOS="209" VPOS="545" WIDTH="171" />
<SP HEIGHT="65" HPOS="381" VPOS="545" WIDTH="39" />
<String CONTENT="London," HEIGHT="66" HPOS="421" VPOS="545" WIDTH="257" />
<SP HEIGHT="64" HPOS="679" VPOS="547" WIDTH="40" />
<String CONTENT="D." HEIGHT="50" HPOS="720" VPOS="547" WIDTH="69" />
<SP HEIGHT="50" HPOS="790" VPOS="547" WIDTH="43" />
<String CONTENT="Appleton-Century" CS="1" HEIGHT="68" HPOS="834" VPOS="545" WIDTH="574" />
<SP HEIGHT="48" HPOS="1409" VPOS="564" WIDTH="42" />
<String CONTENT="company," HEIGHT="49" HPOS="1452" VPOS="562" WIDTH="295" />
<SP HEIGHT="65" HPOS="1748" VPOS="546" WIDTH="40" />
<String CONTENT="incorporated" HEIGHT="66" HPOS="1789" VPOS="546" WIDTH="397" />
</TextLine>
<TextLine HEIGHT="64" HPOS="207" STYLEREFS="StyleId-90512CCF-C2A4-4694-92EB-007B583A0873-" VPOS="625" WIDTH="190">
<String CONTENT="[" HEIGHT="33" HPOS="207" VPOS="656" WIDTH="11" />
<String CONTENT="c" HEIGHT="20" HPOS="225" STYLE="superscript" VPOS="629" WIDTH="16" />
<String CONTENT="1934]" HEIGHT="63" HPOS="248" VPOS="625" WIDTH="149" />
</TextLine>
<TextLine CS="1" HEIGHT="49" HPOS="272" VPOS="694" WIDTH="1916">
<String CONTENT="xiii," HEIGHT="46" HPOS="272" VPOS="695" WIDTH="101" />
<SP HEIGHT="45" HPOS="374" VPOS="696" WIDTH="44" />
<String CONTENT="525" HEIGHT="39" HPOS="419" VPOS="695" WIDTH="83" />
<SP HEIGHT="46" HPOS="503" VPOS="696" WIDTH="42" />
<String CONTENT="p." HEIGHT="35" HPOS="546" VPOS="707" WIDTH="39" />
<SP HEIGHT="37" HPOS="586" VPOS="696" WIDTH="73" />
<String CONTENT="illus.." HEIGHT="40" HPOS="660" VPOS="696" WIDTH="140" />
<SP HEIGHT="38" HPOS="801" VPOS="698" WIDTH="44" />
<String CONTENT="diagrs." HEIGHT="46" HPOS="846" VPOS="697" WIDTH="174" />
<SP HEIGHT="39" HPOS="1021" VPOS="695" WIDTH="73" />
<String CONTENT="20&#189;" CS="1" HEIGHT="40" HPOS="1095" VPOS="695" WIDTH="54" />
<String CONTENT="cm" HEIGHT="20" HPOS="1182" STYLE="superscript" VPOS="698" WIDTH="42" />
<String CONTENT="." HEIGHT="8" HPOS="1231" VPOS="728" WIDTH="7" />
<SP />
<String CONTENT="(Half-title:" HEIGHT="49" HPOS="1322" VPOS="694" WIDTH="297" />
<SP HEIGHT="39" HPOS="1620" VPOS="695" WIDTH="41" />
<String CONTENT="Appleton" HEIGHT="47" HPOS="1662" VPOS="695" WIDTH="238" />
<SP HEIGHT="29" HPOS="1901" VPOS="705" WIDTH="43" />
<String CONTENT="series" HEIGHT="40" HPOS="1945" VPOS="695" WIDTH="149" />
<SP HEIGHT="38" HPOS="2095" VPOS="697" WIDTH="44" />
<String CONTENT="in" HEIGHT="38" HPOS="2140" VPOS="697" WIDTH="48" />
</TextLine>
<TextLine HEIGHT="49" HPOS="203" VPOS="751" WIDTH="1723">
<String CONTENT="special" HEIGHT="46" HPOS="203" VPOS="753" WIDTH="177" />
<SP HEIGHT="37" HPOS="381" VPOS="753" WIDTH="32" />
<String CONTENT="methods," HEIGHT="44" HPOS="414" VPOS="753" WIDTH="233" />
<SP HEIGHT="34" HPOS="648" VPOS="763" WIDTH="33" />
<String CONTENT="ed." HEIGHT="38" HPOS="682" VPOS="754" WIDTH="69" />
<SP HEIGHT="37" HPOS="752" VPOS="754" WIDTH="34" />
<String CONTENT="by" HEIGHT="45" HPOS="787" VPOS="754" WIDTH="58" />
<SP HEIGHT="45" HPOS="846" VPOS="754" WIDTH="33" />
<String CONTENT="Paul" HEIGHT="38" HPOS="880" VPOS="754" WIDTH="118" />
<SP HEIGHT="37" HPOS="999" VPOS="754" WIDTH="35" />
<String CONTENT="Klapper" HEIGHT="46" HPOS="1035" VPOS="754" WIDTH="212" />
<SP HEIGHT="28" HPOS="1248" VPOS="762" WIDTH="33" />
<String CONTENT="and" HEIGHT="38" HPOS="1282" VPOS="753" WIDTH="93" />
<SP HEIGHT="39" HPOS="1376" VPOS="752" WIDTH="32" />
<String CONTENT="Raleigh" HEIGHT="47" HPOS="1409" VPOS="752" WIDTH="203" />
<SP HEIGHT="40" HPOS="1613" VPOS="751" WIDTH="35" />
<String CONTENT="Schorling)" HEIGHT="47" HPOS="1649" VPOS="751" WIDTH="277" />
</TextLine>
<TextLine CS="1" HEIGHT="40" HPOS="273" VPOS="809" WIDTH="700">
<String CONTENT="On" HEIGHT="40" HPOS="273" VPOS="809" WIDTH="71" />
<SP HEIGHT="29" HPOS="345" VPOS="819" WIDTH="26" />
<String CONTENT="cover:" CS="1" HEIGHT="29" HPOS="372" VPOS="819" WIDTH="138" />
<SP HEIGHT="40" HPOS="538" VPOS="809" WIDTH="32" />
<String CONTENT="Second" HEIGHT="40" HPOS="571" VPOS="809" WIDTH="178" />
<SP HEIGHT="38" HPOS="750" VPOS="811" WIDTH="30" />
<String CONTENT="edition." HEIGHT="39" HPOS="781" VPOS="810" WIDTH="192" />
</TextLine>
<TextLine HEIGHT="47" HPOS="272" VPOS="865" WIDTH="1915">
<String CONTENT="Not" HEIGHT="39" HPOS="272" VPOS="866" WIDTH="96" />
<SP HEIGHT="37" HPOS="369" VPOS="868" WIDTH="31" />
<String CONTENT="a" HEIGHT="28" HPOS="401" VPOS="876" WIDTH="23" />
<SP HEIGHT="28" HPOS="425" VPOS="876" WIDTH="39" />
<String CONTENT="revision" HEIGHT="40" HPOS="465" VPOS="865" WIDTH="208" />
<SP HEIGHT="29" HPOS="674" VPOS="876" WIDTH="35" />
<String CONTENT="of" HEIGHT="38" HPOS="710" VPOS="867" WIDTH="50" />
<SP HEIGHT="38" HPOS="761" VPOS="867" WIDTH="34" />
<String CONTENT="an" HEIGHT="29" HPOS="796" VPOS="876" WIDTH="60" />
<SP HEIGHT="28" HPOS="857" VPOS="876" WIDTH="35" />
<String CONTENT="earlier" HEIGHT="39" HPOS="893" VPOS="866" WIDTH="175" />
<SP HEIGHT="37" HPOS="1069" VPOS="867" WIDTH="33" />
<String CONTENT="book" HEIGHT="38" HPOS="1103" VPOS="866" WIDTH="119" />
<SP HEIGHT="38" HPOS="1223" VPOS="866" WIDTH="35" />
<String CONTENT="of" HEIGHT="38" HPOS="1259" VPOS="866" WIDTH="48" />
<SP HEIGHT="39" HPOS="1308" VPOS="866" WIDTH="37" />
<String CONTENT="the" HEIGHT="39" HPOS="1346" VPOS="866" WIDTH="78" />
<SP HEIGHT="29" HPOS="1425" VPOS="875" WIDTH="36" />
<String CONTENT="same" HEIGHT="30" HPOS="1462" VPOS="875" WIDTH="131" />
<SP HEIGHT="37" HPOS="1594" VPOS="868" WIDTH="35" />
<String CONTENT="title" HEIGHT="41" HPOS="1630" VPOS="865" WIDTH="106" />
<SP HEIGHT="41" HPOS="1737" VPOS="865" WIDTH="34" />
<String CONTENT="but" HEIGHT="39" HPOS="1772" VPOS="865" WIDTH="83" />
<SP HEIGHT="32" HPOS="1856" VPOS="872" WIDTH="35" />
<String CONTENT="a" HEIGHT="28" HPOS="1892" VPOS="876" WIDTH="25" />
<SP HEIGHT="28" HPOS="1918" VPOS="876" WIDTH="36" />
<String CONTENT="complete" HEIGHT="46" HPOS="1955" VPOS="866" WIDTH="232" />
</TextLine>
<TextLine HEIGHT="47" HPOS="204" VPOS="922" WIDTH="1074">
<String CONTENT="reconsideration" HEIGHT="39" HPOS="204" VPOS="922" WIDTH="409" />
<SP HEIGHT="28" HPOS="614" VPOS="933" WIDTH="25" />
<String CONTENT="of" HEIGHT="39" HPOS="640" VPOS="922" WIDTH="50" />
<SP HEIGHT="38" HPOS="691" VPOS="922" WIDTH="23" />
<String CONTENT="its" HEIGHT="39" HPOS="715" VPOS="922" WIDTH="64" />
<SP HEIGHT="28" HPOS="780" VPOS="933" WIDTH="26" />
<String CONTENT="subject," HEIGHT="46" HPOS="807" VPOS="922" WIDTH="199" />
<SP HEIGHT="28" HPOS="1007" VPOS="933" WIDTH="57" />
<String CONTENT="cf." HEIGHT="46" HPOS="1065" VPOS="923" WIDTH="58" />
<SP HEIGHT="38" HPOS="1124" VPOS="923" WIDTH="28" />
<String CONTENT="Pref." HEIGHT="39" HPOS="1153" VPOS="922" WIDTH="125" />
</TextLine>
<TextLine CS="1" HEIGHT="48" HPOS="274" VPOS="977" WIDTH="1729">
<String CONTENT="&#8220;A" HEIGHT="38" HPOS="274" VPOS="979" WIDTH="64" />
<SP HEIGHT="39" HPOS="339" VPOS="979" WIDTH="25" />
<String CONTENT="selected," HEIGHT="41" HPOS="365" VPOS="980" WIDTH="221" />
<SP HEIGHT="32" HPOS="587" VPOS="989" WIDTH="25" />
<String CONTENT="classified," HEIGHT="42" HPOS="613" VPOS="978" WIDTH="251" />
<SP HEIGHT="30" HPOS="865" VPOS="990" WIDTH="25" />
<String CONTENT="and" HEIGHT="38" HPOS="891" VPOS="980" WIDTH="92" />
<SP HEIGHT="38" HPOS="984" VPOS="980" WIDTH="28" />
<String CONTENT="annotated" HEIGHT="38" HPOS="1013" VPOS="980" WIDTH="261" />
<SP HEIGHT="38" HPOS="1275" VPOS="979" WIDTH="25" />
<String CONTENT="bibliography&quot;:" CS="1" HEIGHT="48" HPOS="1301" VPOS="977" WIDTH="363" />
<SP HEIGHT="36" HPOS="1693" VPOS="988" WIDTH="28" />
<String CONTENT="p." HEIGHT="36" HPOS="1722" VPOS="988" WIDTH="39" />
<SP HEIGHT="36" HPOS="1762" VPOS="980" WIDTH="25" />
<String CONTENT="481-492." HEIGHT="41" HPOS="1788" VPOS="977" WIDTH="215" />
</TextLine>
<TextLine CS="1" HEIGHT="50" HPOS="205" VPOS="1032" WIDTH="1981">
<String CONTENT="&#169;" HEIGHT="50" HPOS="205" VPOS="1032" WIDTH="50" />
<SP HEIGHT="50" HPOS="256" VPOS="1032" WIDTH="33" />
<String CONTENT="Oct." HEIGHT="39" HPOS="290" VPOS="1036" WIDTH="98" />
<SP HEIGHT="38" HPOS="389" VPOS="1036" WIDTH="33" />
<String CONTENT="3," HEIGHT="40" HPOS="423" VPOS="1036" WIDTH="37" />
<SP HEIGHT="39" HPOS="461" VPOS="1037" WIDTH="30" />
<String CONTENT="1934:" HEIGHT="40" HPOS="492" VPOS="1035" WIDTH="138" />
<SP HEIGHT="39" HPOS="631" VPOS="1036" WIDTH="33" />
<String CONTENT="2c." HEIGHT="39" HPOS="665" VPOS="1036" WIDTH="65" />
<SP HEIGHT="27" HPOS="731" VPOS="1048" WIDTH="33" />
<String CONTENT="and" HEIGHT="38" HPOS="765" VPOS="1037" WIDTH="92" />
<SP HEIGHT="38" HPOS="858" VPOS="1037" WIDTH="33" />
<String CONTENT="aff." HEIGHT="39" HPOS="892" VPOS="1036" WIDTH="79" />
<SP HEIGHT="40" HPOS="972" VPOS="1036" WIDTH="35" />
<String CONTENT="Oct." HEIGHT="40" HPOS="1008" VPOS="1036" WIDTH="100" />
<SP HEIGHT="38" HPOS="1109" VPOS="1038" WIDTH="32" />
<String CONTENT="6:" HEIGHT="38" HPOS="1142" VPOS="1038" WIDTH="49" />
<SP HEIGHT="27" HPOS="1192" VPOS="1047" WIDTH="36" />
<String CONTENT="A" CS="1" />
<SP HEIGHT="37" HPOS="1270" VPOS="1037" WIDTH="32" />
<String CONTENT="75898:" CS="1" HEIGHT="40" HPOS="1303" VPOS="1034" WIDTH="140" />
<SP HEIGHT="37" HPOS="1470" VPOS="1036" WIDTH="37" />
<String CONTENT="D." HEIGHT="39" HPOS="1508" VPOS="1036" WIDTH="55" />
<SP HEIGHT="39" HPOS="1564" VPOS="1036" WIDTH="34" />
<String CONTENT="Appleton-Century" HEIGHT="46" HPOS="1599" VPOS="1035" WIDTH="473" />
<SP HEIGHT="36" HPOS="2073" VPOS="1045" WIDTH="31" />
<String CONTENT="co.," HEIGHT="32" HPOS="2105" VPOS="1044" WIDTH="81" />
</TextLine>
<TextLine HEIGHT="47" HPOS="270" VPOS="1092" WIDTH="438">
<String CONTENT="inc." HEIGHT="40" HPOS="270" VPOS="1092" WIDTH="89" />
<SP HEIGHT="47" HPOS="360" VPOS="1092" WIDTH="70" />
<String CONTENT="(34-36241)" HEIGHT="47" HPOS="431" VPOS="1092" WIDTH="277" />
</TextLine>
<TextLine CS="1" HEIGHT="66" HPOS="204" STYLEREFS="StyleId-903DB311-F734-422E-B001-ED1CE8B04CD2-" VPOS="1180" WIDTH="674">
<String CONTENT="Lloyd," HEIGHT="65" HPOS="204" VPOS="1180" WIDTH="197" />
<SP HEIGHT="62" HPOS="402" VPOS="1183" WIDTH="25" />
<String CONTENT="Wildon," CS="1" HEIGHT="65" HPOS="428" VPOS="1181" WIDTH="246" />
<SP HEIGHT="57" HPOS="675" VPOS="1189" WIDTH="32" />
<String CONTENT="1901-" HEIGHT="50" HPOS="708" VPOS="1185" WIDTH="170" />
</TextLine>
<TextLine CS="1" HEIGHT="67" HPOS="331" STYLEREFS="StyleId-90512CCF-C2A4-4694-92EB-007B583A0873-" VPOS="1258" WIDTH="1854">
<String CONTENT="&#8230;" CS="1" />
<SP HEIGHT="51" HPOS="331" VPOS="1260" WIDTH="38" />
<String CONTENT="The" HEIGHT="52" HPOS="370" VPOS="1259" WIDTH="117" />
<SP HEIGHT="51" HPOS="488" VPOS="1260" WIDTH="30" />
<String CONTENT="European" HEIGHT="65" HPOS="519" VPOS="1260" WIDTH="306" />
<SP HEIGHT="32" HPOS="826" VPOS="1278" WIDTH="32" />
<String CONTENT="war" HEIGHT="33" HPOS="859" VPOS="1279" WIDTH="116" />
<SP HEIGHT="52" HPOS="976" VPOS="1260" WIDTH="29" />
<String CONTENT="debts" HEIGHT="51" HPOS="1006" VPOS="1260" WIDTH="158" />
<SP HEIGHT="33" HPOS="1165" VPOS="1278" WIDTH="31" />
<String CONTENT="and" HEIGHT="52" HPOS="1197" VPOS="1259" WIDTH="111" />
<SP HEIGHT="52" HPOS="1309" VPOS="1259" WIDTH="30" />
<String CONTENT="their" HEIGHT="52" HPOS="1340" VPOS="1259" WIDTH="149" />
<SP HEIGHT="32" HPOS="1490" VPOS="1277" WIDTH="29" />
<String CONTENT="settlement;" HEIGHT="62" HPOS="1520" VPOS="1260" WIDTH="347" />
<SP HEIGHT="64" HPOS="1868" VPOS="1258" WIDTH="35" />
<String CONTENT="foreword" HEIGHT="52" HPOS="1904" VPOS="1258" WIDTH="281" />
</TextLine>
<TextLine CS="1" HEIGHT="131" HPOS="199" STYLEREFS="StyleId-90512CCF-C2A4-4694-92EB-007B583A0873-" VPOS="1335" WIDTH="1963">
<String CONTENT="by" HEIGHT="64" HPOS="203" VPOS="1337" WIDTH="69" />
<SP HEIGHT="64" HPOS="273" VPOS="1337" WIDTH="29" />
<String CONTENT="Herbert" HEIGHT="51" HPOS="303" VPOS="1337" WIDTH="248" />
<SP HEIGHT="52" HPOS="552" VPOS="1337" WIDTH="26" />
<String CONTENT="Wright" HEIGHT="67" HPOS="579" VPOS="1336" WIDTH="233" />
<SP HEIGHT="44" HPOS="813" VPOS="1344" WIDTH="34" />
<String CONTENT="&#8230;" CS="1" />
<SP HEIGHT="51" HPOS="903" VPOS="1336" WIDTH="77" />
<String CONTENT="New" HEIGHT="52" HPOS="981" VPOS="1336" WIDTH="138" />
<SP HEIGHT="51" HPOS="1120" VPOS="1337" WIDTH="29" />
<String CONTENT="York," HEIGHT="65" HPOS="1150" VPOS="1336" WIDTH="176" />
<SP HEIGHT="66" HPOS="1327" VPOS="1335" WIDTH="29" />
<String CONTENT="Committee" HEIGHT="55" HPOS="1357" VPOS="1335" WIDTH="338" />
<SP HEIGHT="53" HPOS="1696" VPOS="1335" WIDTH="26" />
<String CONTENT="for" HEIGHT="52" HPOS="1723" VPOS="1335" WIDTH="94" />
<SP HEIGHT="46" HPOS="1818" VPOS="1341" WIDTH="25" />
<String CONTENT="the" HEIGHT="52" HPOS="1844" VPOS="1336" WIDTH="97" />
<SP HEIGHT="34" HPOS="1942" VPOS="1354" WIDTH="27" />
<String CONTENT="consideration" HEIGHT="130" HPOS="199" VPOS="1336" WIDTH="1963" />
</TextLine>
<TextLine CS="1" HEIGHT="66" HPOS="445" STYLEREFS="StyleId-90512CCF-C2A4-4694-92EB-007B583A0873-" VPOS="1413" WIDTH="1084">
<String CONTENT="of" HEIGHT="52" HPOS="445" VPOS="1413" WIDTH="63" />
<SP HEIGHT="51" HPOS="509" VPOS="1413" WIDTH="23" />
<String CONTENT="inter-governmental" HEIGHT="65" HPOS="533" VPOS="1414" WIDTH="603" />
<SP HEIGHT="51" HPOS="1137" VPOS="1413" WIDTH="26" />
<String CONTENT="debts" HEIGHT="52" HPOS="1164" VPOS="1413" WIDTH="156" />
<SP HEIGHT="45" HPOS="1321" VPOS="1433" WIDTH="33" />
<String CONTENT="[" HEIGHT="33" HPOS="1355" STYLE="subscript" VPOS="1445" WIDTH="11" />
<String CONTENT="c" HEIGHT="20" HPOS="1373" STYLE="superscript" VPOS="1418" WIDTH="16" />
<String CONTENT="1934]" CS="1" HEIGHT="49" HPOS="1394" VPOS="1415" WIDTH="135" />
</TextLine>
<TextLine CS="1" HEIGHT="51" HPOS="270" STYLEREFS="StyleId-90512CCF-C2A4-4694-92EB-007B583A0873-" VPOS="1483" WIDTH="1241">
<String CONTENT="xii" HEIGHT="38" HPOS="270" VPOS="1485" WIDTH="68" />
<SP HEIGHT="46" HPOS="339" VPOS="1486" WIDTH="25" />
<String CONTENT="p.." HEIGHT="36" HPOS="365" VPOS="1496" WIDTH="55" />
<SP HEIGHT="37" HPOS="421" VPOS="1487" WIDTH="29" />
<String CONTENT="1" HEIGHT="36" HPOS="451" VPOS="1487" WIDTH="19" />
<SP />
<String CONTENT="l.." CS="1" HEIGHT="8" HPOS="536" VPOS="1516" WIDTH="7" />
<SP HEIGHT="40" HPOS="544" VPOS="1485" WIDTH="27" />
<String CONTENT="88." HEIGHT="40" HPOS="572" VPOS="1485" WIDTH="67" />
<SP HEIGHT="27" HPOS="640" VPOS="1506" WIDTH="31" />
<String CONTENT="[2]" CS="1" HEIGHT="50" HPOS="685" VPOS="1484" WIDTH="39" />
<SP HEIGHT="38" HPOS="725" VPOS="1496" WIDTH="25" />
<String CONTENT="p." HEIGHT="37" HPOS="751" VPOS="1496" WIDTH="42" />
<SP HEIGHT="37" HPOS="794" VPOS="1488" WIDTH="55" />
<String CONTENT="tables" HEIGHT="39" HPOS="850" VPOS="1486" WIDTH="153" />
<SP HEIGHT="46" HPOS="1004" VPOS="1485" WIDTH="28" />
<String CONTENT="(part" HEIGHT="47" HPOS="1033" VPOS="1485" WIDTH="133" />
<SP HEIGHT="40" HPOS="1167" VPOS="1484" WIDTH="23" />
<String CONTENT="fold.)" HEIGHT="44" HPOS="1191" VPOS="1484" WIDTH="141" />
<SP HEIGHT="45" HPOS="1333" VPOS="1483" WIDTH="64" />
<String CONTENT="23" HEIGHT="40" HPOS="1398" VPOS="1483" WIDTH="53" />
<String CONTENT="cm" HEIGHT="20" HPOS="1458" STYLE="superscript" VPOS="1487" WIDTH="40" />
<String CONTENT="." HEIGHT="7" HPOS="1505" VPOS="1517" WIDTH="6" />
</TextLine>
<TextLine HEIGHT="49" HPOS="270" VPOS="1540" WIDTH="1329">
<String CONTENT="The" HEIGHT="40" HPOS="270" VPOS="1542" WIDTH="98" />
<SP HEIGHT="40" HPOS="369" VPOS="1542" WIDTH="26" />
<String CONTENT="folded" HEIGHT="39" HPOS="396" VPOS="1542" WIDTH="161" />
<SP HEIGHT="37" HPOS="558" VPOS="1543" WIDTH="27" />
<String CONTENT="tables" HEIGHT="40" HPOS="586" VPOS="1541" WIDTH="154" />
<SP HEIGHT="30" HPOS="741" VPOS="1551" WIDTH="23" />
<String CONTENT="are" HEIGHT="30" HPOS="765" VPOS="1551" WIDTH="84" />
<SP HEIGHT="28" HPOS="850" VPOS="1553" WIDTH="24" />
<String CONTENT="mounted" HEIGHT="39" HPOS="875" VPOS="1542" WIDTH="228" />
<SP HEIGHT="38" HPOS="1104" VPOS="1542" WIDTH="25" />
<String CONTENT="on" HEIGHT="28" HPOS="1130" VPOS="1552" WIDTH="56" />
<SP HEIGHT="36" HPOS="1187" VPOS="1552" WIDTH="26" />
<String CONTENT="p." HEIGHT="36" HPOS="1214" VPOS="1552" WIDTH="41" />
<SP HEIGHT="29" HPOS="1256" VPOS="1560" WIDTH="31" />
<String CONTENT="[3]" HEIGHT="49" HPOS="1288" VPOS="1540" WIDTH="53" />
<SP HEIGHT="37" HPOS="1342" VPOS="1552" WIDTH="29" />
<String CONTENT="of" HEIGHT="39" HPOS="1372" VPOS="1541" WIDTH="49" />
<SP HEIGHT="39" HPOS="1422" VPOS="1541" WIDTH="24" />
<String CONTENT="cover." HEIGHT="29" HPOS="1447" VPOS="1551" WIDTH="152" />
</TextLine>
<TextLine CS="1" HEIGHT="50" HPOS="272" VPOS="1596" WIDTH="1185">
<String CONTENT="Blank" HEIGHT="39" HPOS="272" VPOS="1597" WIDTH="157" />
<SP HEIGHT="47" HPOS="430" VPOS="1599" WIDTH="25" />
<String CONTENT="pages" HEIGHT="39" HPOS="456" VPOS="1607" WIDTH="144" />
<SP HEIGHT="40" HPOS="601" VPOS="1597" WIDTH="30" />
<String CONTENT="for" HEIGHT="40" HPOS="632" VPOS="1597" WIDTH="76" />
<SP HEIGHT="33" HPOS="709" VPOS="1603" WIDTH="29" />
<String CONTENT="&#8220;Memoranda&#8221;" CS="1" HEIGHT="40" HPOS="739" VPOS="1596" WIDTH="341" />
<SP HEIGHT="46" HPOS="1109" VPOS="1596" WIDTH="41" />
<String CONTENT="([2]" HEIGHT="49" HPOS="1151" VPOS="1596" WIDTH="79" />
<SP HEIGHT="39" HPOS="1231" VPOS="1606" WIDTH="30" />
<String CONTENT="at" HEIGHT="37" HPOS="1262" VPOS="1599" WIDTH="51" />
<SP HEIGHT="37" HPOS="1314" VPOS="1599" WIDTH="28" />
<String CONTENT="end)" HEIGHT="43" HPOS="1343" VPOS="1597" WIDTH="114" />
</TextLine>
<TextLine CS="1" HEIGHT="50" HPOS="203" VPOS="1652" WIDTH="1980">
<String CONTENT="&#169;" HEIGHT="50" HPOS="203" VPOS="1652" WIDTH="51" />
<SP HEIGHT="50" HPOS="255" VPOS="1652" WIDTH="34" />
<String CONTENT="Oct." HEIGHT="40" HPOS="290" VPOS="1656" WIDTH="99" />
<SP />
<String CONTENT="l." CS="1" />
<SP HEIGHT="37" HPOS="462" VPOS="1656" WIDTH="33" />
<String CONTENT="1934:" HEIGHT="38" HPOS="496" VPOS="1655" WIDTH="138" />
<SP HEIGHT="38" HPOS="635" VPOS="1654" WIDTH="36" />
<String CONTENT="2c&#183;." HEIGHT="39" HPOS="672" VPOS="1654" WIDTH="64" />
<SP HEIGHT="27" HPOS="737" VPOS="1665" WIDTH="35" />
<String CONTENT="and" HEIGHT="36" HPOS="773" VPOS="1656" WIDTH="92" />
<SP HEIGHT="36" HPOS="866" VPOS="1656" WIDTH="34" />
<String CONTENT="aff." HEIGHT="39" HPOS="901" VPOS="1653" WIDTH="78" />
<SP HEIGHT="40" HPOS="980" VPOS="1653" WIDTH="38" />
<String CONTENT="Oct." HEIGHT="40" HPOS="1019" VPOS="1653" WIDTH="98" />
<SP HEIGHT="36" HPOS="1118" VPOS="1655" WIDTH="35" />
<String CONTENT="11:" HEIGHT="38" HPOS="1154" VPOS="1654" WIDTH="78" />
<SP HEIGHT="38" HPOS="1233" VPOS="1654" WIDTH="36" />
<String CONTENT="A" HEIGHT="37" HPOS="1270" VPOS="1654" WIDTH="40" />
<SP HEIGHT="38" HPOS="1311" VPOS="1654" WIDTH="33" />
<String CONTENT="75727:" HEIGHT="38" HPOS="1345" VPOS="1654" WIDTH="166" />
<SP HEIGHT="37" HPOS="1512" VPOS="1655" WIDTH="40" />
<String CONTENT="W." CS="1" HEIGHT="6" HPOS="1612" VPOS="1684" WIDTH="6" />
<SP HEIGHT="37" HPOS="1619" VPOS="1654" WIDTH="34" />
<String CONTENT="Lloyd." CS="1" HEIGHT="40" HPOS="1654" VPOS="1654" WIDTH="164" />
<SP HEIGHT="39" HPOS="1819" VPOS="1655" WIDTH="33" />
<String CONTENT="Washington." HEIGHT="48" HPOS="1853" VPOS="1653" WIDTH="330" />
</TextLine>
<TextLine HEIGHT="48" HPOS="280" VPOS="1711" WIDTH="277">
<String CONTENT="(34-36267)" HEIGHT="48" HPOS="280" VPOS="1711" WIDTH="277" />
</TextLine>
<TextLine HEIGHT="65" HPOS="199" STYLEREFS="StyleId-903DB311-F734-422E-B001-ED1CE8B04CD2-" VPOS="1799" WIDTH="825">
<String CONTENT="Losh," HEIGHT="63" HPOS="199" VPOS="1801" WIDTH="174" />
<SP HEIGHT="63" HPOS="374" VPOS="1801" WIDTH="30" />
<String CONTENT="Hazel" HEIGHT="51" HPOS="405" VPOS="1801" WIDTH="180" />
<SP HEIGHT="50" HPOS="586" VPOS="1801" WIDTH="28" />
<String CONTENT="Marie," HEIGHT="64" HPOS="615" VPOS="1799" WIDTH="205" />
<SP HEIGHT="59" HPOS="821" VPOS="1804" WIDTH="32" />
<String CONTENT="1898-" HEIGHT="50" HPOS="854" VPOS="1801" WIDTH="170" />
</TextLine>
<TextLine CS="1" HEIGHT="132" HPOS="199" STYLEREFS="StyleId-90512CCF-C2A4-4694-92EB-007B583A0873-" VPOS="1876" WIDTH="1981">
<String CONTENT="A" HEIGHT="50" HPOS="270" VPOS="1880" WIDTH="53" />
<SP HEIGHT="51" HPOS="324" VPOS="1879" WIDTH="32" />
<String CONTENT="laboratory" HEIGHT="64" HPOS="357" VPOS="1878" WIDTH="326" />
<SP HEIGHT="46" HPOS="684" VPOS="1896" WIDTH="31" />
<String CONTENT="manual" HEIGHT="49" HPOS="716" VPOS="1880" WIDTH="230" />
<SP HEIGHT="49" HPOS="947" VPOS="1880" WIDTH="32" />
<String CONTENT="of" HEIGHT="51" HPOS="980" VPOS="1876" WIDTH="62" />
<SP HEIGHT="51" HPOS="1043" VPOS="1876" WIDTH="32" />
<String CONTENT="astronomy," HEIGHT="61" HPOS="1076" VPOS="1882" WIDTH="338" />
<SP HEIGHT="67" HPOS="1415" VPOS="1876" WIDTH="33" />
<String CONTENT="by" HEIGHT="66" HPOS="1449" VPOS="1876" WIDTH="74" />
<SP HEIGHT="65" HPOS="1524" VPOS="1877" WIDTH="33" />
<String CONTENT="Hazel" HEIGHT="52" HPOS="1558" VPOS="1876" WIDTH="182" />
<SP HEIGHT="52" HPOS="1741" VPOS="1876" WIDTH="31" />
<String CONTENT="M." HEIGHT="50" HPOS="1773" VPOS="1878" WIDTH="79" />
<SP HEIGHT="50" HPOS="1853" VPOS="1879" WIDTH="33" />
<String CONTENT="Losh" HEIGHT="51" HPOS="1887" VPOS="1878" WIDTH="150" />
<SP HEIGHT="50" HPOS="2038" VPOS="1878" WIDTH="34" />
<String CONTENT="and" HEIGHT="51" HPOS="2073" VPOS="1879" WIDTH="107" />
<SP />
<String CONTENT="Robert" HEIGHT="52" HPOS="199" VPOS="1956" WIDTH="210" />
</TextLine>
<TextLine CS="1" HEIGHT="67" HPOS="441" STYLEREFS="StyleId-90512CCF-C2A4-4694-92EB-007B583A0873-" VPOS="1954" WIDTH="1605">
<String CONTENT="M&#8217;." HEIGHT="52" HPOS="441" VPOS="1956" WIDTH="77" />
<SP HEIGHT="52" HPOS="519" VPOS="1956" WIDTH="32" />
<String CONTENT="Petrie" HEIGHT="52" HPOS="552" VPOS="1954" WIDTH="190" />
<SP HEIGHT="32" HPOS="743" VPOS="1973" WIDTH="36" />
<String CONTENT="&#8230;" CS="1" />
<SP HEIGHT="52" HPOS="833" VPOS="1954" WIDTH="79" />
<String CONTENT="Ann" HEIGHT="51" HPOS="913" VPOS="1954" WIDTH="134" />
<SP HEIGHT="50" HPOS="1048" VPOS="1955" WIDTH="29" />
<String CONTENT="Arbor," HEIGHT="66" HPOS="1078" VPOS="1954" WIDTH="205" />
<SP HEIGHT="65" HPOS="1284" VPOS="1955" WIDTH="29" />
<String CONTENT="Mich.," HEIGHT="58" HPOS="1314" VPOS="1954" WIDTH="193" />
<SP HEIGHT="58" HPOS="1508" VPOS="1954" WIDTH="28" />
<String CONTENT="G." HEIGHT="54" HPOS="1537" VPOS="1954" WIDTH="67" />
<SP HEIGHT="52" HPOS="1605" VPOS="1956" WIDTH="34" />
<String CONTENT="Wahr" HEIGHT="53" HPOS="1640" VPOS="1955" WIDTH="180" />
<SP HEIGHT="47" HPOS="1821" VPOS="1973" WIDTH="35" />
<String CONTENT="[" HEIGHT="33" HPOS="1857" VPOS="1987" WIDTH="11" />
<String CONTENT="c" HEIGHT="20" HPOS="1874" STYLE="superscript" VPOS="1960" WIDTH="16" />
<String CONTENT="1934]" HEIGHT="63" HPOS="1896" VPOS="1958" WIDTH="150" />
</TextLine>
<TextLine CS="1" HEIGHT="51" HPOS="271" VPOS="2025" WIDTH="1010">
<String CONTENT="41." HEIGHT="39" HPOS="271" VPOS="2029" WIDTH="68" />
<SP HEIGHT="29" HPOS="340" VPOS="2047" WIDTH="31" />
<String CONTENT="[10]" CS="1" HEIGHT="29" HPOS="372" VPOS="2047" WIDTH="82" />
<SP HEIGHT="37" HPOS="455" VPOS="2038" WIDTH="30" />
<String CONTENT="p." HEIGHT="36" HPOS="486" VPOS="2038" WIDTH="39" />
<SP HEIGHT="37" HPOS="526" VPOS="2028" WIDTH="31" />
<String CONTENT="incl." HEIGHT="38" HPOS="558" VPOS="2028" WIDTH="106" />
<SP HEIGHT="29" HPOS="665" VPOS="2037" WIDTH="27" />
<String CONTENT="charts," HEIGHT="46" HPOS="693" VPOS="2027" WIDTH="178" />
<SP HEIGHT="46" HPOS="872" VPOS="2027" WIDTH="28" />
<String CONTENT="diagrs." HEIGHT="45" HPOS="901" VPOS="2027" WIDTH="177" />
<SP HEIGHT="39" HPOS="1079" VPOS="2025" WIDTH="57" />
<String CONTENT="27&#189;" CS="1" HEIGHT="39" HPOS="1137" VPOS="2025" WIDTH="55" />
<String CONTENT="cm" HEIGHT="19" HPOS="1225" STYLE="superscript" VPOS="2028" WIDTH="43" />
<String CONTENT="." HEIGHT="5" HPOS="1275" VPOS="2059" WIDTH="6" />
</TextLine>
<TextLine HEIGHT="48" HPOS="272" VPOS="2082" WIDTH="1367">
<String CONTENT="Descriptive" HEIGHT="46" HPOS="272" VPOS="2084" WIDTH="301" />
<SP HEIGHT="36" HPOS="574" VPOS="2086" WIDTH="25" />
<String CONTENT="text" HEIGHT="36" HPOS="600" VPOS="2086" WIDTH="103" />
<SP HEIGHT="36" HPOS="704" VPOS="2086" WIDTH="24" />
<String CONTENT="on" HEIGHT="28" HPOS="729" VPOS="2094" WIDTH="58" />
<SP HEIGHT="37" HPOS="788" VPOS="2084" WIDTH="26" />
<String CONTENT="the" HEIGHT="38" HPOS="815" VPOS="2084" WIDTH="80" />
<SP HEIGHT="35" HPOS="896" VPOS="2093" WIDTH="23" />
<String CONTENT="page" HEIGHT="36" HPOS="920" VPOS="2092" WIDTH="120" />
<SP HEIGHT="36" HPOS="1041" VPOS="2092" WIDTH="23" />
<String CONTENT="preceding" HEIGHT="47" HPOS="1065" VPOS="2082" WIDTH="254" />
<SP HEIGHT="36" HPOS="1320" VPOS="2093" WIDTH="22" />
<String CONTENT="each" HEIGHT="37" HPOS="1343" VPOS="2084" WIDTH="117" />
<SP HEIGHT="37" HPOS="1461" VPOS="2084" WIDTH="26" />
<String CONTENT="chart." HEIGHT="37" HPOS="1488" VPOS="2084" WIDTH="151" />
</TextLine>
<TextLine CS="1" HEIGHT="51" HPOS="202" VPOS="2139" WIDTH="1785">
<String CONTENT="&#169;" HEIGHT="51" HPOS="202" VPOS="2139" WIDTH="50" />
<SP HEIGHT="51" HPOS="253" VPOS="2139" WIDTH="34" />
<String CONTENT="Sept." HEIGHT="43" HPOS="288" VPOS="2146" WIDTH="125" />
<SP HEIGHT="38" HPOS="414" VPOS="2143" WIDTH="28" />
<String CONTENT="20." HEIGHT="38" HPOS="443" VPOS="2143" WIDTH="67" />
<SP HEIGHT="38" HPOS="511" VPOS="2143" WIDTH="30" />
<String CONTENT="1934:" CS="1" HEIGHT="40" HPOS="542" VPOS="2140" WIDTH="113" />
<SP HEIGHT="37" HPOS="682" VPOS="2143" WIDTH="33" />
<String CONTENT="2c." HEIGHT="37" HPOS="716" VPOS="2143" WIDTH="64" />
<SP HEIGHT="29" HPOS="781" VPOS="2151" WIDTH="32" />
<String CONTENT="and" HEIGHT="37" HPOS="814" VPOS="2142" WIDTH="93" />
<SP HEIGHT="37" HPOS="908" VPOS="2142" WIDTH="32" />
<String CONTENT="aff." HEIGHT="40" HPOS="941" VPOS="2140" WIDTH="80" />
<SP HEIGHT="40" HPOS="1022" VPOS="2140" WIDTH="34" />
<String CONTENT="Sept." HEIGHT="47" HPOS="1057" VPOS="2140" WIDTH="124" />
<SP HEIGHT="39" HPOS="1182" VPOS="2140" WIDTH="32" />
<String CONTENT="27:" CS="1" HEIGHT="39" HPOS="1215" VPOS="2140" WIDTH="55" />
<SP HEIGHT="26" HPOS="1296" VPOS="2152" WIDTH="34" />
<String CONTENT="A" CS="1" />
<SP HEIGHT="39" HPOS="1374" VPOS="2141" WIDTH="28" />
<String CONTENT="75537:" CS="1" HEIGHT="40" HPOS="1403" VPOS="2140" WIDTH="143" />
<SP HEIGHT="40" HPOS="1572" VPOS="2140" WIDTH="37" />
<String CONTENT="George" HEIGHT="47" HPOS="1610" VPOS="2140" WIDTH="181" />
<SP HEIGHT="38" HPOS="1792" VPOS="2141" WIDTH="31" />
<String CONTENT="Wahr." HEIGHT="38" HPOS="1824" VPOS="2141" WIDTH="163" />
</TextLine>
<TextLine HEIGHT="42" HPOS="280" VPOS="2198" WIDTH="276">
<String CONTENT="(34-36392)" HEIGHT="42" HPOS="280" VPOS="2198" WIDTH="276" />
</TextLine>
<TextLine CS="1" HEIGHT="68" HPOS="200" STYLEREFS="StyleId-90512CCF-C2A4-4694-92EB-007B583A0873-" VPOS="2286" WIDTH="1984">
<String CONTENT="Ohio" HEIGHT="52" HPOS="200" VPOS="2288" WIDTH="146" />
<SP HEIGHT="66" HPOS="347" VPOS="2288" WIDTH="39" />
<String CONTENT="jurisprudence" HEIGHT="67" HPOS="387" VPOS="2287" WIDTH="429" />
<SP HEIGHT="35" HPOS="817" VPOS="2305" WIDTH="45" />
<String CONTENT="&#8230;" CS="1" />
<SP HEIGHT="34" HPOS="917" VPOS="2305" WIDTH="46" />
<String CONTENT="a" HEIGHT="32" HPOS="964" VPOS="2305" WIDTH="27" />
<SP HEIGHT="33" HPOS="992" VPOS="2305" WIDTH="41" />
<String CONTENT="complete" HEIGHT="67" HPOS="1034" VPOS="2286" WIDTH="271" />
<SP HEIGHT="33" HPOS="1306" VPOS="2305" WIDTH="39" />
<String CONTENT="statement" HEIGHT="48" HPOS="1346" VPOS="2290" WIDTH="300" />
<SP HEIGHT="46" HPOS="1647" VPOS="2293" WIDTH="38" />
<String CONTENT="of" HEIGHT="52" HPOS="1686" VPOS="2287" WIDTH="61" />
<SP HEIGHT="51" HPOS="1748" VPOS="2287" WIDTH="39" />
<String CONTENT="the" HEIGHT="50" HPOS="1788" VPOS="2289" WIDTH="92" />
<SP HEIGHT="50" HPOS="1881" VPOS="2289" WIDTH="39" />
<String CONTENT="law" HEIGHT="50" HPOS="1921" VPOS="2289" WIDTH="110" />
<SP HEIGHT="33" HPOS="2032" VPOS="2306" WIDTH="40" />
<String CONTENT="and" HEIGHT="53" HPOS="2073" VPOS="2286" WIDTH="111" />
</TextLine>
<TextLine HEIGHT="69" HPOS="268" STYLEREFS="StyleId-90512CCF-C2A4-4694-92EB-007B583A0873-" VPOS="2363" WIDTH="1915">
<String CONTENT="practice" HEIGHT="65" HPOS="268" VPOS="2367" WIDTH="245" />
<SP HEIGHT="33" HPOS="514" VPOS="2384" WIDTH="32" />
<String CONTENT="of" HEIGHT="51" HPOS="547" VPOS="2365" WIDTH="62" />
<SP HEIGHT="51" HPOS="610" VPOS="2365" WIDTH="29" />
<String CONTENT="the" HEIGHT="50" HPOS="640" VPOS="2365" WIDTH="93" />
<SP HEIGHT="33" HPOS="734" VPOS="2383" WIDTH="31" />
<String CONTENT="state" HEIGHT="46" HPOS="766" VPOS="2370" WIDTH="143" />
<SP HEIGHT="33" HPOS="910" VPOS="2383" WIDTH="31" />
<String CONTENT="of" HEIGHT="52" HPOS="942" VPOS="2364" WIDTH="62" />
<SP HEIGHT="54" HPOS="1005" VPOS="2363" WIDTH="32" />
<String CONTENT="Ohio," HEIGHT="54" HPOS="1038" VPOS="2363" WIDTH="165" />
<SP HEIGHT="32" HPOS="1204" VPOS="2384" WIDTH="33" />
<String CONTENT="with" HEIGHT="51" HPOS="1238" VPOS="2364" WIDTH="137" />
<SP HEIGHT="51" HPOS="1376" VPOS="2364" WIDTH="31" />
<String CONTENT="forms." HEIGHT="52" HPOS="1408" VPOS="2364" WIDTH="195" />
<SP HEIGHT="50" HPOS="1604" VPOS="2366" WIDTH="77" />
<String CONTENT="Editor" HEIGHT="52" HPOS="1682" VPOS="2365" WIDTH="207" />
<SP HEIGHT="50" HPOS="1890" VPOS="2368" WIDTH="29" />
<String CONTENT="in" HEIGHT="50" HPOS="1920" VPOS="2368" WIDTH="63" />
<SP HEIGHT="33" HPOS="1984" VPOS="2384" WIDTH="29" />
<String CONTENT="chief," HEIGHT="67" HPOS="2014" VPOS="2364" WIDTH="169" />
</TextLine>
<TextLine HEIGHT="67" HPOS="264" STYLEREFS="StyleId-90512CCF-C2A4-4694-92EB-007B583A0873-" VPOS="2442" WIDTH="1916">
<String CONTENT="Willis" HEIGHT="54" HPOS="264" VPOS="2443" WIDTH="191" />
<SP HEIGHT="52" HPOS="456" VPOS="2443" WIDTH="20" />
<String CONTENT="A." HEIGHT="51" HPOS="477" VPOS="2443" WIDTH="69" />
<SP HEIGHT="49" HPOS="547" VPOS="2444" WIDTH="23" />
<String CONTENT="Estrich;" HEIGHT="55" HPOS="571" VPOS="2442" WIDTH="256" />
<SP HEIGHT="36" HPOS="828" VPOS="2461" WIDTH="34" />
<String CONTENT="consulting" HEIGHT="67" HPOS="863" VPOS="2442" WIDTH="320" />
<SP HEIGHT="48" HPOS="1184" VPOS="2461" WIDTH="28" />
<String CONTENT="editor," HEIGHT="53" HPOS="1213" VPOS="2443" WIDTH="201" />
<SP HEIGHT="51" HPOS="1415" VPOS="2445" WIDTH="27" />
<String CONTENT="William" HEIGHT="54" HPOS="1443" VPOS="2442" WIDTH="259" />
<SP HEIGHT="50" HPOS="1703" VPOS="2443" WIDTH="19" />
<String CONTENT="M." HEIGHT="51" HPOS="1723" VPOS="2443" WIDTH="78" />
<SP HEIGHT="51" HPOS="1802" VPOS="2443" WIDTH="22" />
<String CONTENT="McKinney;" HEIGHT="66" HPOS="1825" VPOS="2443" WIDTH="355" />
</TextLine>
<TextLine CS="1" HEIGHT="146" HPOS="266" STYLEREFS="StyleId-90512CCF-C2A4-4694-92EB-007B583A0873-" VPOS="2518" WIDTH="1893">
<String CONTENT="managing" HEIGHT="67" HPOS="266" VPOS="2520" WIDTH="312" />
<SP HEIGHT="49" HPOS="579" VPOS="2538" WIDTH="41" />
<String CONTENT="editor." HEIGHT="51" HPOS="621" VPOS="2520" WIDTH="200" />
<SP HEIGHT="53" HPOS="822" VPOS="2520" WIDTH="43" />
<String CONTENT="George" HEIGHT="66" HPOS="866" VPOS="2520" WIDTH="220" />
<SP HEIGHT="54" HPOS="1087" VPOS="2518" WIDTH="44" />
<String CONTENT="S." HEIGHT="54" HPOS="1132" VPOS="2518" WIDTH="53" />
<SP HEIGHT="54" HPOS="1186" VPOS="2520" WIDTH="44" />
<String CONTENT="Gulick." HEIGHT="54" HPOS="1231" VPOS="2520" WIDTH="223" />
<SP HEIGHT="32" HPOS="1455" VPOS="2540" WIDTH="73" />
<String CONTENT="v." HEIGHT="32" HPOS="1529" VPOS="2540" WIDTH="50" />
<SP HEIGHT="46" HPOS="1580" VPOS="2526" WIDTH="46" />
<String CONTENT="36." HEIGHT="48" HPOS="1627" VPOS="2524" WIDTH="80" />
<SP HEIGHT="54" HPOS="1708" VPOS="2521" WIDTH="48" />
<String CONTENT="Sanitary" HEIGHT="66" HPOS="1757" VPOS="2521" WIDTH="269" />
<SP HEIGHT="66" HPOS="2027" VPOS="2521" WIDTH="44" />
<String CONTENT="districts" HEIGHT="131" HPOS="267" VPOS="2521" WIDTH="1892" />
<SP HEIGHT="48" HPOS="428" VPOS="2604" WIDTH="36" />
<String CONTENT="to" HEIGHT="45" HPOS="465" VPOS="2604" WIDTH="57" />
<SP HEIGHT="53" HPOS="523" VPOS="2597" WIDTH="40" />
<String CONTENT="Special" HEIGHT="67" HPOS="564" VPOS="2597" WIDTH="223" />
</TextLine>
<TextLine CS="1" HEIGHT="146" HPOS="267" STYLEREFS="StyleId-90512CCF-C2A4-4694-92EB-007B583A0873-" VPOS="2596" WIDTH="1915">
<String CONTENT="verdicts." HEIGHT="53" HPOS="827" VPOS="2596" WIDTH="261" />
<SP HEIGHT="49" HPOS="1089" VPOS="2599" WIDTH="73" />
<String CONTENT="Rochester," HEIGHT="54" HPOS="1163" VPOS="2599" WIDTH="320" />
<SP HEIGHT="53" HPOS="1484" VPOS="2600" WIDTH="37" />
<String CONTENT="N." HEIGHT="49" HPOS="1522" VPOS="2600" WIDTH="67" />
<SP HEIGHT="50" HPOS="1590" VPOS="2600" WIDTH="41" />
<String CONTENT="Y.." HEIGHT="54" HPOS="1632" VPOS="2600" WIDTH="88" />
<SP HEIGHT="53" HPOS="1721" VPOS="2601" WIDTH="37" />
<String CONTENT="The" HEIGHT="50" HPOS="1759" VPOS="2600" WIDTH="120" />
<SP HEIGHT="50" HPOS="1880" VPOS="2600" WIDTH="36" />
<String CONTENT="Lawyers" HEIGHT="65" HPOS="1917" VPOS="2600" WIDTH="265" />
<SP />
<String CONTENT="co-operative" HEIGHT="67" HPOS="267" VPOS="2675" WIDTH="379" />
<SP HEIGHT="48" HPOS="647" VPOS="2693" WIDTH="27" />
<String CONTENT="publishing" HEIGHT="67" HPOS="675" VPOS="2674" WIDTH="333" />
<SP HEIGHT="49" HPOS="1009" VPOS="2692" WIDTH="28" />
<String CONTENT="company," HEIGHT="49" HPOS="1038" VPOS="2693" WIDTH="293" />
<SP HEIGHT="61" HPOS="1332" VPOS="2680" WIDTH="30" />
<String CONTENT="1934." HEIGHT="49" HPOS="1363" VPOS="2679" WIDTH="148" />
</TextLine>
<TextLine CS="1" HEIGHT="48" HPOS="286" VPOS="2747" WIDTH="840">
<String CONTENT="ix." CS="1" HEIGHT="27" HPOS="286" VPOS="2761" WIDTH="42" />
<SP HEIGHT="38" HPOS="329" VPOS="2750" WIDTH="31" />
<String CONTENT="1252" HEIGHT="38" HPOS="361" VPOS="2748" WIDTH="111" />
<SP HEIGHT="47" HPOS="473" VPOS="2748" WIDTH="28" />
<String CONTENT="p." HEIGHT="35" HPOS="502" VPOS="2760" WIDTH="40" />
<SP HEIGHT="38" HPOS="543" VPOS="2749" WIDTH="55" />
<String CONTENT="front," HEIGHT="38" HPOS="599" VPOS="2749" WIDTH="147" />
<SP HEIGHT="46" HPOS="747" VPOS="2748" WIDTH="29" />
<String CONTENT="(port.)" HEIGHT="47" HPOS="777" VPOS="2747" WIDTH="170" />
<SP HEIGHT="47" HPOS="948" VPOS="2747" WIDTH="65" />
<String CONTENT="25" HEIGHT="39" HPOS="1014" VPOS="2747" WIDTH="54" />
<String CONTENT="cm" CS="1" HEIGHT="20" HPOS="1072" STYLE="superscript" VPOS="2750" WIDTH="15" />
<String CONTENT="." HEIGHT="6" HPOS="1120" VPOS="2778" WIDTH="6" />
</TextLine>
<TextLine CS="1" HEIGHT="49" HPOS="201" VPOS="2801" WIDTH="1481">
<String CONTENT="&#169;" HEIGHT="49" HPOS="201" VPOS="2801" WIDTH="50" />
<SP HEIGHT="49" HPOS="252" VPOS="2801" WIDTH="30" />
<String CONTENT="Nov." HEIGHT="36" HPOS="283" VPOS="2807" WIDTH="115" />
<SP HEIGHT="35" HPOS="399" VPOS="2807" WIDTH="33" />
<String CONTENT="20." HEIGHT="40" HPOS="433" VPOS="2805" WIDTH="67" />
<SP HEIGHT="39" HPOS="501" VPOS="2806" WIDTH="32" />
<String CONTENT="1934:" HEIGHT="39" HPOS="534" VPOS="2804" WIDTH="137" />
<SP HEIGHT="37" HPOS="672" VPOS="2806" WIDTH="34" />
<String CONTENT="2c." HEIGHT="37" HPOS="707" VPOS="2806" WIDTH="63" />
<SP HEIGHT="37" HPOS="771" VPOS="2805" WIDTH="32" />
<String CONTENT="Nov." HEIGHT="38" HPOS="804" VPOS="2805" WIDTH="115" />
<SP HEIGHT="38" HPOS="920" VPOS="2803" WIDTH="31" />
<String CONTENT="23:" HEIGHT="41" HPOS="952" VPOS="2803" WIDTH="80" />
<SP HEIGHT="29" HPOS="1033" VPOS="2815" WIDTH="35" />
<String CONTENT="aff." HEIGHT="38" HPOS="1069" VPOS="2804" WIDTH="77" />
<SP HEIGHT="37" HPOS="1147" VPOS="2805" WIDTH="29" />
<String CONTENT="Nov." HEIGHT="41" HPOS="1177" VPOS="2805" WIDTH="117" />
<SP HEIGHT="39" HPOS="1295" VPOS="2807" WIDTH="30" />
<String CONTENT="22:" HEIGHT="38" HPOS="1326" VPOS="2807" WIDTH="80" />
<SP HEIGHT="38" HPOS="1407" VPOS="2807" WIDTH="34" />
<String CONTENT="A" HEIGHT="37" HPOS="1442" VPOS="2807" WIDTH="39" />
<SP HEIGHT="38" HPOS="1482" VPOS="2807" WIDTH="33" />
<String CONTENT="77340:" HEIGHT="40" HPOS="1516" VPOS="2806" WIDTH="166" />
</TextLine>
<TextLine CS="1" HEIGHT="101" HPOS="268" VPOS="2807" WIDTH="1896">
<String CONTENT="Lawyers" HEIGHT="45" HPOS="1718" VPOS="2807" WIDTH="228" />
<SP HEIGHT="29" HPOS="1947" VPOS="2816" WIDTH="30" />
<String CONTENT="co-operative" HEIGHT="85" HPOS="268" VPOS="2816" WIDTH="1896" />
<SP HEIGHT="37" HPOS="398" VPOS="2871" WIDTH="27" />
<String CONTENT="pub." HEIGHT="46" HPOS="426" VPOS="2862" WIDTH="106" />
<SP HEIGHT="28" HPOS="533" VPOS="2872" WIDTH="29" />
<String CONTENT="co." HEIGHT="29" HPOS="563" VPOS="2871" WIDTH="65" />
</TextLine>
<TextLine HEIGHT="62" HPOS="195" STYLEREFS="StyleId-903DB311-F734-422E-B001-ED1CE8B04CD2-" VPOS="2936" WIDTH="827">
<String CONTENT="Popular" HEIGHT="62" HPOS="195" VPOS="2936" WIDTH="252" />
<SP HEIGHT="36" HPOS="448" VPOS="2953" WIDTH="29" />
<String CONTENT="science" HEIGHT="53" HPOS="478" VPOS="2936" WIDTH="225" />
<SP HEIGHT="35" HPOS="704" VPOS="2953" WIDTH="29" />
<String CONTENT="monthly." HEIGHT="62" HPOS="734" VPOS="2936" WIDTH="288" />
</TextLine>
<TextLine HEIGHT="71" HPOS="266" STYLEREFS="StyleId-90512CCF-C2A4-4694-92EB-007B583A0873-" VPOS="3010" WIDTH="1915">
<String CONTENT="Auto" HEIGHT="51" HPOS="266" VPOS="3011" WIDTH="152" />
<SP HEIGHT="52" HPOS="419" VPOS="3010" WIDTH="25" />
<String CONTENT="kinks;" HEIGHT="64" HPOS="445" VPOS="3010" WIDTH="195" />
<SP HEIGHT="63" HPOS="641" VPOS="3011" WIDTH="28" />
<String CONTENT="handy" HEIGHT="67" HPOS="670" VPOS="3011" WIDTH="193" />
<SP HEIGHT="49" HPOS="864" VPOS="3029" WIDTH="23" />
<String CONTENT="manual" HEIGHT="49" HPOS="888" VPOS="3012" WIDTH="228" />
<SP HEIGHT="51" HPOS="1117" VPOS="3012" WIDTH="26" />
<String CONTENT="of" HEIGHT="52" HPOS="1144" VPOS="3011" WIDTH="62" />
<SP HEIGHT="53" HPOS="1207" VPOS="3011" WIDTH="23" />
<String CONTENT="short" HEIGHT="52" HPOS="1231" VPOS="3012" WIDTH="158" />
<SP HEIGHT="48" HPOS="1390" VPOS="3017" WIDTH="25" />
<String CONTENT="cuts" HEIGHT="48" HPOS="1416" VPOS="3017" WIDTH="120" />
<SP HEIGHT="33" HPOS="1537" VPOS="3032" WIDTH="27" />
<String CONTENT="and" HEIGHT="51" HPOS="1565" VPOS="3014" WIDTH="109" />
<SP HEIGHT="51" HPOS="1675" VPOS="3014" WIDTH="28" />
<String CONTENT="ingenious" HEIGHT="67" HPOS="1704" VPOS="3014" WIDTH="296" />
<SP HEIGHT="33" HPOS="2001" VPOS="3031" WIDTH="29" />
<String CONTENT="ways" HEIGHT="50" HPOS="2031" VPOS="3030" WIDTH="150" />
</TextLine>
<TextLine HEIGHT="72" HPOS="196" STYLEREFS="StyleId-90512CCF-C2A4-4694-92EB-007B583A0873-" VPOS="3087" WIDTH="1982">
<String CONTENT="of" HEIGHT="50" HPOS="196" VPOS="3088" WIDTH="62" />
<SP HEIGHT="51" HPOS="259" VPOS="3087" WIDTH="40" />
<String CONTENT="keeping" HEIGHT="68" HPOS="300" VPOS="3087" WIDTH="244" />
<SP HEIGHT="49" HPOS="545" VPOS="3106" WIDTH="43" />
<String CONTENT="a" HEIGHT="33" HPOS="589" VPOS="3106" WIDTH="29" />
<SP HEIGHT="33" HPOS="619" VPOS="3106" WIDTH="46" />
<String CONTENT="motor" HEIGHT="46" HPOS="666" VPOS="3093" WIDTH="184" />
<SP HEIGHT="33" HPOS="851" VPOS="3106" WIDTH="43" />
<String CONTENT="car" HEIGHT="33" HPOS="895" VPOS="3106" WIDTH="93" />
<SP HEIGHT="49" HPOS="989" VPOS="3089" WIDTH="43" />
<String CONTENT="in" HEIGHT="49" HPOS="1033" VPOS="3089" WIDTH="57" />
<SP HEIGHT="34" HPOS="1091" VPOS="3106" WIDTH="45" />
<String CONTENT="condition" HEIGHT="53" HPOS="1137" VPOS="3088" WIDTH="288" />
<SP HEIGHT="33" HPOS="1426" VPOS="3108" WIDTH="46" />
<String CONTENT="and" HEIGHT="52" HPOS="1473" VPOS="3091" WIDTH="111" />
<SP HEIGHT="52" HPOS="1585" VPOS="3091" WIDTH="47" />
<String CONTENT="doing" HEIGHT="68" HPOS="1633" VPOS="3091" WIDTH="174" />
<SP HEIGHT="51" HPOS="1808" VPOS="3108" WIDTH="46" />
<String CONTENT="emergency" HEIGHT="50" HPOS="1855" VPOS="3107" WIDTH="323" />
</TextLine>
<TextLine HEIGHT="71" HPOS="199" STYLEREFS="StyleId-90512CCF-C2A4-4694-92EB-007B583A0873-" VPOS="3164" WIDTH="1984">
<String CONTENT="repair" HEIGHT="66" HPOS="199" VPOS="3164" WIDTH="185" />
<SP HEIGHT="66" HPOS="385" VPOS="3165" WIDTH="24" />
<String CONTENT="jobs." HEIGHT="66" HPOS="410" VPOS="3165" WIDTH="138" />
<SP HEIGHT="51" HPOS="549" VPOS="3165" WIDTH="63" />
<String CONTENT="Prepared" HEIGHT="66" HPOS="613" VPOS="3165" WIDTH="289" />
<SP HEIGHT="51" HPOS="903" VPOS="3165" WIDTH="27" />
<String CONTENT="by" HEIGHT="63" HPOS="931" VPOS="3165" WIDTH="71" />
<SP HEIGHT="57" HPOS="1003" VPOS="3171" WIDTH="23" />
<String CONTENT="the" HEIGHT="51" HPOS="1027" VPOS="3165" WIDTH="93" />
<SP HEIGHT="32" HPOS="1121" VPOS="3184" WIDTH="26" />
<String CONTENT="editorial" HEIGHT="52" HPOS="1148" VPOS="3166" WIDTH="261" />
<SP HEIGHT="52" HPOS="1410" VPOS="3168" WIDTH="28" />
<String CONTENT="staff" HEIGHT="53" HPOS="1439" VPOS="3167" WIDTH="132" />
<SP HEIGHT="54" HPOS="1572" VPOS="3167" WIDTH="27" />
<String CONTENT="of" HEIGHT="54" HPOS="1600" VPOS="3167" WIDTH="63" />
<SP HEIGHT="53" HPOS="1664" VPOS="3167" WIDTH="25" />
<String CONTENT="Popular" HEIGHT="67" HPOS="1690" VPOS="3168" WIDTH="255" />
<SP HEIGHT="33" HPOS="1946" VPOS="3187" WIDTH="25" />
<String CONTENT="science" HEIGHT="52" HPOS="1972" VPOS="3168" WIDTH="211" />
</TextLine>
<TextLine HEIGHT="73" HPOS="196" STYLEREFS="StyleId-90512CCF-C2A4-4694-92EB-007B583A0873-" VPOS="3241" WIDTH="1985">
<String CONTENT="monthly." HEIGHT="68" HPOS="196" VPOS="3241" WIDTH="272" />
<SP HEIGHT="51" HPOS="469" VPOS="3242" WIDTH="81" />
<String CONTENT="New" HEIGHT="50" HPOS="551" VPOS="3242" WIDTH="136" />
<SP HEIGHT="50" HPOS="688" VPOS="3242" WIDTH="43" />
<String CONTENT="York," HEIGHT="66" HPOS="732" VPOS="3241" WIDTH="178" />
<SP HEIGHT="65" HPOS="911" VPOS="3242" WIDTH="39" />
<String CONTENT="Popular" HEIGHT="66" HPOS="951" VPOS="3242" WIDTH="253" />
<SP HEIGHT="33" HPOS="1205" VPOS="3262" WIDTH="44" />
<String CONTENT="science" HEIGHT="52" HPOS="1250" VPOS="3244" WIDTH="209" />
<SP HEIGHT="48" HPOS="1460" VPOS="3263" WIDTH="46" />
<String CONTENT="publishing" HEIGHT="69" HPOS="1507" VPOS="3245" WIDTH="332" />
<SP HEIGHT="51" HPOS="1840" VPOS="3263" WIDTH="44" />
<String CONTENT="company," HEIGHT="51" HPOS="1885" VPOS="3262" WIDTH="296" />
</TextLine>
<TextLine HEIGHT="66" HPOS="198" STYLEREFS="StyleId-90512CCF-C2A4-4694-92EB-007B583A0873-" VPOS="3318" WIDTH="328">
<String CONTENT="inc." HEIGHT="51" HPOS="198" VPOS="3318" WIDTH="102" />
<SP HEIGHT="33" HPOS="301" VPOS="3350" WIDTH="34" />
<String CONTENT="[" HEIGHT="33" HPOS="336" VPOS="3350" WIDTH="11" />
<String CONTENT="c" HEIGHT="20" HPOS="353" STYLE="superscript" VPOS="3325" WIDTH="17" />
<String CONTENT="1934]" HEIGHT="63" HPOS="376" VPOS="3321" WIDTH="150" />
</TextLine>
<TextLine CS="1" HEIGHT="51" HPOS="270" VPOS="3389" WIDTH="1733">
<String CONTENT="192" HEIGHT="40" HPOS="270" VPOS="3389" WIDTH="82" />
<SP HEIGHT="46" HPOS="353" VPOS="3391" WIDTH="23" />
<String CONTENT="p." HEIGHT="37" HPOS="377" VPOS="3400" WIDTH="42" />
<SP HEIGHT="38" HPOS="420" VPOS="3391" WIDTH="55" />
<String CONTENT="illus." HEIGHT="38" HPOS="476" VPOS="3391" WIDTH="125" />
<SP HEIGHT="37" HPOS="602" VPOS="3391" WIDTH="54" />
<String CONTENT="19&#189;" CS="1" HEIGHT="39" HPOS="657" VPOS="3390" WIDTH="54" />
<String CONTENT="cm" HEIGHT="21" HPOS="744" STYLE="superscript" VPOS="3392" WIDTH="44" />
<String CONTENT="." HEIGHT="6" HPOS="793" VPOS="3423" WIDTH="6" />
<SP HEIGHT="39" HPOS="800" VPOS="3392" WIDTH="67" />
<String CONTENT="(On" HEIGHT="41" HPOS="868" VPOS="3390" WIDTH="91" />
<SP HEIGHT="26" HPOS="960" VPOS="3403" WIDTH="30" />
<String CONTENT="cove)&#183;:" HEIGHT="29" HPOS="991" VPOS="3402" WIDTH="153" />
<SP HEIGHT="38" HPOS="1145" VPOS="3392" WIDTH="26" />
<String CONTENT="Handyman's" HEIGHT="46" HPOS="1172" VPOS="3392" WIDTH="331" />
<SP HEIGHT="29" HPOS="1504" VPOS="3405" WIDTH="28" />
<String CONTENT="modern" HEIGHT="38" HPOS="1533" VPOS="3397" WIDTH="194" />
<SP HEIGHT="29" HPOS="1728" VPOS="3405" WIDTH="28" />
<String CONTENT="manuals)" HEIGHT="46" HPOS="1757" VPOS="3394" WIDTH="246" />
</TextLine>
<TextLine CS="1" HEIGHT="56" HPOS="200" VPOS="3445" WIDTH="1978">
<String CONTENT="&#169;" HEIGHT="50" HPOS="200" VPOS="3445" WIDTH="50" />
<SP HEIGHT="50" HPOS="251" VPOS="3445" WIDTH="27" />
<String CONTENT="Sept.," CS="1" HEIGHT="43" HPOS="279" VPOS="3452" WIDTH="125" />
<SP />
<String CONTENT="18." CS="1" HEIGHT="7" HPOS="490" VPOS="3480" WIDTH="6" />
<SP HEIGHT="37" HPOS="497" VPOS="3450" WIDTH="26" />
<String CONTENT="1934." HEIGHT="39" HPOS="524" VPOS="3449" WIDTH="138" />
<SP HEIGHT="38" HPOS="663" VPOS="3450" WIDTH="27" />
<String CONTENT="2c." HEIGHT="38" HPOS="691" VPOS="3450" WIDTH="64" />
<SP HEIGHT="28" HPOS="756" VPOS="3460" WIDTH="26" />
<String CONTENT="and" HEIGHT="36" HPOS="783" VPOS="3451" WIDTH="92" />
<SP HEIGHT="36" HPOS="876" VPOS="3451" WIDTH="24" />
<String CONTENT="aff." HEIGHT="37" HPOS="901" VPOS="3450" WIDTH="80" />
<SP HEIGHT="37" HPOS="982" VPOS="3450" WIDTH="27" />
<String CONTENT="Oct." HEIGHT="39" HPOS="1010" VPOS="3450" WIDTH="98" />
<SP HEIGHT="36" HPOS="1109" VPOS="3452" WIDTH="27" />
<String CONTENT="19:" HEIGHT="40" HPOS="1137" VPOS="3449" WIDTH="79" />
<SP HEIGHT="37" HPOS="1217" VPOS="3453" WIDTH="27" />
<String CONTENT="A" HEIGHT="37" HPOS="1245" VPOS="3453" WIDTH="40" />
<SP HEIGHT="37" HPOS="1286" VPOS="3453" WIDTH="25" />
<String CONTENT="76642:" HEIGHT="39" HPOS="1312" VPOS="3452" WIDTH="168" />
<SP HEIGHT="37" HPOS="1481" VPOS="3454" WIDTH="30" />
<String CONTENT="Popular" HEIGHT="47" HPOS="1512" VPOS="3454" WIDTH="210" />
<SP HEIGHT="27" HPOS="1723" VPOS="3465" WIDTH="27" />
<String CONTENT="science" HEIGHT="39" HPOS="1751" VPOS="3454" WIDTH="184" />
<SP HEIGHT="36" HPOS="1936" VPOS="3464" WIDTH="25" />
<String CONTENT="pub." HEIGHT="46" HPOS="1962" VPOS="3454" WIDTH="107" />
<SP HEIGHT="28" HPOS="2070" VPOS="3465" WIDTH="28" />
<String CONTENT="co.," HEIGHT="33" HPOS="2099" VPOS="3463" WIDTH="79" />
</TextLine>
<TextLine HEIGHT="39" HPOS="268" VPOS="3504" WIDTH="435">
<String CONTENT="inc." HEIGHT="36" HPOS="268" VPOS="3506" WIDTH="88" />
<SP HEIGHT="36" HPOS="357" VPOS="3506" WIDTH="70" />
<String CONTENT="(34-36429)" HEIGHT="39" HPOS="428" VPOS="3504" WIDTH="275" />
</TextLine>
<TextLine CS="1" HEIGHT="151" HPOS="196" STYLEREFS="StyleId-90512CCF-C2A4-4694-92EB-007B583A0873-" VPOS="3576" WIDTH="1984">
<String CONTENT="Radio" HEIGHT="52" HPOS="266" VPOS="3576" WIDTH="183" />
<SP HEIGHT="32" HPOS="450" VPOS="3596" WIDTH="34" />
<String CONTENT="experimenter" HEIGHT="66" HPOS="485" VPOS="3577" WIDTH="410" />
<SP HEIGHT="33" HPOS="896" VPOS="3596" WIDTH="32" />
<String CONTENT="and" HEIGHT="51" HPOS="929" VPOS="3578" WIDTH="109" />
<SP HEIGHT="52" HPOS="1039" VPOS="3578" WIDTH="30" />
<String CONTENT="builder;" HEIGHT="67" HPOS="1070" VPOS="3578" WIDTH="249" />
<SP HEIGHT="63" HPOS="1320" VPOS="3582" WIDTH="35" />
<String CONTENT="long" HEIGHT="68" HPOS="1356" VPOS="3582" WIDTH="136" />
<SP HEIGHT="51" HPOS="1493" VPOS="3599" WIDTH="33" />
<String CONTENT="and" HEIGHT="52" HPOS="1527" VPOS="3583" WIDTH="109" />
<SP HEIGHT="53" HPOS="1637" VPOS="3583" WIDTH="35" />
<String CONTENT="short" HEIGHT="52" HPOS="1673" VPOS="3584" WIDTH="158" />
<SP HEIGHT="48" HPOS="1832" VPOS="3588" WIDTH="31" />
<String CONTENT="wave" HEIGHT="34" HPOS="1864" VPOS="3600" WIDTH="155" />
<SP HEIGHT="34" HPOS="2020" VPOS="3600" WIDTH="33" />
<String CONTENT="construction" HEIGHT="106" HPOS="196" VPOS="3598" WIDTH="1960" />
<SP HEIGHT="32" HPOS="471" VPOS="3672" WIDTH="32" />
<String CONTENT="and" HEIGHT="49" HPOS="504" VPOS="3655" WIDTH="106" />
<SP HEIGHT="49" HPOS="611" VPOS="3655" WIDTH="37" />
<String CONTENT="repairs" HEIGHT="65" HPOS="649" VPOS="3655" WIDTH="216" />
<SP HEIGHT="53" HPOS="866" VPOS="3654" WIDTH="30" />
<String CONTENT="for" HEIGHT="52" HPOS="897" VPOS="3654" WIDTH="92" />
<SP HEIGHT="33" HPOS="990" VPOS="3674" WIDTH="31" />
<String CONTENT="everybody." HEIGHT="67" HPOS="1022" VPOS="3657" WIDTH="332" />
<SP HEIGHT="50" HPOS="1355" VPOS="3660" WIDTH="68" />
<String CONTENT="Tests," HEIGHT="67" HPOS="1424" VPOS="3660" WIDTH="178" />
<SP HEIGHT="67" HPOS="1603" VPOS="3660" WIDTH="28" />
<String CONTENT="kinks," HEIGHT="67" HPOS="1632" VPOS="3660" WIDTH="185" />
<SP HEIGHT="46" HPOS="1818" VPOS="3681" WIDTH="32" />
<String CONTENT="short" HEIGHT="52" HPOS="1851" VPOS="3661" WIDTH="155" />
<SP HEIGHT="46" HPOS="2007" VPOS="3665" WIDTH="34" />
<String CONTENT="cuts," HEIGHT="60" HPOS="2042" VPOS="3662" WIDTH="138" />
</TextLine>
<TextLine CS="1" HEIGHT="150" HPOS="199" STYLEREFS="StyleId-90512CCF-C2A4-4694-92EB-007B583A0873-" VPOS="3731" WIDTH="1980">
<String CONTENT="practical" HEIGHT="61" HPOS="199" VPOS="3732" WIDTH="265" />
<SP HEIGHT="48" HPOS="465" VPOS="3732" WIDTH="31" />
<String CONTENT="hints" HEIGHT="50" HPOS="497" VPOS="3731" WIDTH="150" />
<SP HEIGHT="49" HPOS="648" VPOS="3731" WIDTH="29" />
<String CONTENT="for" HEIGHT="50" HPOS="678" VPOS="3731" WIDTH="89" />
<SP HEIGHT="51" HPOS="768" VPOS="3731" WIDTH="25" />
<String CONTENT="beginner," HEIGHT="67" HPOS="794" VPOS="3731" WIDTH="285" />
<SP HEIGHT="33" HPOS="1080" VPOS="3752" WIDTH="26" />
<String CONTENT="serviceman," HEIGHT="69" HPOS="1107" VPOS="3734" WIDTH="358" />
<SP HEIGHT="61" HPOS="1466" VPOS="3742" WIDTH="25" />
<String CONTENT="trouble-shooter." HEIGHT="52" HPOS="1492" VPOS="3737" WIDTH="489" />
<SP HEIGHT="51" HPOS="1982" VPOS="3737" WIDTH="61" />
<String CONTENT="Prepared" HEIGHT="134" HPOS="199" VPOS="3737" WIDTH="1956" />
<SP HEIGHT="51" HPOS="366" VPOS="3807" WIDTH="33" />
<String CONTENT="by" HEIGHT="66" HPOS="400" VPOS="3807" WIDTH="73" />
<SP HEIGHT="61" HPOS="474" VPOS="3812" WIDTH="27" />
<String CONTENT="the" HEIGHT="50" HPOS="502" VPOS="3808" WIDTH="92" />
<SP HEIGHT="33" HPOS="595" VPOS="3825" WIDTH="31" />
<String CONTENT="editorial" HEIGHT="51" HPOS="627" VPOS="3808" WIDTH="260" />
<SP HEIGHT="52" HPOS="888" VPOS="3809" WIDTH="31" />
<String CONTENT="staff" HEIGHT="53" HPOS="920" VPOS="3808" WIDTH="132" />
<SP HEIGHT="53" HPOS="1053" VPOS="3808" WIDTH="28" />
<String CONTENT="of" HEIGHT="52" HPOS="1082" VPOS="3809" WIDTH="64" />
<SP HEIGHT="52" HPOS="1147" VPOS="3809" WIDTH="27" />
<String CONTENT="Popular" HEIGHT="66" HPOS="1175" VPOS="3811" WIDTH="253" />
<SP HEIGHT="32" HPOS="1429" VPOS="3833" WIDTH="29" />
<String CONTENT="science" HEIGHT="53" HPOS="1459" VPOS="3813" WIDTH="211" />
<SP HEIGHT="33" HPOS="1671" VPOS="3833" WIDTH="27" />
<String CONTENT="monthly." HEIGHT="67" HPOS="1699" VPOS="3814" WIDTH="275" />
<SP HEIGHT="52" HPOS="1975" VPOS="3813" WIDTH="65" />
<String CONTENT="New" HEIGHT="52" HPOS="2041" VPOS="3813" WIDTH="138" />
</TextLine>
<TextLine HEIGHT="74" HPOS="199" STYLEREFS="StyleId-90512CCF-C2A4-4694-92EB-007B583A0873-" VPOS="3884" WIDTH="1767">
<String CONTENT="York." HEIGHT="51" HPOS="199" VPOS="3884" WIDTH="174" />
<SP HEIGHT="50" HPOS="374" VPOS="3885" WIDTH="32" />
<String CONTENT="Popular" HEIGHT="65" HPOS="407" VPOS="3885" WIDTH="253" />
<SP HEIGHT="32" HPOS="661" VPOS="3903" WIDTH="30" />
<String CONTENT="science" HEIGHT="52" HPOS="692" VPOS="3885" WIDTH="209" />
<SP HEIGHT="49" HPOS="902" VPOS="3903" WIDTH="35" />
<String CONTENT="publishing" HEIGHT="70" HPOS="938" VPOS="3886" WIDTH="328" />
<SP HEIGHT="50" HPOS="1267" VPOS="3906" WIDTH="32" />
<String CONTENT="company," HEIGHT="51" HPOS="1300" VPOS="3907" WIDTH="294" />
<SP HEIGHT="66" HPOS="1595" VPOS="3891" WIDTH="33" />
<String CONTENT="inc." HEIGHT="53" HPOS="1629" VPOS="3891" WIDTH="105" />
<SP HEIGHT="31" HPOS="1735" VPOS="3925" WIDTH="40" />
<String CONTENT="[" HEIGHT="31" HPOS="1776" STYLE="subscript" VPOS="3925" WIDTH="13" />
<String CONTENT="c" HEIGHT="22" HPOS="1793" STYLE="superscript" VPOS="3897" WIDTH="18" />
<String CONTENT="1934" HEIGHT="50" HPOS="1817" VPOS="3894" WIDTH="134" />
<String CONTENT="]" HEIGHT="33" HPOS="1956" STYLE="subscript" VPOS="3925" WIDTH="10" />
</TextLine>
</TextBlock>
</PrintSpace>
</Page>
</Layout>
</alto>