<alto xmlns="http://www.loc.gov/standards/alto/ns-v3#" xmlns:xsi="http://www.w3.org/2001/XMLSchema-instance" xsi:schemaLocation="http://www.loc.gov/standards/alto/ns-v3# http://www.loc.gov/alto/v3/alto-3-0.xsd"><Description>
<MeasurementUnit>pixel</MeasurementUnit>
<sourceImageInformation>
<fileName>1934_v1_Part1.pdf</fileName>
</sourceImageInformation>
<OCRProcessing ID="IdOcr">
<ocrProcessingStep>
<processingDateTime>2019-01-10</processingDateTime>
<processingSoftware>
<softwareCreator>ABBYY</softwareCreator>
<softwareName>ABBYY Recognition Server</softwareName>
<softwareVersion>4.0</softwareVersion>
</processingSoftware>
</ocrProcessingStep>
</OCRProcessing>
</Description>
<Styles>
<ParagraphStyle ALIGN="Left" FIRSTLINE="0." ID="StyleId-FFFFFFFF-FFFF-FFFF-FFFF-FFFFFFFFFFFF-" LEFT="0." RIGHT="0." />
<ParagraphStyle ALIGN="Right" FIRSTLINE="0." ID="StyleId-521E1FC6-FE7E-43A4-90E6-A9B61626A263-" LEFT="0." LINESPACE="13.30000019" RIGHT="0." />
<ParagraphStyle ALIGN="Left" FIRSTLINE="-27." ID="StyleId-639B624E-F6F5-47B6-BB1D-34E64B53022F-" LEFT="0." LINESPACE="13.43999958" RIGHT="0." />
<ParagraphStyle ALIGN="Left" FIRSTLINE="0." ID="StyleId-100905F9-D385-406B-A5BD-ED5B8FD85431-" LEFT="0." RIGHT="0." />
<ParagraphStyle ALIGN="Left" FIRSTLINE="-27." ID="StyleId-7C9F9BA2-EF3A-4B7F-8486-CCC7B7F49B39-" LEFT="0." LINESPACE="18.71999931" RIGHT="0." />
<ParagraphStyle ALIGN="Block" FIRSTLINE="-27." ID="StyleId-350780E3-60F2-4605-88F5-BB54F9B87091-" LEFT="0." LINESPACE="18.71999931" RIGHT="0." />
<ParagraphStyle ALIGN="Left" FIRSTLINE="0." ID="StyleId-90B16C58-D795-4C77-9B89-30378C515D40-" LEFT="0." LINESPACE="14.39999962" RIGHT="0." />
<ParagraphStyle ALIGN="Right" FIRSTLINE="-27." ID="StyleId-17090E09-AFAF-4086-BD9B-4E99FAE6B057-" LEFT="0." LINESPACE="14.39999962" RIGHT="0." />
<ParagraphStyle ALIGN="Left" FIRSTLINE="-27." ID="StyleId-8B87B633-89DB-4D72-B1FC-26E4ABD680BC-" LEFT="0." LINESPACE="18.47999954" RIGHT="0." />
<ParagraphStyle ALIGN="Left" FIRSTLINE="0." ID="StyleId-42DA7417-CA90-4D71-A57B-06556C38D752-" LEFT="0." LINESPACE="13.30000019" RIGHT="0." />
<ParagraphStyle ALIGN="Block" FIRSTLINE="0." ID="StyleId-D8EE2A7E-42AE-4E35-98DB-F0F935637AA0-" LEFT="0." LINESPACE="6.599999905" RIGHT="0." />
<ParagraphStyle ALIGN="Left" FIRSTLINE="0." ID="StyleId-33CD3121-D4F5-43B6-BA96-6382D166E6B8-" LEFT="0." LINESPACE="15.5" RIGHT="0." />
<ParagraphStyle ALIGN="Block" FIRSTLINE="-21." ID="StyleId-1CE52AFA-C319-4DD9-B4B1-F0EBFA2B3F0B-" LEFT="0." LINESPACE="18.71999931" RIGHT="0." />
<ParagraphStyle ALIGN="Left" FIRSTLINE="0." ID="StyleId-B74F1B65-92F1-49C5-A5FA-D20442F031F2-" LEFT="0." LINESPACE="17.70006076" RIGHT="0." />
<ParagraphStyle ALIGN="Center" FIRSTLINE="0." ID="StyleId-79E2924A-215C-40B7-B577-7236BFBAA25E-" LEFT="0." LINESPACE="7.199999809" RIGHT="0." />
</Styles>
<Layout>
<Page HEIGHT="4196" ID="Page840" PHYSICAL_IMG_NR="840" WIDTH="2350">
<TopMargin HEIGHT="327" HPOS="0" VPOS="0" WIDTH="2350">
</TopMargin>
<LeftMargin HEIGHT="3660" HPOS="0" VPOS="327" WIDTH="201">
</LeftMargin>
<RightMargin HEIGHT="3660" HPOS="2213" VPOS="327" WIDTH="137">
</RightMargin>
<BottomMargin HEIGHT="209" HPOS="0" VPOS="3987" WIDTH="2350">
<TextBlock HEIGHT="61" HPOS="1153" ID="Page840_Block1" LANG="en-US" STYLEREFS="StyleId-FBC8C7F8-6DE5-4532-A4BA-C91E3FD144BF-" VPOS="3994" WIDTH="110">
<TextLine HEIGHT="48" HPOS="1159" VPOS="4000" WIDTH="98">
<String CONTENT="840" HEIGHT="48" HPOS="1159" VPOS="4000" WIDTH="98" />
</TextLine>
</TextBlock>
</BottomMargin>
<PrintSpace HEIGHT="3660" HPOS="201" VPOS="327" WIDTH="2012">
<TextBlock CS="1" HEIGHT="3660" HPOS="201" ID="Page840_Block2" LANG="en-US" STYLEREFS="StyleId-50C276FA-4293-4B43-95F4-CB6FB013599F-" VPOS="327" WIDTH="2012">
<TextLine HEIGHT="51" HPOS="289" VPOS="406" WIDTH="334">
<String CONTENT="285" HEIGHT="42" HPOS="289" VPOS="406" WIDTH="87" />
<SP HEIGHT="49" HPOS="377" VPOS="408" WIDTH="28" />
<String CONTENT="p." HEIGHT="37" HPOS="406" VPOS="420" WIDTH="42" />
<SP HEIGHT="39" HPOS="449" VPOS="408" WIDTH="59" />
<String CONTENT="19" HEIGHT="41" HPOS="509" VPOS="407" WIDTH="55" />
<String CONTENT="cm" HEIGHT="20" HPOS="567" STYLE="superscript" VPOS="411" WIDTH="43" />
<String CONTENT="." HEIGHT="8" HPOS="616" VPOS="440" WIDTH="7" />
</TextLine>
<TextLine CS="1" HEIGHT="52" HPOS="222" VPOS="472" WIDTH="1981">
<String CONTENT="&#169;" HEIGHT="51" HPOS="222" VPOS="472" WIDTH="50" />
<SP HEIGHT="51" HPOS="273" VPOS="472" WIDTH="32" />
<String CONTENT="June" HEIGHT="39" HPOS="306" VPOS="477" WIDTH="125" />
<SP HEIGHT="40" HPOS="432" VPOS="476" WIDTH="29" />
<String CONTENT="29," HEIGHT="48" HPOS="462" VPOS="476" WIDTH="68" />
<SP HEIGHT="46" HPOS="531" VPOS="478" WIDTH="32" />
<String CONTENT="1934;" HEIGHT="46" HPOS="564" VPOS="477" WIDTH="139" />
<SP HEIGHT="45" HPOS="704" VPOS="478" WIDTH="33" />
<String CONTENT="2c." HEIGHT="39" HPOS="738" VPOS="478" WIDTH="66" />
<SP HEIGHT="39" HPOS="805" VPOS="478" WIDTH="32" />
<String CONTENT="June" HEIGHT="39" HPOS="838" VPOS="478" WIDTH="126" />
<SP HEIGHT="39" HPOS="965" VPOS="478" WIDTH="29" />
<String CONTENT="30;" CS="1" HEIGHT="41" HPOS="995" VPOS="476" WIDTH="56" />
<SP HEIGHT="36" HPOS="1077" VPOS="487" WIDTH="35" />
<String CONTENT="aff." HEIGHT="40" HPOS="1113" VPOS="476" WIDTH="79" />
<SP HEIGHT="39" HPOS="1193" VPOS="477" WIDTH="33" />
<String CONTENT="July" HEIGHT="47" HPOS="1227" VPOS="477" WIDTH="115" />
<SP HEIGHT="47" HPOS="1343" VPOS="477" WIDTH="31" />
<String CONTENT="3;" HEIGHT="45" HPOS="1375" VPOS="477" WIDTH="51" />
<SP HEIGHT="47" HPOS="1427" VPOS="475" WIDTH="35" />
<String CONTENT="A" HEIGHT="40" HPOS="1463" VPOS="475" WIDTH="41" />
<SP HEIGHT="41" HPOS="1505" VPOS="475" WIDTH="28" />
<String CONTENT="73292;" HEIGHT="46" HPOS="1534" VPOS="476" WIDTH="168" />
<SP HEIGHT="45" HPOS="1703" VPOS="477" WIDTH="34" />
<String CONTENT="William" HEIGHT="40" HPOS="1738" VPOS="476" WIDTH="216" />
<SP HEIGHT="40" HPOS="1955" VPOS="477" WIDTH="33" />
<String CONTENT="Godwin," HEIGHT="49" HPOS="1989" VPOS="474" WIDTH="214" />
</TextLine>
<TextLine HEIGHT="50" HPOS="291" VPOS="532" WIDTH="439">
<String CONTENT="inc." HEIGHT="41" HPOS="291" VPOS="532" WIDTH="90" />
<SP HEIGHT="47" HPOS="382" VPOS="534" WIDTH="69" />
<String CONTENT="(34-18191)" HEIGHT="50" HPOS="452" VPOS="532" WIDTH="278" />
</TextLine>
<TextLine HEIGHT="63" HPOS="215" STYLEREFS="StyleId-463C5C2F-CDEE-414D-B7CA-693456488EAC-" VPOS="637" WIDTH="721">
<String CONTENT="Yates," HEIGHT="63" HPOS="215" VPOS="637" WIDTH="203" />
<SP HEIGHT="62" HPOS="419" VPOS="638" WIDTH="29" />
<String CONTENT="Elizabeth" HEIGHT="54" HPOS="449" VPOS="637" WIDTH="306" />
<SP HEIGHT="52" HPOS="756" VPOS="638" WIDTH="28" />
<String CONTENT="Hall." HEIGHT="56" HPOS="785" VPOS="638" WIDTH="151" />
</TextLine>
<TextLine CS="1" HEIGHT="66" HPOS="349" STYLEREFS="StyleId-57366F39-B6BB-4B98-8B62-E5C4516CDAAD-" VPOS="714" WIDTH="1688">
<String CONTENT="&#8230;" CS="1" />
<SP HEIGHT="51" HPOS="349" VPOS="716" WIDTH="37" />
<String CONTENT="Interval" HEIGHT="52" HPOS="387" VPOS="715" WIDTH="256" />
<SP HEIGHT="51" HPOS="644" VPOS="715" WIDTH="31" />
<String CONTENT="in" HEIGHT="50" HPOS="676" VPOS="716" WIDTH="57" />
<SP HEIGHT="50" HPOS="734" VPOS="717" WIDTH="35" />
<String CONTENT="Eden." HEIGHT="51" HPOS="770" VPOS="717" WIDTH="176" />
<SP HEIGHT="51" HPOS="947" VPOS="716" WIDTH="75" />
<String CONTENT="New" HEIGHT="52" HPOS="1023" VPOS="716" WIDTH="136" />
<SP HEIGHT="50" HPOS="1160" VPOS="717" WIDTH="31" />
<String CONTENT="York," HEIGHT="64" HPOS="1192" VPOS="714" WIDTH="178" />
<SP HEIGHT="62" HPOS="1371" VPOS="716" WIDTH="31" />
<String CONTENT="R." HEIGHT="51" HPOS="1403" LANG="fr" VPOS="716" WIDTH="66" />
<SP HEIGHT="51" HPOS="1470" VPOS="716" WIDTH="33" />
<String CONTENT="D." HEIGHT="51" HPOS="1504" VPOS="716" WIDTH="70" />
<SP HEIGHT="50" HPOS="1575" VPOS="716" WIDTH="31" />
<String CONTENT="Henkle" HEIGHT="52" HPOS="1607" VPOS="714" WIDTH="224" />
<SP HEIGHT="47" HPOS="1832" VPOS="733" WIDTH="38" />
<String CONTENT="[" HEIGHT="31" HPOS="1871" STYLE="subscript" VPOS="749" WIDTH="11" />
<String CONTENT="c" HEIGHT="20" HPOS="1888" STYLE="superscript" VPOS="721" WIDTH="15" />
<String CONTENT="1934]" CS="1" HEIGHT="48" HPOS="1912" VPOS="719" WIDTH="125" />
</TextLine>
<TextLine CS="1" HEIGHT="49" HPOS="292" VPOS="786" WIDTH="360">
<String CONTENT="287" HEIGHT="40" HPOS="292" VPOS="787" WIDTH="83" />
<SP HEIGHT="47" HPOS="376" VPOS="788" WIDTH="28" />
<String CONTENT="p." HEIGHT="37" HPOS="405" VPOS="798" WIDTH="42" />
<SP HEIGHT="39" HPOS="448" VPOS="788" WIDTH="60" />
<String CONTENT="19&#189;" CS="1" HEIGHT="40" HPOS="509" VPOS="786" WIDTH="56" />
<String CONTENT="cm" HEIGHT="21" HPOS="595" STYLE="superscript" VPOS="789" WIDTH="44" />
<String CONTENT="." HEIGHT="8" HPOS="644" VPOS="819" WIDTH="8" />
</TextLine>
<TextLine CS="1" HEIGHT="53" HPOS="223" VPOS="852" WIDTH="1931">
<String CONTENT="&#169;" HEIGHT="51" HPOS="223" VPOS="854" WIDTH="51" />
<SP HEIGHT="51" HPOS="275" VPOS="854" WIDTH="34" />
<String CONTENT="May" HEIGHT="45" HPOS="310" VPOS="860" WIDTH="113" />
<SP HEIGHT="46" HPOS="424" VPOS="859" WIDTH="29" />
<String CONTENT="31," HEIGHT="46" HPOS="454" VPOS="859" WIDTH="68" />
<SP HEIGHT="45" HPOS="523" VPOS="860" WIDTH="33" />
<String CONTENT="1934;" HEIGHT="43" HPOS="557" VPOS="858" WIDTH="139" />
<SP HEIGHT="41" HPOS="697" VPOS="860" WIDTH="35" />
<String CONTENT="2c." HEIGHT="39" HPOS="733" VPOS="860" WIDTH="66" />
<SP HEIGHT="39" HPOS="800" VPOS="860" WIDTH="33" />
<String CONTENT="June" HEIGHT="40" HPOS="834" VPOS="860" WIDTH="126" />
<SP HEIGHT="40" HPOS="961" VPOS="860" WIDTH="23" />
<String CONTENT="28;" HEIGHT="45" HPOS="985" VPOS="860" WIDTH="87" />
<SP HEIGHT="35" HPOS="1073" VPOS="870" WIDTH="36" />
<String CONTENT="aff." HEIGHT="39" HPOS="1110" VPOS="859" WIDTH="80" />
<SP HEIGHT="39" HPOS="1191" VPOS="859" WIDTH="34" />
<String CONTENT="July" HEIGHT="46" HPOS="1226" VPOS="859" WIDTH="115" />
<SP HEIGHT="47" HPOS="1342" VPOS="858" WIDTH="32" />
<String CONTENT="11;" HEIGHT="46" HPOS="1375" VPOS="858" WIDTH="80" />
<SP HEIGHT="46" HPOS="1456" VPOS="858" WIDTH="36" />
<String CONTENT="A" HEIGHT="38" HPOS="1493" VPOS="858" WIDTH="40" />
<SP HEIGHT="40" HPOS="1534" VPOS="858" WIDTH="33" />
<String CONTENT="73375;" CS="1" HEIGHT="40" HPOS="1568" VPOS="858" WIDTH="141" />
<SP HEIGHT="45" HPOS="1736" VPOS="859" WIDTH="37" />
<String CONTENT="E." HEIGHT="38" HPOS="1774" VPOS="859" WIDTH="50" />
<SP HEIGHT="39" HPOS="1825" VPOS="859" WIDTH="36" />
<String CONTENT="H." HEIGHT="40" HPOS="1862" VPOS="859" WIDTH="59" />
<SP HEIGHT="40" HPOS="1922" VPOS="859" WIDTH="33" />
<String CONTENT="Yates," HEIGHT="46" HPOS="1956" VPOS="859" WIDTH="161" />
<SP HEIGHT="53" HPOS="2118" VPOS="852" WIDTH="36" />
<String CONTENT="&#8453;" CS="1" />
</TextLine>
<TextLine HEIGHT="47" HPOS="290" VPOS="915" WIDTH="1072">
<String CONTENT="Rae" HEIGHT="40" HPOS="290" VPOS="915" WIDTH="101" />
<SP HEIGHT="39" HPOS="392" VPOS="916" WIDTH="25" />
<String CONTENT="D." HEIGHT="38" HPOS="418" VPOS="916" WIDTH="55" />
<SP HEIGHT="39" HPOS="474" VPOS="915" WIDTH="26" />
<String CONTENT="Henkle," HEIGHT="46" HPOS="501" VPOS="915" WIDTH="201" />
<SP HEIGHT="44" HPOS="703" VPOS="917" WIDTH="26" />
<String CONTENT="New" HEIGHT="38" HPOS="730" VPOS="917" WIDTH="115" />
<SP HEIGHT="37" HPOS="846" VPOS="917" WIDTH="24" />
<String CONTENT="York." HEIGHT="38" HPOS="871" VPOS="917" WIDTH="141" />
<SP HEIGHT="46" HPOS="1013" VPOS="916" WIDTH="71" />
<String CONTENT="(34-19929)" HEIGHT="47" HPOS="1085" VPOS="915" WIDTH="277" />
</TextLine>
<TextLine HEIGHT="68" HPOS="214" STYLEREFS="StyleId-463C5C2F-CDEE-414D-B7CA-693456488EAC-" VPOS="1015" WIDTH="757">
<String CONTENT="Zeitlin," HEIGHT="66" HPOS="214" VPOS="1015" WIDTH="229" />
<SP HEIGHT="63" HPOS="444" VPOS="1018" WIDTH="33" />
<String CONTENT="Solomon," HEIGHT="67" HPOS="478" VPOS="1016" WIDTH="287" />
<SP HEIGHT="61" HPOS="766" VPOS="1022" WIDTH="37" />
<String CONTENT="1892-" HEIGHT="48" HPOS="804" VPOS="1022" WIDTH="167" />
</TextLine>
<TextLine CS="1" HEIGHT="69" HPOS="293" STYLEREFS="StyleId-57366F39-B6BB-4B98-8B62-E5C4516CDAAD-" VPOS="1092" WIDTH="1678">
<String CONTENT="The" HEIGHT="52" HPOS="293" VPOS="1094" WIDTH="120" />
<SP HEIGHT="51" HPOS="414" VPOS="1094" WIDTH="45" />
<String CONTENT="history" HEIGHT="69" HPOS="460" VPOS="1092" WIDTH="218" />
<SP HEIGHT="48" HPOS="679" VPOS="1113" WIDTH="45" />
<String CONTENT="of" HEIGHT="52" HPOS="725" VPOS="1094" WIDTH="63" />
<SP HEIGHT="52" HPOS="789" VPOS="1094" WIDTH="42" />
<String CONTENT="the" HEIGHT="53" HPOS="832" VPOS="1095" WIDTH="95" />
<SP HEIGHT="33" HPOS="928" VPOS="1115" WIDTH="45" />
<String CONTENT="second" HEIGHT="53" HPOS="974" VPOS="1094" WIDTH="199" />
<SP HEIGHT="52" HPOS="1174" VPOS="1094" WIDTH="46" />
<String CONTENT="Jewish" HEIGHT="53" HPOS="1221" VPOS="1093" WIDTH="214" />
<SP HEIGHT="51" HPOS="1436" VPOS="1093" WIDTH="46" />
<String CONTENT="commonwealth;" HEIGHT="66" HPOS="1483" VPOS="1093" WIDTH="488" />
</TextLine>
<TextLine CS="1" HEIGHT="148" HPOS="224" STYLEREFS="StyleId-57366F39-B6BB-4B98-8B62-E5C4516CDAAD-" VPOS="1092" WIDTH="1981">
<String CONTENT="prolegomena," HEIGHT="148" HPOS="224" VPOS="1092" WIDTH="1955" />
<SP HEIGHT="68" HPOS="477" VPOS="1172" WIDTH="24" />
<String CONTENT="by" HEIGHT="68" HPOS="502" VPOS="1172" WIDTH="74" />
<SP HEIGHT="69" HPOS="577" VPOS="1171" WIDTH="24" />
<String CONTENT="Solomon" HEIGHT="54" HPOS="602" VPOS="1171" WIDTH="265" />
<SP HEIGHT="50" HPOS="868" VPOS="1173" WIDTH="24" />
<String CONTENT="Zeitlin," HEIGHT="69" HPOS="893" VPOS="1171" WIDTH="222" />
<SP HEIGHT="51" HPOS="1116" VPOS="1189" WIDTH="21" />
<String CONTENT="PH." CS="1" />
<SP />
<String CONTENT="D." CS="1" />
<SP HEIGHT="53" HPOS="1310" VPOS="1171" WIDTH="63" />
<String CONTENT="Philadelphia," HEIGHT="68" HPOS="1374" VPOS="1170" WIDTH="421" />
<SP HEIGHT="65" HPOS="1796" VPOS="1172" WIDTH="22" />
<String CONTENT="The" HEIGHT="50" HPOS="1819" VPOS="1172" WIDTH="120" />
<SP HEIGHT="51" HPOS="1940" VPOS="1171" WIDTH="23" />
<String CONTENT="Dropsie" HEIGHT="67" HPOS="1964" VPOS="1171" WIDTH="241" />
</TextLine>
<TextLine HEIGHT="68" HPOS="224" STYLEREFS="StyleId-57366F39-B6BB-4B98-8B62-E5C4516CDAAD-" VPOS="1249" WIDTH="1479">
<String CONTENT="college" HEIGHT="68" HPOS="224" VPOS="1249" WIDTH="207" />
<SP HEIGHT="51" HPOS="432" VPOS="1250" WIDTH="26" />
<String CONTENT="for" HEIGHT="53" HPOS="459" VPOS="1250" WIDTH="92" />
<SP HEIGHT="51" HPOS="552" VPOS="1250" WIDTH="25" />
<String CONTENT="Hebrew" HEIGHT="53" HPOS="578" VPOS="1250" WIDTH="242" />
<SP HEIGHT="32" HPOS="821" VPOS="1269" WIDTH="27" />
<String CONTENT="and" HEIGHT="51" HPOS="849" VPOS="1250" WIDTH="111" />
<SP HEIGHT="52" HPOS="961" VPOS="1250" WIDTH="27" />
<String CONTENT="cognate" HEIGHT="62" HPOS="989" VPOS="1255" WIDTH="234" />
<SP HEIGHT="51" HPOS="1224" VPOS="1249" WIDTH="24" />
<String CONTENT="learning," HEIGHT="67" HPOS="1249" VPOS="1249" WIDTH="276" />
<SP HEIGHT="64" HPOS="1526" VPOS="1252" WIDTH="28" />
<String CONTENT="1933." HEIGHT="50" HPOS="1555" VPOS="1251" WIDTH="148" />
</TextLine>
<TextLine CS="1" HEIGHT="48" HPOS="288" STYLEREFS="StyleId-57366F39-B6BB-4B98-8B62-E5C4516CDAAD-" VPOS="1324" WIDTH="436">
<String CONTENT="xii," HEIGHT="45" HPOS="288" VPOS="1324" WIDTH="83" />
<SP HEIGHT="43" HPOS="372" VPOS="1326" WIDTH="27" />
<String CONTENT="78" HEIGHT="40" HPOS="400" VPOS="1324" WIDTH="54" />
<SP HEIGHT="48" HPOS="455" VPOS="1324" WIDTH="27" />
<String CONTENT="p." HEIGHT="37" HPOS="483" VPOS="1335" WIDTH="40" />
<SP HEIGHT="38" HPOS="524" VPOS="1325" WIDTH="56" />
<String CONTENT="23&#189;" CS="1" HEIGHT="40" HPOS="581" VPOS="1325" WIDTH="54" />
<String CONTENT="cm" HEIGHT="21" HPOS="669" STYLE="superscript" VPOS="1327" WIDTH="43" />
<String CONTENT="." HEIGHT="8" HPOS="716" VPOS="1356" WIDTH="8" />
</TextLine>
<TextLine HEIGHT="52" HPOS="222" VPOS="1377" WIDTH="1981">
<String CONTENT="&#169;" HEIGHT="51" HPOS="222" VPOS="1377" WIDTH="50" />
<SP HEIGHT="51" HPOS="273" VPOS="1377" WIDTH="36" />
<String CONTENT="Sept." HEIGHT="47" HPOS="310" VPOS="1382" WIDTH="125" />
<SP HEIGHT="37" HPOS="436" VPOS="1383" WIDTH="32" />
<String CONTENT="11," HEIGHT="45" HPOS="469" VPOS="1383" WIDTH="66" />
<SP HEIGHT="45" HPOS="536" VPOS="1383" WIDTH="33" />
<String CONTENT="1933;" HEIGHT="41" HPOS="570" VPOS="1382" WIDTH="138" />
<SP HEIGHT="41" HPOS="709" VPOS="1382" WIDTH="34" />
<String CONTENT="2c." HEIGHT="39" HPOS="744" VPOS="1382" WIDTH="66" />
<SP HEIGHT="39" HPOS="811" VPOS="1382" WIDTH="33" />
<String CONTENT="Feb." HEIGHT="39" HPOS="845" VPOS="1382" WIDTH="108" />
<SP HEIGHT="37" HPOS="954" VPOS="1383" WIDTH="33" />
<String CONTENT="12," HEIGHT="45" HPOS="988" VPOS="1382" WIDTH="68" />
<SP HEIGHT="44" HPOS="1057" VPOS="1383" WIDTH="32" />
<String CONTENT="1934;" HEIGHT="45" HPOS="1090" VPOS="1381" WIDTH="138" />
<SP HEIGHT="34" HPOS="1229" VPOS="1392" WIDTH="36" />
<String CONTENT="aff." HEIGHT="41" HPOS="1266" VPOS="1380" WIDTH="80" />
<SP HEIGHT="40" HPOS="1347" VPOS="1381" WIDTH="33" />
<String CONTENT="June" HEIGHT="39" HPOS="1381" VPOS="1381" WIDTH="128" />
<SP HEIGHT="38" HPOS="1510" VPOS="1382" WIDTH="29" />
<String CONTENT="23;" HEIGHT="44" HPOS="1540" VPOS="1381" WIDTH="80" />
<SP HEIGHT="43" HPOS="1621" VPOS="1382" WIDTH="33" />
<String CONTENT="A" HEIGHT="39" HPOS="1655" VPOS="1382" WIDTH="44" />
<SP HEIGHT="39" HPOS="1700" VPOS="1382" WIDTH="27" />
<String CONTENT="73189;" HEIGHT="47" HPOS="1728" VPOS="1380" WIDTH="168" />
<SP HEIGHT="46" HPOS="1897" VPOS="1381" WIDTH="39" />
<String CONTENT="S." HEIGHT="40" HPOS="1937" VPOS="1381" WIDTH="42" />
<SP HEIGHT="38" HPOS="1980" VPOS="1381" WIDTH="35" />
<String CONTENT="Zeitlin," HEIGHT="48" HPOS="2016" VPOS="1379" WIDTH="187" />
</TextLine>
<TextLine HEIGHT="47" HPOS="288" VPOS="1439" WIDTH="700">
<String CONTENT="Philadelphia." HEIGHT="47" HPOS="288" VPOS="1439" WIDTH="352" />
<SP HEIGHT="47" HPOS="641" VPOS="1439" WIDTH="70" />
<String CONTENT="(34-18506)" HEIGHT="47" HPOS="712" VPOS="1439" WIDTH="276" />
</TextLine>
<TextLine HEIGHT="64" HPOS="215" STYLEREFS="StyleId-463C5C2F-CDEE-414D-B7CA-693456488EAC-" VPOS="1541" WIDTH="459">
<String CONTENT="Zenda," HEIGHT="64" HPOS="215" VPOS="1541" WIDTH="212" />
<SP HEIGHT="63" HPOS="428" VPOS="1542" WIDTH="26" />
<String CONTENT="Pierre." HEIGHT="57" HPOS="455" VPOS="1542" WIDTH="219" />
</TextLine>
<TextLine CS="1" HEIGHT="69" HPOS="348" STYLEREFS="StyleId-57366F39-B6BB-4B98-8B62-E5C4516CDAAD-" VPOS="1615" WIDTH="1523">
<String CONTENT="&#8230;" CS="1" LANG="en-US" />
<SP HEIGHT="53" HPOS="348" VPOS="1616" WIDTH="32" />
<String CONTENT="Amour" HEIGHT="53" HPOS="381" LANG="en-US" VPOS="1616" WIDTH="218" />
<SP HEIGHT="33" HPOS="600" VPOS="1636" WIDTH="26" />
<String CONTENT="roi," HEIGHT="68" HPOS="627" LANG="en-US" VPOS="1616" WIDTH="103" />
<SP HEIGHT="47" HPOS="731" VPOS="1637" WIDTH="27" />
<String CONTENT="roman." HEIGHT="35" HPOS="759" LANG="en-US" VPOS="1635" WIDTH="212" />
<SP HEIGHT="52" HPOS="972" VPOS="1618" WIDTH="63" />
<String CONTENT="Paris," HEIGHT="66" HPOS="1036" LANG="en-US" VPOS="1617" WIDTH="181" />
<SP HEIGHT="66" HPOS="1218" VPOS="1617" WIDTH="27" />
<String CONTENT="J." HEIGHT="53" HPOS="1246" LANG="fr" VPOS="1617" WIDTH="55" />
<SP HEIGHT="52" HPOS="1302" VPOS="1617" WIDTH="30" />
<String CONTENT="Tallandier" HEIGHT="54" HPOS="1333" LANG="fr" VPOS="1615" WIDTH="331" />
<SP HEIGHT="48" HPOS="1665" VPOS="1635" WIDTH="34" />
<String CONTENT="[1934]" HEIGHT="65" HPOS="1700" LANG="en-US" VPOS="1618" WIDTH="171" />
</TextLine>
<TextLine CS="1" HEIGHT="51" HPOS="289" VPOS="1689" WIDTH="739">
<String CONTENT="3" HEIGHT="40" HPOS="289" LANG="en-US" VPOS="1689" WIDTH="27" />
<SP HEIGHT="48" HPOS="317" VPOS="1689" WIDTH="25" />
<String CONTENT="p." HEIGHT="37" HPOS="343" LANG="fr" VPOS="1700" WIDTH="41" />
<SP HEIGHT="42" HPOS="385" VPOS="1690" WIDTH="26" />
<String CONTENT="l.," CS="1" LANG="en-US" />
<SP HEIGHT="30" HPOS="455" VPOS="1710" WIDTH="32" />
<String CONTENT="[9]-219" HEIGHT="51" HPOS="488" LANG="en-US" VPOS="1689" WIDTH="173" />
<SP HEIGHT="48" HPOS="662" VPOS="1690" WIDTH="23" />
<String CONTENT="p.," CS="1" LANG="fr" />
<SP />
<String CONTENT="1" CS="1" LANG="fr" />
<SP />
<String CONTENT="l." CS="1" LANG="fr" />
<SP HEIGHT="39" HPOS="853" VPOS="1691" WIDTH="59" />
<String CONTENT="19" HEIGHT="40" HPOS="913" LANG="en-US" VPOS="1691" WIDTH="57" />
<String CONTENT="cm" HEIGHT="20" HPOS="972" LANG="en-US" STYLE="superscript" VPOS="1693" WIDTH="42" />
<String CONTENT="." HEIGHT="7" HPOS="1020" LANG="en-US" VPOS="1723" WIDTH="8" />
</TextLine>
<TextLine CS="1" HEIGHT="52" HPOS="223" VPOS="1744" WIDTH="1984">
<String CONTENT="&#169;" HEIGHT="51" HPOS="223" LANG="en-US" VPOS="1744" WIDTH="50" />
<SP HEIGHT="51" HPOS="274" VPOS="1744" WIDTH="34" />
<String CONTENT="Jan." HEIGHT="40" HPOS="309" LANG="en-US" VPOS="1749" WIDTH="108" />
<SP HEIGHT="39" HPOS="418" VPOS="1750" WIDTH="32" />
<String CONTENT="17," HEIGHT="45" HPOS="451" LANG="en-US" VPOS="1750" WIDTH="68" />
<SP HEIGHT="45" HPOS="520" VPOS="1750" WIDTH="32" />
<String CONTENT="1934;" HEIGHT="44" HPOS="553" LANG="en-US" VPOS="1749" WIDTH="140" />
<SP HEIGHT="44" HPOS="694" VPOS="1749" WIDTH="35" />
<String CONTENT="1c." HEIGHT="41" HPOS="730" LANG="en-US" VPOS="1749" WIDTH="66" />
<SP HEIGHT="39" HPOS="797" VPOS="1751" WIDTH="35" />
<String CONTENT="May" HEIGHT="45" HPOS="833" LANG="en-US" VPOS="1751" WIDTH="113" />
<SP HEIGHT="45" HPOS="947" VPOS="1751" WIDTH="31" />
<String CONTENT="15;" HEIGHT="46" HPOS="979" LANG="en-US" VPOS="1749" WIDTH="80" />
<SP HEIGHT="46" HPOS="1060" VPOS="1749" WIDTH="34" />
<String CONTENT="A-Foreign" HEIGHT="49" HPOS="1095" LANG="en-US" VPOS="1747" WIDTH="309" />
<SP HEIGHT="38" HPOS="1405" VPOS="1749" WIDTH="31" />
<String CONTENT="24655;" CS="1" HEIGHT="40" HPOS="1437" LANG="en-US" VPOS="1748" WIDTH="143" />
<SP HEIGHT="42" HPOS="1608" VPOS="1748" WIDTH="39" />
<String CONTENT="Soci&#233;t&#233;" HEIGHT="41" HPOS="1648" LANG="fr" VPOS="1747" WIDTH="186" />
<SP HEIGHT="40" HPOS="1835" VPOS="1747" WIDTH="32" />
<String CONTENT="d&#8217;&#233;ditions" HEIGHT="41" HPOS="1868" LANG="fr" VPOS="1746" WIDTH="255" />
<SP HEIGHT="30" HPOS="2124" VPOS="1757" WIDTH="35" />
<String CONTENT="et" HEIGHT="37" HPOS="2160" LANG="fr" VPOS="1749" WIDTH="47" />
</TextLine>
<TextLine HEIGHT="48" HPOS="290" LANG="fr" VPOS="1805" WIDTH="961">
<String CONTENT="de" HEIGHT="38" HPOS="290" VPOS="1807" WIDTH="57" />
<SP HEIGHT="37" HPOS="348" VPOS="1816" WIDTH="30" />
<String CONTENT="publications," HEIGHT="48" HPOS="379" VPOS="1805" WIDTH="335" />
<SP HEIGHT="45" HPOS="715" VPOS="1807" WIDTH="33" />
<String CONTENT="Paris." HEIGHT="40" HPOS="749" VPOS="1805" WIDTH="152" />
<SP HEIGHT="47" HPOS="902" VPOS="1806" WIDTH="71" />
<String CONTENT="(34-17962)" HEIGHT="48" HPOS="974" VPOS="1805" WIDTH="277" />
</TextLine>
<TextLine HEIGHT="68" HPOS="215" STYLEREFS="StyleId-463C5C2F-CDEE-414D-B7CA-693456488EAC-" VPOS="1907" WIDTH="670">
<String CONTENT="Zinsser," HEIGHT="68" HPOS="215" LANG="en-US" VPOS="1907" WIDTH="254" />
<SP HEIGHT="64" HPOS="470" VPOS="1911" WIDTH="32" />
<String CONTENT="Hans," HEIGHT="63" HPOS="503" LANG="fr" VPOS="1911" WIDTH="181" />
<SP HEIGHT="60" HPOS="685" VPOS="1914" WIDTH="30" />
<String CONTENT="1878-" HEIGHT="54" HPOS="716" LANG="fr" VPOS="1909" WIDTH="169" />
</TextLine>
<TextLine HEIGHT="71" HPOS="287" STYLEREFS="StyleId-57366F39-B6BB-4B98-8B62-E5C4516CDAAD-" VPOS="1984" WIDTH="1919">
<String CONTENT="A" HEIGHT="52" HPOS="287" LANG="fr" VPOS="1987" WIDTH="52" />
<SP HEIGHT="52" HPOS="340" VPOS="1987" WIDTH="42" />
<String CONTENT="textbook," HEIGHT="58" HPOS="383" VPOS="1986" WIDTH="278" />
<SP HEIGHT="37" HPOS="662" VPOS="2007" WIDTH="30" />
<String CONTENT="of" HEIGHT="54" HPOS="693" VPOS="1986" WIDTH="64" />
<SP HEIGHT="53" HPOS="758" VPOS="1986" WIDTH="38" />
<String CONTENT="bacteriology," HEIGHT="69" HPOS="797" VPOS="1986" WIDTH="401" />
<SP HEIGHT="48" HPOS="1199" VPOS="2006" WIDTH="42" />
<String CONTENT="with" HEIGHT="52" HPOS="1242" VPOS="1987" WIDTH="139" />
<SP HEIGHT="51" HPOS="1382" VPOS="1988" WIDTH="42" />
<String CONTENT="a" HEIGHT="33" HPOS="1425" VPOS="2006" WIDTH="31" />
<SP HEIGHT="34" HPOS="1457" VPOS="2005" WIDTH="41" />
<String CONTENT="section" HEIGHT="50" HPOS="1499" VPOS="1988" WIDTH="210" />
<SP HEIGHT="35" HPOS="1710" VPOS="2003" WIDTH="41" />
<String CONTENT="on" HEIGHT="35" HPOS="1752" VPOS="2003" WIDTH="71" />
<SP HEIGHT="49" HPOS="1824" VPOS="2004" WIDTH="43" />
<String CONTENT="pathogenic" HEIGHT="69" HPOS="1868" VPOS="1984" WIDTH="338" />
</TextLine>
<TextLine CS="1" HEIGHT="71" HPOS="216" STYLEREFS="StyleId-57366F39-B6BB-4B98-8B62-E5C4516CDAAD-" VPOS="2062" WIDTH="1990">
<String CONTENT="protozoa;" CS="1" HEIGHT="62" HPOS="216" VPOS="2071" WIDTH="262" />
<SP HEIGHT="61" HPOS="512" VPOS="2070" WIDTH="36" />
<String CONTENT="the" HEIGHT="52" HPOS="549" VPOS="2065" WIDTH="95" />
<SP HEIGHT="34" HPOS="645" VPOS="2083" WIDTH="33" />
<String CONTENT="application" HEIGHT="68" HPOS="679" VPOS="2064" WIDTH="350" />
<SP HEIGHT="33" HPOS="1030" VPOS="2084" WIDTH="34" />
<String CONTENT="of" HEIGHT="52" HPOS="1065" VPOS="2065" WIDTH="64" />
<SP HEIGHT="52" HPOS="1130" VPOS="2065" WIDTH="29" />
<String CONTENT="bacteriology" HEIGHT="69" HPOS="1160" VPOS="2064" WIDTH="384" />
<SP HEIGHT="49" HPOS="1545" VPOS="2083" WIDTH="34" />
<String CONTENT="and" HEIGHT="52" HPOS="1580" VPOS="2065" WIDTH="111" />
<SP HEIGHT="52" HPOS="1692" VPOS="2065" WIDTH="34" />
<String CONTENT="immunology" HEIGHT="69" HPOS="1727" VPOS="2062" WIDTH="388" />
<SP HEIGHT="61" HPOS="2116" VPOS="2070" WIDTH="31" />
<String CONTENT="to" HEIGHT="46" HPOS="2148" VPOS="2070" WIDTH="58" />
</TextLine>
<TextLine CS="1" HEIGHT="132" HPOS="216" STYLEREFS="StyleId-57366F39-B6BB-4B98-8B62-E5C4516CDAAD-" VPOS="2141" WIDTH="1966">
<String CONTENT="the" HEIGHT="51" HPOS="216" VPOS="2144" WIDTH="94" />
<SP HEIGHT="34" HPOS="311" VPOS="2161" WIDTH="33" />
<String CONTENT="etiology," HEIGHT="66" HPOS="345" VPOS="2143" WIDTH="264" />
<SP HEIGHT="62" HPOS="610" VPOS="2143" WIDTH="33" />
<String CONTENT="diagnosis," HEIGHT="69" HPOS="644" VPOS="2142" WIDTH="304" />
<SP HEIGHT="34" HPOS="949" VPOS="2163" WIDTH="34" />
<String CONTENT="specific" HEIGHT="67" HPOS="984" VPOS="2141" WIDTH="221" />
<SP HEIGHT="48" HPOS="1206" VPOS="2148" WIDTH="29" />
<String CONTENT="therapy" HEIGHT="66" HPOS="1236" VPOS="2144" WIDTH="243" />
<SP HEIGHT="48" HPOS="1480" VPOS="2162" WIDTH="33" />
<String CONTENT="and" HEIGHT="51" HPOS="1514" VPOS="2144" WIDTH="110" />
<SP HEIGHT="66" HPOS="1625" VPOS="2144" WIDTH="32" />
<String CONTENT="prevention" HEIGHT="69" HPOS="1658" VPOS="2141" WIDTH="337" />
<SP HEIGHT="36" HPOS="1996" VPOS="2159" WIDTH="29" />
<String CONTENT="of" HEIGHT="53" HPOS="2026" VPOS="2141" WIDTH="65" />
<SP HEIGHT="54" HPOS="2092" VPOS="2141" WIDTH="28" />
<String CONTENT="infectious" HEIGHT="130" HPOS="217" VPOS="2143" WIDTH="1965" />
</TextLine>
<TextLine HEIGHT="70" HPOS="482" STYLEREFS="StyleId-57366F39-B6BB-4B98-8B62-E5C4516CDAAD-" VPOS="2218" WIDTH="1722">
<String CONTENT="diseases" HEIGHT="54" HPOS="482" VPOS="2220" WIDTH="239" />
<SP HEIGHT="53" HPOS="722" VPOS="2221" WIDTH="25" />
<String CONTENT="for" HEIGHT="52" HPOS="748" VPOS="2221" WIDTH="93" />
<SP HEIGHT="33" HPOS="842" VPOS="2240" WIDTH="22" />
<String CONTENT="students" HEIGHT="53" HPOS="865" VPOS="2221" WIDTH="254" />
<SP HEIGHT="33" HPOS="1120" VPOS="2241" WIDTH="26" />
<String CONTENT="and" HEIGHT="51" HPOS="1147" VPOS="2222" WIDTH="110" />
<SP HEIGHT="66" HPOS="1258" VPOS="2222" WIDTH="25" />
<String CONTENT="practitioners" HEIGHT="68" HPOS="1284" VPOS="2220" WIDTH="397" />
<SP HEIGHT="35" HPOS="1682" VPOS="2239" WIDTH="24" />
<String CONTENT="of" HEIGHT="54" HPOS="1707" VPOS="2219" WIDTH="65" />
<SP HEIGHT="54" HPOS="1773" VPOS="2219" WIDTH="20" />
<String CONTENT="medicine" HEIGHT="55" HPOS="1794" VPOS="2218" WIDTH="276" />
<SP HEIGHT="36" HPOS="2071" VPOS="2237" WIDTH="22" />
<String CONTENT="and" HEIGHT="53" HPOS="2094" VPOS="2220" WIDTH="110" />
</TextLine>
<TextLine CS="1" HEIGHT="70" HPOS="217" STYLEREFS="StyleId-57366F39-B6BB-4B98-8B62-E5C4516CDAAD-" VPOS="2297" WIDTH="1989">
<String CONTENT="public" HEIGHT="68" HPOS="217" VPOS="2298" WIDTH="191" />
<SP HEIGHT="51" HPOS="409" VPOS="2300" WIDTH="30" />
<String CONTENT="health," HEIGHT="67" HPOS="440" VPOS="2298" WIDTH="211" />
<SP HEIGHT="67" HPOS="652" VPOS="2298" WIDTH="29" />
<String CONTENT="by" HEIGHT="69" HPOS="682" VPOS="2298" WIDTH="76" />
<SP HEIGHT="68" HPOS="759" VPOS="2299" WIDTH="29" />
<String CONTENT="Hans" HEIGHT="52" HPOS="789" VPOS="2299" WIDTH="164" />
<SP HEIGHT="51" HPOS="954" VPOS="2300" WIDTH="33" />
<String CONTENT="Zinsser" HEIGHT="54" HPOS="988" VPOS="2297" WIDTH="219" />
<SP HEIGHT="33" HPOS="1208" VPOS="2318" WIDTH="35" />
<String CONTENT="&#8230;" CS="1" />
<SP HEIGHT="32" HPOS="1299" VPOS="2319" WIDTH="39" />
<String CONTENT="and" HEIGHT="52" HPOS="1339" VPOS="2300" WIDTH="110" />
<SP HEIGHT="55" HPOS="1450" VPOS="2298" WIDTH="35" />
<String CONTENT="Stanhope" HEIGHT="68" HPOS="1486" VPOS="2298" WIDTH="291" />
<SP HEIGHT="51" HPOS="1778" VPOS="2300" WIDTH="31" />
<String CONTENT="Bayne-Jones" HEIGHT="69" HPOS="1810" VPOS="2297" WIDTH="396" />
</TextLine>
<TextLine CS="1" HEIGHT="70" HPOS="277" STYLEREFS="StyleId-57366F39-B6BB-4B98-8B62-E5C4516CDAAD-" VPOS="2374" WIDTH="1927">
<String CONTENT="&#8230;" CS="1" />
<SP HEIGHT="68" HPOS="277" VPOS="2376" WIDTH="42" />
<String CONTENT="(rewritten," HEIGHT="69" HPOS="320" VPOS="2375" WIDTH="333" />
<SP HEIGHT="48" HPOS="654" VPOS="2396" WIDTH="27" />
<String CONTENT="rev." HEIGHT="34" HPOS="682" VPOS="2394" WIDTH="109" />
<SP HEIGHT="33" HPOS="792" VPOS="2395" WIDTH="28" />
<String CONTENT="and" HEIGHT="51" HPOS="821" VPOS="2377" WIDTH="112" />
<SP HEIGHT="51" HPOS="934" VPOS="2377" WIDTH="25" />
<String CONTENT="reset)" HEIGHT="65" HPOS="960" VPOS="2376" WIDTH="169" />
<SP HEIGHT="65" HPOS="1130" VPOS="2376" WIDTH="36" />
<String CONTENT="with" HEIGHT="54" HPOS="1167" VPOS="2374" WIDTH="135" />
<SP HEIGHT="51" HPOS="1303" VPOS="2377" WIDTH="31" />
<String CONTENT="174" HEIGHT="53" HPOS="1335" VPOS="2376" WIDTH="100" />
<SP HEIGHT="53" HPOS="1436" VPOS="2376" WIDTH="21" />
<String CONTENT="illustrations" HEIGHT="54" HPOS="1458" VPOS="2376" WIDTH="377" />
<SP HEIGHT="53" HPOS="1836" VPOS="2377" WIDTH="27" />
<String CONTENT="in" HEIGHT="52" HPOS="1864" VPOS="2377" WIDTH="58" />
<SP HEIGHT="48" HPOS="1923" VPOS="2381" WIDTH="25" />
<String CONTENT="the" HEIGHT="51" HPOS="1949" VPOS="2378" WIDTH="96" />
<SP HEIGHT="47" HPOS="2046" VPOS="2383" WIDTH="22" />
<String CONTENT="text." HEIGHT="51" HPOS="2069" VPOS="2379" WIDTH="135" />
</TextLine>
<TextLine HEIGHT="70" HPOS="217" STYLEREFS="StyleId-57366F39-B6BB-4B98-8B62-E5C4516CDAAD-" VPOS="2453" WIDTH="1990">
<String CONTENT="7th" HEIGHT="54" HPOS="217" VPOS="2453" WIDTH="97" />
<SP HEIGHT="50" HPOS="315" VPOS="2456" WIDTH="36" />
<String CONTENT="ed." HEIGHT="52" HPOS="352" VPOS="2455" WIDTH="83" />
<SP HEIGHT="52" HPOS="436" VPOS="2454" WIDTH="75" />
<String CONTENT="New" HEIGHT="52" HPOS="512" VPOS="2454" WIDTH="137" />
<SP HEIGHT="52" HPOS="650" VPOS="2454" WIDTH="36" />
<String CONTENT="York," HEIGHT="66" HPOS="687" VPOS="2454" WIDTH="176" />
<SP HEIGHT="65" HPOS="864" VPOS="2455" WIDTH="36" />
<String CONTENT="London," HEIGHT="67" HPOS="901" VPOS="2454" WIDTH="255" />
<SP HEIGHT="66" HPOS="1157" VPOS="2455" WIDTH="33" />
<String CONTENT="D." HEIGHT="51" HPOS="1191" VPOS="2455" WIDTH="70" />
<SP HEIGHT="52" HPOS="1262" VPOS="2454" WIDTH="41" />
<String CONTENT="Appleton-Century" HEIGHT="69" HPOS="1304" VPOS="2454" WIDTH="572" />
<SP HEIGHT="50" HPOS="1877" VPOS="2473" WIDTH="34" />
<String CONTENT="company," HEIGHT="51" HPOS="1912" VPOS="2472" WIDTH="295" />
</TextLine>
<TextLine CS="1" HEIGHT="67" HPOS="215" STYLEREFS="StyleId-57366F39-B6BB-4B98-8B62-E5C4516CDAAD-" VPOS="2533" WIDTH="617">
<String CONTENT="incorporated" HEIGHT="67" HPOS="215" VPOS="2533" WIDTH="399" />
<SP HEIGHT="65" HPOS="615" VPOS="2533" WIDTH="42" />
<String CONTENT="[" CS="1" />
<String CONTENT="c" HEIGHT="21" HPOS="676" STYLE="superscript" VPOS="2538" WIDTH="17" />
<String CONTENT="1934]" CS="1" HEIGHT="49" HPOS="699" VPOS="2534" WIDTH="133" />
</TextLine>
<TextLine CS="1" HEIGHT="51" HPOS="288" VPOS="2604" WIDTH="1039">
<String CONTENT="xix" HEIGHT="39" HPOS="288" VPOS="2606" WIDTH="85" />
<SP HEIGHT="37" HPOS="374" VPOS="2617" WIDTH="24" />
<String CONTENT="p.," HEIGHT="38" HPOS="399" LANG="fr" VPOS="2617" WIDTH="57" />
<SP HEIGHT="49" HPOS="457" VPOS="2606" WIDTH="25" />
<String CONTENT="1" HEIGHT="39" HPOS="483" VPOS="2606" WIDTH="25" />
<SP HEIGHT="39" HPOS="509" VPOS="2606" WIDTH="23" />
<String CONTENT="l.," CS="1" />
<SP HEIGHT="45" HPOS="578" VPOS="2607" WIDTH="28" />
<String CONTENT="1226" HEIGHT="40" HPOS="607" VPOS="2605" WIDTH="112" />
<SP HEIGHT="48" HPOS="720" VPOS="2605" WIDTH="25" />
<String CONTENT="p." HEIGHT="37" HPOS="746" VPOS="2616" WIDTH="41" />
<SP HEIGHT="40" HPOS="788" VPOS="2605" WIDTH="60" />
<String CONTENT="illus.," HEIGHT="48" HPOS="849" VPOS="2605" WIDTH="141" />
<SP HEIGHT="47" HPOS="991" VPOS="2606" WIDTH="27" />
<String CONTENT="diagrs." HEIGHT="49" HPOS="1019" VPOS="2604" WIDTH="174" />
<SP HEIGHT="40" HPOS="1194" VPOS="2605" WIDTH="59" />
<String CONTENT="24" HEIGHT="39" HPOS="1254" VPOS="2605" WIDTH="56" />
<String CONTENT="cm." CS="1" HEIGHT="21" HPOS="1312" STYLE="superscript" VPOS="2608" WIDTH="15" />
</TextLine>
<TextLine HEIGHT="50" HPOS="291" VPOS="2660" WIDTH="1218">
<String CONTENT="&#8220;References&#8221;" HEIGHT="42" HPOS="291" VPOS="2661" WIDTH="347" />
<SP HEIGHT="40" HPOS="639" VPOS="2661" WIDTH="25" />
<String CONTENT="at" HEIGHT="36" HPOS="665" VPOS="2665" WIDTH="51" />
<SP HEIGHT="36" HPOS="717" VPOS="2665" WIDTH="25" />
<String CONTENT="end" HEIGHT="39" HPOS="743" VPOS="2662" WIDTH="90" />
<SP HEIGHT="39" HPOS="834" VPOS="2662" WIDTH="25" />
<String CONTENT="of" HEIGHT="41" HPOS="860" VPOS="2660" WIDTH="52" />
<SP HEIGHT="40" HPOS="913" VPOS="2660" WIDTH="22" />
<String CONTENT="most" HEIGHT="38" HPOS="936" VPOS="2664" WIDTH="124" />
<SP HEIGHT="38" HPOS="1061" VPOS="2664" WIDTH="24" />
<String CONTENT="of" HEIGHT="41" HPOS="1086" VPOS="2661" WIDTH="52" />
<SP HEIGHT="41" HPOS="1139" VPOS="2661" WIDTH="24" />
<String CONTENT="the" HEIGHT="40" HPOS="1164" VPOS="2662" WIDTH="79" />
<SP HEIGHT="29" HPOS="1244" VPOS="2673" WIDTH="26" />
<String CONTENT="chapters." HEIGHT="47" HPOS="1271" VPOS="2663" WIDTH="238" />
</TextLine>
<TextLine CS="1" HEIGHT="52" HPOS="224" VPOS="2716" WIDTH="1980">
<String CONTENT="&#169;" HEIGHT="51" HPOS="224" VPOS="2716" WIDTH="51" />
<SP HEIGHT="51" HPOS="276" VPOS="2716" WIDTH="23" />
<String CONTENT="June" HEIGHT="39" HPOS="300" VPOS="2721" WIDTH="128" />
<SP HEIGHT="39" HPOS="429" VPOS="2721" WIDTH="18" />
<String CONTENT="26," HEIGHT="47" HPOS="448" VPOS="2720" WIDTH="67" />
<SP HEIGHT="46" HPOS="516" VPOS="2721" WIDTH="24" />
<String CONTENT="1934;" CS="1" />
<SP HEIGHT="40" HPOS="680" VPOS="2720" WIDTH="26" />
<String CONTENT="2c." HEIGHT="39" HPOS="707" VPOS="2720" WIDTH="65" />
<SP HEIGHT="29" HPOS="773" VPOS="2729" WIDTH="24" />
<String CONTENT="and" HEIGHT="38" HPOS="798" VPOS="2720" WIDTH="94" />
<SP HEIGHT="38" HPOS="893" VPOS="2720" WIDTH="24" />
<String CONTENT="aff." HEIGHT="39" HPOS="918" VPOS="2719" WIDTH="80" />
<SP HEIGHT="39" HPOS="999" VPOS="2719" WIDTH="25" />
<String CONTENT="June" HEIGHT="40" HPOS="1025" VPOS="2719" WIDTH="125" />
<SP HEIGHT="40" HPOS="1151" VPOS="2719" WIDTH="21" />
<String CONTENT="28;" CS="1" HEIGHT="40" HPOS="1173" VPOS="2719" WIDTH="55" />
<SP HEIGHT="46" HPOS="1255" VPOS="2720" WIDTH="26" />
<String CONTENT="A" HEIGHT="38" HPOS="1282" VPOS="2720" WIDTH="40" />
<SP HEIGHT="39" HPOS="1323" VPOS="2720" WIDTH="23" />
<String CONTENT="73245;" HEIGHT="44" HPOS="1347" VPOS="2719" WIDTH="168" />
<SP HEIGHT="42" HPOS="1516" VPOS="2721" WIDTH="25" />
<String CONTENT="D." HEIGHT="38" HPOS="1542" VPOS="2721" WIDTH="55" />
<SP HEIGHT="38" HPOS="1598" VPOS="2720" WIDTH="25" />
<String CONTENT="Appleton-Century" HEIGHT="48" HPOS="1624" VPOS="2719" WIDTH="473" />
<SP HEIGHT="36" HPOS="2098" VPOS="2730" WIDTH="22" />
<String CONTENT="co.," HEIGHT="37" HPOS="2121" VPOS="2731" WIDTH="83" />
</TextLine>
<TextLine HEIGHT="48" HPOS="292" VPOS="2776" WIDTH="437">
<String CONTENT="inc." HEIGHT="40" HPOS="292" VPOS="2777" WIDTH="88" />
<SP HEIGHT="47" HPOS="381" VPOS="2777" WIDTH="71" />
<String CONTENT="(34-18375)" HEIGHT="48" HPOS="453" VPOS="2776" WIDTH="276" />
</TextLine>
<TextLine HEIGHT="68" HPOS="218" STYLEREFS="StyleId-463C5C2F-CDEE-414D-B7CA-693456488EAC-" VPOS="2877" WIDTH="1378">
<String CONTENT="Znamensky," HEIGHT="67" HPOS="218" VPOS="2878" WIDTH="388" />
<SP HEIGHT="65" HPOS="607" VPOS="2880" WIDTH="34" />
<String CONTENT="George" HEIGHT="63" HPOS="642" VPOS="2880" WIDTH="226" />
<SP HEIGHT="55" HPOS="869" VPOS="2877" WIDTH="31" />
<String CONTENT="Alexandrovich," HEIGHT="67" HPOS="901" VPOS="2877" WIDTH="490" />
<SP HEIGHT="59" HPOS="1392" VPOS="2885" WIDTH="34" />
<String CONTENT="1890-" HEIGHT="50" HPOS="1427" VPOS="2883" WIDTH="169" />
</TextLine>
<TextLine CS="1" HEIGHT="147" HPOS="222" STYLEREFS="StyleId-57366F39-B6BB-4B98-8B62-E5C4516CDAAD-" VPOS="2955" WIDTH="1958">
<String CONTENT="New" HEIGHT="52" HPOS="289" VPOS="2957" WIDTH="139" />
<SP HEIGHT="52" HPOS="429" VPOS="2957" WIDTH="34" />
<String CONTENT="key" HEIGHT="68" HPOS="464" VPOS="2957" WIDTH="108" />
<SP HEIGHT="62" HPOS="573" VPOS="2963" WIDTH="33" />
<String CONTENT="to" HEIGHT="47" HPOS="607" VPOS="2963" WIDTH="59" />
<SP HEIGHT="34" HPOS="667" VPOS="2976" WIDTH="34" />
<String CONTENT="ourselves;" HEIGHT="65" HPOS="702" VPOS="2957" WIDTH="308" />
<SP HEIGHT="65" HPOS="1011" VPOS="2957" WIDTH="39" />
<String CONTENT="human" HEIGHT="52" HPOS="1051" VPOS="2957" WIDTH="211" />
<SP HEIGHT="51" HPOS="1263" VPOS="2958" WIDTH="34" />
<String CONTENT="behavior" HEIGHT="52" HPOS="1298" VPOS="2958" WIDTH="270" />
<SP HEIGHT="51" HPOS="1569" VPOS="2958" WIDTH="33" />
<String CONTENT="in" HEIGHT="51" HPOS="1603" VPOS="2958" WIDTH="61" />
<SP HEIGHT="46" HPOS="1665" VPOS="2963" WIDTH="37" />
<String CONTENT="the" HEIGHT="51" HPOS="1703" VPOS="2958" WIDTH="94" />
<SP HEIGHT="51" HPOS="1798" VPOS="2958" WIDTH="34" />
<String CONTENT="light" HEIGHT="68" HPOS="1833" VPOS="2957" WIDTH="150" />
<SP HEIGHT="47" HPOS="1984" VPOS="2962" WIDTH="36" />
<String CONTENT="of" HEIGHT="54" HPOS="2021" VPOS="2955" WIDTH="62" />
<SP HEIGHT="53" HPOS="2084" VPOS="2955" WIDTH="36" />
<String CONTENT="reflexology" HEIGHT="128" HPOS="222" VPOS="2974" WIDTH="1958" />
</TextLine>
<TextLine HEIGHT="70" HPOS="556" STYLEREFS="StyleId-57366F39-B6BB-4B98-8B62-E5C4516CDAAD-" VPOS="3034" WIDTH="1646">
<String CONTENT="(based" HEIGHT="68" HPOS="556" VPOS="3034" WIDTH="194" />
<SP HEIGHT="53" HPOS="751" VPOS="3034" WIDTH="41" />
<String CONTENT="on" HEIGHT="34" HPOS="793" VPOS="3053" WIDTH="71" />
<SP HEIGHT="33" HPOS="865" VPOS="3053" WIDTH="39" />
<String CONTENT="recent" HEIGHT="46" HPOS="905" VPOS="3041" WIDTH="187" />
<SP HEIGHT="51" HPOS="1093" VPOS="3036" WIDTH="41" />
<String CONTENT="Russian" HEIGHT="52" HPOS="1135" VPOS="3036" WIDTH="246" />
<SP HEIGHT="51" HPOS="1382" VPOS="3036" WIDTH="39" />
<String CONTENT="findings)" HEIGHT="69" HPOS="1422" VPOS="3035" WIDTH="278" />
<SP HEIGHT="68" HPOS="1701" VPOS="3035" WIDTH="50" />
<String CONTENT="by" HEIGHT="69" HPOS="1752" VPOS="3035" WIDTH="75" />
<SP HEIGHT="69" HPOS="1828" VPOS="3035" WIDTH="42" />
<String CONTENT="George" HEIGHT="68" HPOS="1871" VPOS="3035" WIDTH="218" />
<SP HEIGHT="53" HPOS="2090" VPOS="3034" WIDTH="41" />
<String CONTENT="A." HEIGHT="52" HPOS="2132" VPOS="3034" WIDTH="70" />
</TextLine>
<TextLine CS="1" HEIGHT="144" HPOS="220" STYLEREFS="StyleId-57366F39-B6BB-4B98-8B62-E5C4516CDAAD-" VPOS="3112" WIDTH="1959">
<String CONTENT="Znamensky" HEIGHT="66" HPOS="220" VPOS="3113" WIDTH="353" />
<SP HEIGHT="47" HPOS="574" VPOS="3132" WIDTH="43" />
<String CONTENT="&#8230;" CS="1" />
<SP HEIGHT="32" HPOS="673" VPOS="3132" WIDTH="42" />
<String CONTENT="with" HEIGHT="51" HPOS="716" VPOS="3113" WIDTH="137" />
<SP HEIGHT="51" HPOS="854" VPOS="3113" WIDTH="40" />
<String CONTENT="a" HEIGHT="32" HPOS="895" VPOS="3132" WIDTH="30" />
<SP HEIGHT="52" HPOS="926" VPOS="3112" WIDTH="38" />
<String CONTENT="foreword" HEIGHT="53" HPOS="965" VPOS="3112" WIDTH="283" />
<SP HEIGHT="51" HPOS="1249" VPOS="3114" WIDTH="35" />
<String CONTENT="by" HEIGHT="66" HPOS="1285" VPOS="3114" WIDTH="75" />
<SP HEIGHT="65" HPOS="1361" VPOS="3115" WIDTH="34" />
<String CONTENT="Dr." HEIGHT="51" HPOS="1396" VPOS="3115" WIDTH="102" />
<SP HEIGHT="53" HPOS="1499" VPOS="3115" WIDTH="36" />
<String CONTENT="Walter" HEIGHT="53" HPOS="1536" VPOS="3115" WIDTH="221" />
<SP HEIGHT="50" HPOS="1758" VPOS="3115" WIDTH="35" />
<String CONTENT="Fenno" HEIGHT="51" HPOS="1794" VPOS="3115" WIDTH="195" />
<SP HEIGHT="52" HPOS="1990" VPOS="3114" WIDTH="36" />
<String CONTENT="Dearborn" HEIGHT="127" HPOS="221" VPOS="3114" WIDTH="1958" />
<SP HEIGHT="33" HPOS="363" VPOS="3207" WIDTH="37" />
<String CONTENT="&#8230;" CS="1" />
<SP HEIGHT="33" HPOS="456" VPOS="3223" WIDTH="76" />
<String CONTENT="[Boston," HEIGHT="66" HPOS="533" VPOS="3190" WIDTH="250" />
</TextLine>
<TextLine HEIGHT="67" HPOS="815" STYLEREFS="StyleId-57366F39-B6BB-4B98-8B62-E5C4516CDAAD-" VPOS="3190" WIDTH="578">
<String CONTENT="The" HEIGHT="51" HPOS="815" VPOS="3190" WIDTH="120" />
<SP HEIGHT="32" HPOS="936" VPOS="3209" WIDTH="32" />
<String CONTENT="author," HEIGHT="67" HPOS="969" VPOS="3190" WIDTH="219" />
<SP HEIGHT="60" HPOS="1189" VPOS="3197" WIDTH="30" />
<String CONTENT="c" HEIGHT="21" HPOS="1220" STYLE="superscript" VPOS="3197" WIDTH="17" />
<String CONTENT="1934]" HEIGHT="63" HPOS="1242" VPOS="3194" WIDTH="151" />
</TextLine>
<TextLine CS="1" HEIGHT="51" HPOS="291" VPOS="3261" WIDTH="623">
<String CONTENT="3" HEIGHT="39" HPOS="291" VPOS="3262" WIDTH="25" />
<SP HEIGHT="48" HPOS="317" VPOS="3262" WIDTH="26" />
<String CONTENT="p." HEIGHT="36" HPOS="344" LANG="fr" VPOS="3274" WIDTH="43" />
<SP HEIGHT="37" HPOS="388" VPOS="3264" WIDTH="24" />
<String CONTENT="l.," CS="1" />
<SP HEIGHT="46" HPOS="457" VPOS="3263" WIDTH="26" />
<String CONTENT="73," HEIGHT="48" HPOS="484" VPOS="3261" WIDTH="68" />
<SP HEIGHT="29" HPOS="553" VPOS="3283" WIDTH="31" />
<String CONTENT="[2]" CS="1" HEIGHT="50" HPOS="585" VPOS="3262" WIDTH="38" />
<SP HEIGHT="38" HPOS="639" VPOS="3273" WIDTH="27" />
<String CONTENT="p." HEIGHT="38" HPOS="667" VPOS="3273" WIDTH="43" />
<SP HEIGHT="37" HPOS="711" VPOS="3264" WIDTH="60" />
<String CONTENT="18&#189;" CS="1" HEIGHT="40" HPOS="772" VPOS="3262" WIDTH="54" />
<String CONTENT="cm" HEIGHT="21" HPOS="858" STYLE="superscript" VPOS="3264" WIDTH="44" />
<String CONTENT="." HEIGHT="9" HPOS="906" VPOS="3293" WIDTH="8" />
</TextLine>
<TextLine CS="1" HEIGHT="53" HPOS="297" VPOS="3319" WIDTH="1799">
<String CONTENT="&#8220;Selected" HEIGHT="40" HPOS="297" VPOS="3319" WIDTH="243" />
<SP HEIGHT="39" HPOS="541" VPOS="3320" WIDTH="26" />
<String CONTENT="bibliography" HEIGHT="48" HPOS="568" VPOS="3319" WIDTH="334" />
<SP HEIGHT="37" HPOS="903" VPOS="3330" WIDTH="24" />
<String CONTENT="of" HEIGHT="40" HPOS="928" VPOS="3319" WIDTH="51" />
<SP HEIGHT="39" HPOS="980" VPOS="3319" WIDTH="25" />
<String CONTENT="references" HEIGHT="42" HPOS="1006" VPOS="3319" WIDTH="268" />
<SP HEIGHT="29" HPOS="1275" VPOS="3332" WIDTH="25" />
<String CONTENT="made" HEIGHT="40" HPOS="1301" VPOS="3322" WIDTH="138" />
<SP HEIGHT="40" HPOS="1440" VPOS="3322" WIDTH="22" />
<String CONTENT="in" HEIGHT="39" HPOS="1463" VPOS="3322" WIDTH="49" />
<SP HEIGHT="38" HPOS="1513" VPOS="3324" WIDTH="27" />
<String CONTENT="the" HEIGHT="40" HPOS="1541" VPOS="3323" WIDTH="80" />
<SP HEIGHT="39" HPOS="1622" VPOS="3324" WIDTH="24" />
<String CONTENT="text&#8221;:" CS="1" HEIGHT="42" HPOS="1647" VPOS="3321" WIDTH="131" />
<SP HEIGHT="39" HPOS="1808" VPOS="3332" WIDTH="26" />
<String CONTENT="p." HEIGHT="37" HPOS="1835" VPOS="3334" WIDTH="42" />
<SP HEIGHT="29" HPOS="1878" VPOS="3343" WIDTH="29" />
<String CONTENT="[74]-75]" CS="1" HEIGHT="48" HPOS="1922" VPOS="3324" WIDTH="174" />
</TextLine>
<TextLine HEIGHT="55" HPOS="227" VPOS="3373" WIDTH="1977">
<String CONTENT="&#169;" HEIGHT="51" HPOS="227" VPOS="3373" WIDTH="49" />
<SP HEIGHT="51" HPOS="277" VPOS="3373" WIDTH="35" />
<String CONTENT="May" HEIGHT="46" HPOS="313" VPOS="3378" WIDTH="116" />
<SP HEIGHT="46" HPOS="430" VPOS="3378" WIDTH="29" />
<String CONTENT="3," HEIGHT="45" HPOS="460" VPOS="3378" WIDTH="38" />
<SP HEIGHT="45" HPOS="499" VPOS="3378" WIDTH="35" />
<String CONTENT="1934;" HEIGHT="46" HPOS="535" VPOS="3377" WIDTH="138" />
<SP HEIGHT="46" HPOS="674" VPOS="3377" WIDTH="35" />
<String CONTENT="2c." HEIGHT="39" HPOS="710" VPOS="3377" WIDTH="66" />
<SP HEIGHT="38" HPOS="777" VPOS="3378" WIDTH="33" />
<String CONTENT="May" HEIGHT="45" HPOS="811" VPOS="3378" WIDTH="115" />
<SP HEIGHT="46" HPOS="927" VPOS="3377" WIDTH="29" />
<String CONTENT="9;" HEIGHT="46" HPOS="957" VPOS="3377" WIDTH="51" />
<SP HEIGHT="36" HPOS="1009" VPOS="3387" WIDTH="37" />
<String CONTENT="aff." HEIGHT="39" HPOS="1047" VPOS="3377" WIDTH="79" />
<SP HEIGHT="37" HPOS="1127" VPOS="3379" WIDTH="36" />
<String CONTENT="May" HEIGHT="47" HPOS="1164" VPOS="3379" WIDTH="112" />
<SP HEIGHT="46" HPOS="1277" VPOS="3380" WIDTH="33" />
<String CONTENT="21;" HEIGHT="47" HPOS="1311" VPOS="3379" WIDTH="80" />
<SP HEIGHT="46" HPOS="1392" VPOS="3380" WIDTH="36" />
<String CONTENT="A" HEIGHT="38" HPOS="1429" VPOS="3380" WIDTH="40" />
<SP HEIGHT="39" HPOS="1470" VPOS="3380" WIDTH="33" />
<String CONTENT="72449;" HEIGHT="46" HPOS="1504" VPOS="3381" WIDTH="168" />
<SP HEIGHT="46" HPOS="1673" VPOS="3381" WIDTH="39" />
<String CONTENT="G." HEIGHT="40" HPOS="1713" VPOS="3381" WIDTH="52" />
<SP HEIGHT="38" HPOS="1766" VPOS="3382" WIDTH="33" />
<String CONTENT="A." HEIGHT="38" HPOS="1800" VPOS="3382" WIDTH="53" />
<SP HEIGHT="38" HPOS="1854" VPOS="3381" WIDTH="37" />
<String CONTENT="Znamensky," HEIGHT="47" HPOS="1892" VPOS="3381" WIDTH="312" />
</TextLine>
<TextLine HEIGHT="48" HPOS="295" VPOS="3433" WIDTH="543">
<String CONTENT="Boston." HEIGHT="39" HPOS="295" VPOS="3434" WIDTH="195" />
<SP HEIGHT="47" HPOS="491" VPOS="3434" WIDTH="69" />
<String CONTENT="(34-16138)" HEIGHT="48" HPOS="561" VPOS="3433" WIDTH="277" />
</TextLine>
<TextLine HEIGHT="67" HPOS="217" STYLEREFS="StyleId-463C5C2F-CDEE-414D-B7CA-693456488EAC-" VPOS="3534" WIDTH="827">
<String CONTENT="Znaniecki," HEIGHT="66" HPOS="217" VPOS="3534" WIDTH="332" />
<SP HEIGHT="64" HPOS="550" VPOS="3536" WIDTH="31" />
<String CONTENT="Florjan," HEIGHT="66" HPOS="582" VPOS="3535" WIDTH="259" />
<SP HEIGHT="61" HPOS="842" VPOS="3540" WIDTH="33" />
<String CONTENT="1882-" HEIGHT="50" HPOS="876" VPOS="3538" WIDTH="168" />
</TextLine>
<TextLine CS="1" HEIGHT="70" HPOS="298" STYLEREFS="StyleId-57366F39-B6BB-4B98-8B62-E5C4516CDAAD-" VPOS="3610" WIDTH="1904">
<String CONTENT="The" HEIGHT="50" HPOS="298" VPOS="3613" WIDTH="119" />
<SP HEIGHT="33" HPOS="418" VPOS="3630" WIDTH="41" />
<String CONTENT="method" HEIGHT="52" HPOS="460" VPOS="3611" WIDTH="220" />
<SP HEIGHT="52" HPOS="681" VPOS="3611" WIDTH="48" />
<String CONTENT="of" HEIGHT="52" HPOS="730" VPOS="3611" WIDTH="63" />
<SP HEIGHT="53" HPOS="794" VPOS="3611" WIDTH="42" />
<String CONTENT="sociology," HEIGHT="70" HPOS="837" VPOS="3610" WIDTH="299" />
<SP HEIGHT="68" HPOS="1137" VPOS="3612" WIDTH="41" />
<String CONTENT="by" HEIGHT="68" HPOS="1179" VPOS="3612" WIDTH="72" />
<SP HEIGHT="66" HPOS="1252" VPOS="3614" WIDTH="44" />
<String CONTENT="Florian" HEIGHT="53" HPOS="1297" LANG="fr" VPOS="3614" WIDTH="229" />
<SP HEIGHT="49" HPOS="1527" VPOS="3616" WIDTH="48" />
<String CONTENT="Znaniecki" HEIGHT="54" HPOS="1576" VPOS="3614" WIDTH="295" />
<SP HEIGHT="51" HPOS="1872" VPOS="3616" WIDTH="55" />
<String CONTENT="&#8230;" CS="1" />
<SP HEIGHT="52" HPOS="1983" VPOS="3615" WIDTH="83" />
<String CONTENT="New" HEIGHT="53" HPOS="2067" VPOS="3615" WIDTH="135" />
</TextLine>
<TextLine HEIGHT="69" HPOS="228" STYLEREFS="StyleId-57366F39-B6BB-4B98-8B62-E5C4516CDAAD-" VPOS="3688" WIDTH="1139">
<String CONTENT="York," HEIGHT="67" HPOS="228" VPOS="3689" WIDTH="176" />
<SP HEIGHT="66" HPOS="405" VPOS="3690" WIDTH="29" />
<String CONTENT="Farrar" HEIGHT="51" HPOS="435" VPOS="3690" WIDTH="212" />
<SP HEIGHT="49" HPOS="648" VPOS="3690" WIDTH="25" />
<String CONTENT="&amp;" HEIGHT="49" HPOS="674" VPOS="3690" WIDTH="44" />
<SP HEIGHT="50" HPOS="719" VPOS="3689" WIDTH="28" />
<String CONTENT="Rinehart," HEIGHT="67" HPOS="748" VPOS="3689" WIDTH="292" />
<SP HEIGHT="68" HPOS="1041" VPOS="3688" WIDTH="26" />
<String CONTENT="inc.," HEIGHT="69" HPOS="1068" VPOS="3688" WIDTH="123" />
<SP HEIGHT="63" HPOS="1192" VPOS="3694" WIDTH="28" />
<String CONTENT="1934." HEIGHT="47" HPOS="1221" VPOS="3694" WIDTH="146" />
</TextLine>
<TextLine CS="1" HEIGHT="48" HPOS="294" STYLEREFS="StyleId-57366F39-B6BB-4B98-8B62-E5C4516CDAAD-" VPOS="3760" WIDTH="386">
<String CONTENT="xii," HEIGHT="48" HPOS="294" VPOS="3760" WIDTH="82" />
<SP HEIGHT="47" HPOS="377" VPOS="3761" WIDTH="31" />
<String CONTENT="338" HEIGHT="40" HPOS="409" VPOS="3761" WIDTH="84" />
<SP HEIGHT="47" HPOS="494" VPOS="3761" WIDTH="28" />
<String CONTENT="p." HEIGHT="37" HPOS="523" VPOS="3771" WIDTH="41" />
<SP HEIGHT="37" HPOS="565" VPOS="3762" WIDTH="60" />
<String CONTENT="19&#189;cm." CS="1" HEIGHT="39" HPOS="626" VPOS="3761" WIDTH="54" />
</TextLine>
<TextLine HEIGHT="53" HPOS="297" VPOS="3817" WIDTH="1560">
<String CONTENT="&#8220;References&#8221;" HEIGHT="40" HPOS="297" VPOS="3817" WIDTH="345" />
<SP HEIGHT="40" HPOS="643" VPOS="3817" WIDTH="24" />
<String CONTENT="at" HEIGHT="38" HPOS="668" VPOS="3820" WIDTH="52" />
<SP HEIGHT="38" HPOS="721" VPOS="3820" WIDTH="21" />
<String CONTENT="end" HEIGHT="39" HPOS="743" VPOS="3819" WIDTH="90" />
<SP HEIGHT="39" HPOS="834" VPOS="3819" WIDTH="23" />
<String CONTENT="of" HEIGHT="40" HPOS="858" VPOS="3818" WIDTH="52" />
<SP HEIGHT="40" HPOS="911" VPOS="3818" WIDTH="22" />
<String CONTENT="each" HEIGHT="39" HPOS="934" VPOS="3819" WIDTH="115" />
<SP HEIGHT="39" HPOS="1050" VPOS="3819" WIDTH="26" />
<String CONTENT="chapter," HEIGHT="45" HPOS="1077" VPOS="3820" WIDTH="210" />
<SP HEIGHT="31" HPOS="1288" VPOS="3830" WIDTH="26" />
<String CONTENT="except" HEIGHT="45" HPOS="1315" VPOS="3823" WIDTH="167" />
<SP HEIGHT="38" HPOS="1483" VPOS="3823" WIDTH="25" />
<String CONTENT="chapter" HEIGHT="47" HPOS="1509" VPOS="3823" WIDTH="199" />
<SP HEIGHT="38" HPOS="1709" VPOS="3824" WIDTH="24" />
<String CONTENT="four." HEIGHT="39" HPOS="1734" VPOS="3824" WIDTH="123" />
</TextLine>
<TextLine HEIGHT="56" HPOS="228" VPOS="3874" WIDTH="1975">
<String CONTENT="&#169;" HEIGHT="51" HPOS="228" VPOS="3874" WIDTH="51" />
<SP HEIGHT="51" HPOS="280" VPOS="3874" WIDTH="25" />
<String CONTENT="June" HEIGHT="40" HPOS="306" VPOS="3879" WIDTH="125" />
<SP HEIGHT="39" HPOS="432" VPOS="3880" WIDTH="22" />
<String CONTENT="4," HEIGHT="45" HPOS="455" VPOS="3880" WIDTH="39" />
<SP HEIGHT="45" HPOS="495" VPOS="3880" WIDTH="25" />
<String CONTENT="1934;" HEIGHT="45" HPOS="521" VPOS="3879" WIDTH="138" />
<SP HEIGHT="46" HPOS="660" VPOS="3878" WIDTH="27" />
<String CONTENT="2c." HEIGHT="41" HPOS="688" VPOS="3878" WIDTH="66" />
<SP HEIGHT="42" HPOS="755" VPOS="3877" WIDTH="25" />
<String CONTENT="June" HEIGHT="41" HPOS="781" VPOS="3877" WIDTH="125" />
<SP HEIGHT="40" HPOS="907" VPOS="3877" WIDTH="23" />
<String CONTENT="6;" HEIGHT="47" HPOS="931" VPOS="3877" WIDTH="52" />
<SP HEIGHT="36" HPOS="984" VPOS="3888" WIDTH="28" />
<String CONTENT="aff." HEIGHT="40" HPOS="1013" VPOS="3878" WIDTH="80" />
<SP HEIGHT="39" HPOS="1094" VPOS="3879" WIDTH="26" />
<String CONTENT="June" HEIGHT="39" HPOS="1121" VPOS="3879" WIDTH="125" />
<SP HEIGHT="38" HPOS="1247" VPOS="3880" WIDTH="24" />
<String CONTENT="5;" HEIGHT="45" HPOS="1272" VPOS="3880" WIDTH="51" />
<SP HEIGHT="45" HPOS="1324" VPOS="3880" WIDTH="28" />
<String CONTENT="A" HEIGHT="38" HPOS="1353" VPOS="3880" WIDTH="39" />
<SP HEIGHT="40" HPOS="1393" VPOS="3880" WIDTH="24" />
<String CONTENT="72710;" HEIGHT="47" HPOS="1418" VPOS="3881" WIDTH="169" />
<SP HEIGHT="46" HPOS="1588" VPOS="3882" WIDTH="27" />
<String CONTENT="F." HEIGHT="39" HPOS="1616" VPOS="3882" WIDTH="49" />
<SP HEIGHT="38" HPOS="1666" VPOS="3883" WIDTH="30" />
<String CONTENT="Znaniecki," HEIGHT="49" HPOS="1697" VPOS="3881" WIDTH="271" />
<SP HEIGHT="47" HPOS="1969" VPOS="3883" WIDTH="28" />
<String CONTENT="Poznan," HEIGHT="47" HPOS="1998" VPOS="3883" WIDTH="205" />
</TextLine>
<TextLine HEIGHT="47" HPOS="298" VPOS="3934" WIDTH="545">
<String CONTENT="Poland." HEIGHT="39" HPOS="298" VPOS="3936" WIDTH="197" />
<SP HEIGHT="46" HPOS="496" VPOS="3935" WIDTH="68" />
<String CONTENT="(34-15766)" HEIGHT="47" HPOS="565" VPOS="3934" WIDTH="278" />
</TextLine>
</TextBlock>
</PrintSpace>
</Page>
</Layout>
</alto>