<alto xmlns="http://www.loc.gov/standards/alto/ns-v3#" xmlns:xlink="http://www.w3.org/1999/xlink" xmlns:xsi="http://www.w3.org/2001/XMLSchema-instance" xsi:schemaLocation="http://www.loc.gov/standards/alto/ns-v3# http://www.loc.gov/alto/v3/alto-3-0.xsd"><Description>
<MeasurementUnit>pixel</MeasurementUnit>
<sourceImageInformation>
<fileName>1934_v1_Part1.pdf</fileName>
</sourceImageInformation>
<OCRProcessing ID="IdOcr">
<ocrProcessingStep>
<processingDateTime>2019-01-10</processingDateTime>
<processingSoftware>
<softwareCreator>ABBYY</softwareCreator>
<softwareName>ABBYY Recognition Server</softwareName>
<softwareVersion>4.0</softwareVersion>
</processingSoftware>
</ocrProcessingStep>
</OCRProcessing>
</Description>
<Styles>
<ParagraphStyle ID="StyleId-FFFFFFFF-FFFF-FFFF-FFFF-FFFFFFFFFFFF-" ALIGN="Left" LEFT="0." RIGHT="0." FIRSTLINE="0."/>
<ParagraphStyle ID="StyleId-521E1FC6-FE7E-43A4-90E6-A9B61626A263-" ALIGN="Right" LEFT="0." RIGHT="0." FIRSTLINE="0." LINESPACE="13.30000019"/>
<ParagraphStyle ID="StyleId-639B624E-F6F5-47B6-BB1D-34E64B53022F-" ALIGN="Left" LEFT="0." RIGHT="0." FIRSTLINE="-27." LINESPACE="13.43999958"/>
<ParagraphStyle ID="StyleId-100905F9-D385-406B-A5BD-ED5B8FD85431-" ALIGN="Left" LEFT="0." RIGHT="0." FIRSTLINE="0."/>
<ParagraphStyle ID="StyleId-7C9F9BA2-EF3A-4B7F-8486-CCC7B7F49B39-" ALIGN="Left" LEFT="0." RIGHT="0." FIRSTLINE="-27." LINESPACE="18.71999931"/>
<ParagraphStyle ID="StyleId-350780E3-60F2-4605-88F5-BB54F9B87091-" ALIGN="Block" LEFT="0." RIGHT="0." FIRSTLINE="-27." LINESPACE="18.71999931"/>
<ParagraphStyle ID="StyleId-90B16C58-D795-4C77-9B89-30378C515D40-" ALIGN="Left" LEFT="0." RIGHT="0." FIRSTLINE="0." LINESPACE="14.39999962"/>
<ParagraphStyle ID="StyleId-17090E09-AFAF-4086-BD9B-4E99FAE6B057-" ALIGN="Right" LEFT="0." RIGHT="0." FIRSTLINE="-27." LINESPACE="14.39999962"/>
<ParagraphStyle ID="StyleId-8B87B633-89DB-4D72-B1FC-26E4ABD680BC-" ALIGN="Left" LEFT="0." RIGHT="0." FIRSTLINE="-27." LINESPACE="18.47999954"/>
<ParagraphStyle ID="StyleId-42DA7417-CA90-4D71-A57B-06556C38D752-" ALIGN="Left" LEFT="0." RIGHT="0." FIRSTLINE="0." LINESPACE="13.30000019"/>
<ParagraphStyle ID="StyleId-D8EE2A7E-42AE-4E35-98DB-F0F935637AA0-" ALIGN="Block" LEFT="0." RIGHT="0." FIRSTLINE="0." LINESPACE="6.599999905"/>
<ParagraphStyle ID="StyleId-33CD3121-D4F5-43B6-BA96-6382D166E6B8-" ALIGN="Left" LEFT="0." RIGHT="0." FIRSTLINE="0." LINESPACE="15.5"/>
<ParagraphStyle ID="StyleId-1CE52AFA-C319-4DD9-B4B1-F0EBFA2B3F0B-" ALIGN="Block" LEFT="0." RIGHT="0." FIRSTLINE="-21." LINESPACE="18.71999931"/>
<ParagraphStyle ID="StyleId-B74F1B65-92F1-49C5-A5FA-D20442F031F2-" ALIGN="Left" LEFT="0." RIGHT="0." FIRSTLINE="0." LINESPACE="17.70006076"/>
<ParagraphStyle ID="StyleId-79E2924A-215C-40B7-B577-7236BFBAA25E-" ALIGN="Center" LEFT="0." RIGHT="0." FIRSTLINE="0." LINESPACE="7.199999809"/>
</Styles>
<Layout>
<Page ID="Page857" PHYSICAL_IMG_NR="857" HEIGHT="4296" WIDTH="2350">
<TopMargin HEIGHT="344" WIDTH="2350" VPOS="0" HPOS="0">
</TopMargin>
<LeftMargin HEIGHT="3747" WIDTH="139" VPOS="344" HPOS="0">
</LeftMargin>
<RightMargin HEIGHT="3747" WIDTH="174" VPOS="344" HPOS="2176">
</RightMargin>
<BottomMargin HEIGHT="205" WIDTH="2350" VPOS="4091" HPOS="0">
</BottomMargin>
<PrintSpace HEIGHT="3747" WIDTH="2037" VPOS="344" HPOS="139">
<TextBlock ID="Page857_Block1" HEIGHT="105" WIDTH="189" VPOS="3986" HPOS="1067" LANG="en-US" STYLEREFS="StyleId-C9C10B9D-007C-4E89-A296-3552174F8CF5-">
<TextLine HEIGHT="54" WIDTH="98" VPOS="3996" HPOS="1101">
<String CONTENT="857" HEIGHT="54" WIDTH="98" VPOS="3996" HPOS="1101"/>
</TextLine>
</TextBlock>
<TextBlock ID="Page857_Block2" HEIGHT="3649" WIDTH="2037" VPOS="344" HPOS="139" LANG="en-US" CS="1" STYLEREFS="StyleId-3C37A713-C3C9-4049-8A45-B4160CCD82A0-">
<Shape>
<Polygon POINTS="2146,344 2163,344 2163,481 2164,481 2164,758 2165,758 2165,1036 2166,1036 2166,1314 2167,1314 2167,1592 2168,1592 2168,1869 2169,1869 2169,2147 2170,2147 2170,2425 2171,2425 2171,2702 2172,2702 2172,2980 2173,2980 2173,3258 2174,3258 2174,3535 2175,3535 2175,3813 2176,3813 2176,3985 2148,3985 2148,3986 1870,3986 1870,3987 1593,3987 1593,3988 1315,3988 1315,3989 1037,3989 1037,3990 760,3990 760,3991 482,3991 482,3992 204,3992 204,3993 152,3993 152,3815 151,3815 151,3538 150,3538 150,3260 149,3260 149,2982 148,2982 148,2704 147,2704 147,2427 146,2427 146,2149 145,2149 145,1871 144,1871 144,1594 143,1594 143,1316 142,1316 142,1038 141,1038 141,761 140,761 140,483 139,483 139,352 202,352 202,351 480,351 480,350 757,350 757,349 1035,349 1035,348 1313,348 1313,347 1590,347 1590,346 1868,346 1868,345 2146,345 2146,344"/>
</Shape>
<TextLine HEIGHT="69" WIDTH="1111" VPOS="354" HPOS="158" STYLEREFS="StyleId-55A13E76-310F-4B80-A2B7-38299A82B2CE-">
<String LANG="fr" CONTENT="American" HEIGHT="55" WIDTH="313" VPOS="357" HPOS="158"/>
<SP HEIGHT="36" WIDTH="31" VPOS="374" HPOS="472"/>
<String LANG="en-US" CONTENT="academy" HEIGHT="64" WIDTH="283" VPOS="357" HPOS="504"/>
<SP HEIGHT="47" WIDTH="31" VPOS="373" HPOS="788"/>
<String LANG="en-US" CONTENT="of" HEIGHT="51" WIDTH="63" VPOS="357" HPOS="820"/>
<SP HEIGHT="51" WIDTH="29" VPOS="357" HPOS="884"/>
<String LANG="en-US" CONTENT="optometry." HEIGHT="61" WIDTH="355" VPOS="358" HPOS="914"/>
</TextLine>
<TextLine HEIGHT="76" WIDTH="1869" VPOS="429" HPOS="229" STYLEREFS="StyleId-F54783EA-419D-47D1-BA9F-3BA6F10C80F0-" CS="1">
<String CONTENT="Report" HEIGHT="67" WIDTH="220" VPOS="435" HPOS="229"/>
<SP HEIGHT="47" WIDTH="27" VPOS="440" HPOS="449"/>
<String CONTENT="of" HEIGHT="51" WIDTH="62" VPOS="436" HPOS="476"/>
<SP HEIGHT="51" WIDTH="28" VPOS="436" HPOS="538"/>
<String CONTENT="the" HEIGHT="51" WIDTH="98" VPOS="436" HPOS="566"/>
<SP HEIGHT="49" WIDTH="26" VPOS="438" HPOS="664"/>
<String CONTENT="transactions" HEIGHT="55" WIDTH="379" VPOS="432" HPOS="690"/>
<SP HEIGHT="33" WIDTH="29" VPOS="452" HPOS="1069"/>
<String CONTENT="of" HEIGHT="52" WIDTH="62" VPOS="433" HPOS="1098"/>
<SP HEIGHT="52" WIDTH="28" VPOS="433" HPOS="1160"/>
<String CONTENT="the" HEIGHT="52" WIDTH="95" VPOS="433" HPOS="1188"/>
<SP HEIGHT="48" WIDTH="28" VPOS="437" HPOS="1283"/>
<String CONTENT="twelfth" HEIGHT="53" WIDTH="230" VPOS="431" HPOS="1311"/>
<SP HEIGHT="51" WIDTH="30" VPOS="432" HPOS="1541"/>
<String CONTENT="annual" HEIGHT="52" WIDTH="213" VPOS="432" HPOS="1571"/>
<SP HEIGHT="51" WIDTH="31" VPOS="432" HPOS="1784"/>
<String CONTENT="meeting" HEIGHT="69" WIDTH="249" VPOS="431" HPOS="1815"/>
<SP HEIGHT="49" WIDTH="34" VPOS="450" HPOS="2064"/>
<String CS="1" CONTENT="&#8230;"/>
</TextLine>
<TextLine HEIGHT="77" WIDTH="1996" VPOS="506" HPOS="159" STYLEREFS="StyleId-F54783EA-419D-47D1-BA9F-3BA6F10C80F0-">
<String CONTENT="held" HEIGHT="53" WIDTH="130" VPOS="514" HPOS="159"/>
<SP HEIGHT="51" WIDTH="32" VPOS="514" HPOS="290"/>
<String CONTENT="at" HEIGHT="47" WIDTH="56" VPOS="519" HPOS="323"/>
<SP HEIGHT="51" WIDTH="29" VPOS="515" HPOS="380"/>
<String CONTENT="Baltimore," HEIGHT="69" WIDTH="332" VPOS="512" HPOS="410"/>
<SP HEIGHT="66" WIDTH="29" VPOS="514" HPOS="743"/>
<String CONTENT="Maryland," HEIGHT="69" WIDTH="327" VPOS="511" HPOS="773"/>
<SP HEIGHT="64" WIDTH="30" VPOS="513" HPOS="1101"/>
<String CONTENT="December," HEIGHT="67" WIDTH="323" VPOS="511" HPOS="1132"/>
<SP HEIGHT="62" WIDTH="34" VPOS="515" HPOS="1456"/>
<String CONTENT="1933." HEIGHT="51" WIDTH="150" VPOS="512" HPOS="1491"/>
<SP HEIGHT="33" WIDTH="73" VPOS="543" HPOS="1642"/>
<String CONTENT="[First" HEIGHT="67" WIDTH="176" VPOS="509" HPOS="1716"/>
<SP HEIGHT="46" WIDTH="30" VPOS="517" HPOS="1893"/>
<String CONTENT="edition." HEIGHT="54" WIDTH="231" VPOS="509" HPOS="1924"/>
</TextLine>
<TextLine HEIGHT="77" WIDTH="1999" VPOS="584" HPOS="157" STYLEREFS="StyleId-F54783EA-419D-47D1-BA9F-3BA6F10C80F0-" CS="1">
<String CONTENT="Volume" HEIGHT="54" WIDTH="242" VPOS="591" HPOS="157"/>
<SP HEIGHT="34" WIDTH="38" VPOS="609" HPOS="400"/>
<String CS="1" CONTENT="VIII." HEIGHT="9" WIDTH="9" VPOS="632" HPOS="551"/>
<SP HEIGHT="52" WIDTH="80" VPOS="592" HPOS="561"/>
<String CONTENT="Minneapolis," HEIGHT="70" WIDTH="403" VPOS="589" HPOS="642"/>
<SP HEIGHT="66" WIDTH="41" VPOS="591" HPOS="1046"/>
<String CONTENT="Minn.," HEIGHT="68" WIDTH="200" VPOS="589" HPOS="1088"/>
<SP HEIGHT="65" WIDTH="44" VPOS="592" HPOS="1289"/>
<String CONTENT="Printed" HEIGHT="53" WIDTH="240" VPOS="589" HPOS="1334"/>
<SP HEIGHT="53" WIDTH="43" VPOS="588" HPOS="1575"/>
<String CONTENT="by" HEIGHT="66" WIDTH="72" VPOS="589" HPOS="1619"/>
<SP HEIGHT="65" WIDTH="44" VPOS="590" HPOS="1692"/>
<String CONTENT="The" HEIGHT="50" WIDTH="124" VPOS="590" HPOS="1737"/>
<SP HEIGHT="52" WIDTH="40" VPOS="589" HPOS="1862"/>
<String CONTENT="Elander" HEIGHT="54" WIDTH="253" VPOS="587" HPOS="1903"/>
</TextLine>
<TextLine HEIGHT="69" WIDTH="579" VPOS="669" HPOS="157" STYLEREFS="StyleId-F54783EA-419D-47D1-BA9F-3BA6F10C80F0-" CS="1">
<String CONTENT="printing" HEIGHT="68" WIDTH="265" VPOS="670" HPOS="157"/>
<SP HEIGHT="49" WIDTH="25" VPOS="688" HPOS="423"/>
<String CONTENT="co.," HEIGHT="48" WIDTH="97" VPOS="688" HPOS="449"/>
<SP HEIGHT="58" WIDTH="30" VPOS="677" HPOS="547"/>
<String CS="1" CONTENT="c1934]" HEIGHT="50" WIDTH="158" VPOS="672" HPOS="578"/>
</TextLine>
<TextLine HEIGHT="53" WIDTH="1049" VPOS="740" HPOS="230" CS="1">
<String CONTENT="4" HEIGHT="38" WIDTH="28" VPOS="745" HPOS="230"/>
<SP HEIGHT="46" WIDTH="26" VPOS="745" HPOS="258"/>
<String CONTENT="p." HEIGHT="36" WIDTH="41" VPOS="755" HPOS="284"/>
<SP/>
<String CS="1" CONTENT="l.,"/>
<SP HEIGHT="45" WIDTH="28" VPOS="745" HPOS="400"/>
<String CONTENT="11-206" HEIGHT="41" WIDTH="172" VPOS="742" HPOS="428"/>
<SP HEIGHT="48" WIDTH="27" VPOS="742" HPOS="600"/>
<String CONTENT="p." HEIGHT="36" WIDTH="42" VPOS="754" HPOS="627"/>
<SP HEIGHT="40" WIDTH="57" VPOS="743" HPOS="669"/>
<String CONTENT="illus.," HEIGHT="50" WIDTH="144" VPOS="742" HPOS="726"/>
<SP HEIGHT="49" WIDTH="28" VPOS="742" HPOS="870"/>
<String CONTENT="diagrs." HEIGHT="48" WIDTH="179" VPOS="741" HPOS="898"/>
<SP HEIGHT="41" WIDTH="58" VPOS="740" HPOS="1077"/>
<String CS="1" CONTENT="23&#189;cm." HEIGHT="7" WIDTH="7" VPOS="773" HPOS="1272"/>
</TextLine>
<TextLine HEIGHT="61" WIDTH="1994" VPOS="804" HPOS="165" CS="1">
<String CONTENT="&#169;" HEIGHT="53" WIDTH="50" VPOS="811" HPOS="165"/>
<SP HEIGHT="52" WIDTH="35" VPOS="811" HPOS="216"/>
<String CONTENT="June" HEIGHT="39" WIDTH="126" VPOS="816" HPOS="252"/>
<SP HEIGHT="40" WIDTH="31" VPOS="815" HPOS="379"/>
<String CONTENT="30," HEIGHT="48" WIDTH="68" VPOS="814" HPOS="411"/>
<SP HEIGHT="46" WIDTH="34" VPOS="815" HPOS="480"/>
<String CONTENT="1934;" HEIGHT="46" WIDTH="140" VPOS="814" HPOS="515"/>
<SP HEIGHT="46" WIDTH="36" VPOS="814" HPOS="656"/>
<String CONTENT="2c." HEIGHT="42" WIDTH="66" VPOS="813" HPOS="693"/>
<SP HEIGHT="40" WIDTH="35" VPOS="813" HPOS="760"/>
<String CONTENT="July" HEIGHT="47" WIDTH="118" VPOS="813" HPOS="796"/>
<SP HEIGHT="47" WIDTH="31" VPOS="813" HPOS="915"/>
<String CS="1" CONTENT="6;" HEIGHT="40" WIDTH="24" VPOS="813" HPOS="947"/>
<SP HEIGHT="36" WIDTH="34" VPOS="823" HPOS="999"/>
<String CS="1" CONTENT="aff." HEIGHT="41" WIDTH="52" VPOS="811" HPOS="1034"/>
<SP HEIGHT="40" WIDTH="35" VPOS="811" HPOS="1116"/>
<String CONTENT="Aug." HEIGHT="47" WIDTH="117" VPOS="813" HPOS="1152"/>
<SP HEIGHT="38" WIDTH="35" VPOS="814" HPOS="1270"/>
<String CONTENT="1;" HEIGHT="46" WIDTH="51" VPOS="813" HPOS="1306"/>
<SP HEIGHT="46" WIDTH="37" VPOS="812" HPOS="1358"/>
<!-- cceid C28CCDE2-6C64-1014-8713-889FF4349C01 --><String CONTENT="A" HEIGHT="38" WIDTH="41" VPOS="812" HPOS="1396"/>
<SP HEIGHT="40" WIDTH="33" VPOS="812" HPOS="1438"/>
<String CONTENT="73681;" HEIGHT="48" WIDTH="170" VPOS="810" HPOS="1472"/>
<SP HEIGHT="46" WIDTH="37" VPOS="811" HPOS="1643"/>
<String LANG="fi" CONTENT="Amer." HEIGHT="39" WIDTH="156" VPOS="811" HPOS="1681"/>
<SP HEIGHT="48" WIDTH="35" VPOS="811" HPOS="1838"/>
<String CONTENT="journal" HEIGHT="47" WIDTH="197" VPOS="811" HPOS="1874"/>
<SP HEIGHT="40" WIDTH="34" VPOS="812" HPOS="2072"/>
<String CONTENT="of" HEIGHT="40" WIDTH="52" VPOS="812" HPOS="2107"/>
</TextLine>
<TextLine HEIGHT="50" WIDTH="653" VPOS="871" HPOS="231">
<String CONTENT="optometry," HEIGHT="47" WIDTH="284" VPOS="873" HPOS="231"/>
<SP HEIGHT="44" WIDTH="33" VPOS="872" HPOS="516"/>
<String CONTENT="Minneapolis." HEIGHT="49" WIDTH="334" VPOS="871" HPOS="550"/>
</TextLine>
<TextLine HEIGHT="69" WIDTH="1038" VPOS="987" HPOS="156" STYLEREFS="StyleId-55A13E76-310F-4B80-A2B7-38299A82B2CE-">
<String CONTENT="American" HEIGHT="54" WIDTH="316" VPOS="990" HPOS="156"/>
<SP HEIGHT="53" WIDTH="38" VPOS="992" HPOS="472"/>
<String CONTENT="Clan" HEIGHT="53" WIDTH="142" VPOS="991" HPOS="510"/>
<SP HEIGHT="52" WIDTH="39" VPOS="991" HPOS="652"/>
<String CONTENT="Gregor" HEIGHT="64" WIDTH="224" VPOS="990" HPOS="691"/>
<SP HEIGHT="38" WIDTH="38" VPOS="1005" HPOS="915"/>
<String CONTENT="society." HEIGHT="63" WIDTH="241" VPOS="989" HPOS="953"/>
</TextLine>
<TextLine HEIGHT="80" WIDTH="1925" VPOS="1060" HPOS="230" STYLEREFS="StyleId-F54783EA-419D-47D1-BA9F-3BA6F10C80F0-" CS="1">
<String CONTENT="Year" HEIGHT="52" WIDTH="153" VPOS="1067" HPOS="230"/>
<SP HEIGHT="51" WIDTH="45" VPOS="1068" HPOS="384"/>
<String CONTENT="book" HEIGHT="52" WIDTH="147" VPOS="1067" HPOS="430"/>
<SP HEIGHT="51" WIDTH="48" VPOS="1067" HPOS="578"/>
<String CS="1" CONTENT="&#8230;"/>
<SP HEIGHT="33" WIDTH="51" VPOS="1086" HPOS="682"/>
<String CONTENT="containing" HEIGHT="70" WIDTH="333" VPOS="1065" HPOS="734"/>
<SP HEIGHT="61" WIDTH="41" VPOS="1072" HPOS="1068"/>
<String CONTENT="the" HEIGHT="51" WIDTH="95" VPOS="1067" HPOS="1110"/>
<SP HEIGHT="50" WIDTH="44" VPOS="1084" HPOS="1206"/>
<String CONTENT="proceedings" HEIGHT="71" WIDTH="371" VPOS="1064" HPOS="1251"/>
<SP HEIGHT="36" WIDTH="44" VPOS="1084" HPOS="1623"/>
<String CONTENT="of" HEIGHT="52" WIDTH="63" VPOS="1065" HPOS="1668"/>
<SP HEIGHT="52" WIDTH="44" VPOS="1065" HPOS="1732"/>
<String CONTENT="the" HEIGHT="53" WIDTH="96" VPOS="1065" HPOS="1777"/>
<SP HEIGHT="46" WIDTH="44" VPOS="1071" HPOS="1874"/>
<String CONTENT="twenty-" HEIGHT="64" WIDTH="236" VPOS="1070" HPOS="1919"/>
</TextLine>
<TextLine HEIGHT="139" WIDTH="1973" VPOS="1139" HPOS="156" STYLEREFS="StyleId-F54783EA-419D-47D1-BA9F-3BA6F10C80F0-" CS="1">
<String CONTENT="fourth" HEIGHT="53" WIDTH="199" VPOS="1145" HPOS="156"/>
<SP HEIGHT="51" WIDTH="38" VPOS="1146" HPOS="356"/>
<String CONTENT="annual" HEIGHT="51" WIDTH="209" VPOS="1147" HPOS="395"/>
<SP HEIGHT="66" WIDTH="35" VPOS="1147" HPOS="605"/>
<String CONTENT="gathering" HEIGHT="69" WIDTH="306" VPOS="1145" HPOS="641"/>
<SP HEIGHT="49" WIDTH="41" VPOS="1164" HPOS="948"/>
<String CONTENT="[1933]" HEIGHT="64" WIDTH="170" VPOS="1147" HPOS="990"/>
<SP HEIGHT="64" WIDTH="77" VPOS="1145" HPOS="1161"/>
<String CONTENT="Richmond," HEIGHT="69" WIDTH="340" VPOS="1143" HPOS="1239"/>
<SP HEIGHT="66" WIDTH="34" VPOS="1145" HPOS="1580"/>
<String LANG="fr" CONTENT="Va.," HEIGHT="53" WIDTH="123" VPOS="1145" HPOS="1615"/>
<SP HEIGHT="53" WIDTH="35" VPOS="1145" HPOS="1739"/>
<String CONTENT="The" HEIGHT="52" WIDTH="120" VPOS="1144" HPOS="1775"/>
<SP HEIGHT="51" WIDTH="37" VPOS="1145" HPOS="1896"/>
<String CONTENT="American" HEIGHT="133" WIDTH="1971" VPOS="1145" HPOS="158"/>
</TextLine>
<TextLine HEIGHT="71" WIDTH="860" VPOS="1222" HPOS="292" STYLEREFS="StyleId-F54783EA-419D-47D1-BA9F-3BA6F10C80F0-">
<String CONTENT="Clan" HEIGHT="54" WIDTH="144" VPOS="1225" HPOS="292"/>
<SP HEIGHT="53" WIDTH="28" VPOS="1225" HPOS="437"/>
<String CONTENT="Gregor" HEIGHT="69" WIDTH="221" VPOS="1224" HPOS="466"/>
<SP HEIGHT="34" WIDTH="28" VPOS="1243" HPOS="688"/>
<String CONTENT="society" HEIGHT="67" WIDTH="209" VPOS="1224" HPOS="717"/>
<SP HEIGHT="62" WIDTH="33" VPOS="1228" HPOS="927"/>
<String CONTENT="[c1934]" HEIGHT="65" WIDTH="191" VPOS="1225" HPOS="961"/>
</TextLine>
<TextLine HEIGHT="49" WIDTH="627" VPOS="1297" HPOS="231" CS="1">
<String CONTENT="71" HEIGHT="39" WIDTH="53" VPOS="1300" HPOS="231"/>
<SP HEIGHT="46" WIDTH="28" VPOS="1300" HPOS="284"/>
<String LANG="fr" CONTENT="p.," HEIGHT="37" WIDTH="57" VPOS="1309" HPOS="312"/>
<SP HEIGHT="47" WIDTH="30" VPOS="1299" HPOS="369"/>
<String CONTENT="1" HEIGHT="38" WIDTH="24" VPOS="1299" HPOS="399"/>
<SP HEIGHT="38" WIDTH="29" VPOS="1299" HPOS="423"/>
<String CS="1" CONTENT="l." HEIGHT="7" WIDTH="6" VPOS="1330" HPOS="474"/>
<SP HEIGHT="37" WIDTH="58" VPOS="1308" HPOS="480"/>
<String CONTENT="ports." HEIGHT="45" WIDTH="147" VPOS="1300" HPOS="538"/>
<SP HEIGHT="38" WIDTH="57" VPOS="1299" HPOS="685"/>
<String CONTENT="23cm." HEIGHT="41" WIDTH="116" VPOS="1298" HPOS="742"/>
</TextLine>
<TextLine HEIGHT="53" WIDTH="975" VPOS="1351" HPOS="233">
<String CONTENT="&#8220;John" HEIGHT="41" WIDTH="155" VPOS="1354" HPOS="233"/>
<SP HEIGHT="38" WIDTH="28" VPOS="1356" HPOS="389"/>
<String CONTENT="Bowie" HEIGHT="42" WIDTH="165" VPOS="1353" HPOS="418"/>
<SP HEIGHT="39" WIDTH="28" VPOS="1355" HPOS="584"/>
<String CONTENT="Ferneyhough," HEIGHT="49" WIDTH="365" VPOS="1354" HPOS="613"/>
<SP HEIGHT="36" WIDTH="28" VPOS="1365" HPOS="979"/>
<String CONTENT="editor.&#8221;" HEIGHT="43" WIDTH="200" VPOS="1352" HPOS="1008"/>
</TextLine>
<TextLine HEIGHT="62" WIDTH="1991" VPOS="1416" HPOS="166" CS="1">
<String CONTENT="&#169;" HEIGHT="51" WIDTH="50" VPOS="1423" HPOS="166"/>
<SP HEIGHT="50" WIDTH="25" VPOS="1423" HPOS="217"/>
<String CONTENT="July" HEIGHT="46" WIDTH="114" VPOS="1427" HPOS="243"/>
<SP HEIGHT="47" WIDTH="22" VPOS="1426" HPOS="358"/>
<String CONTENT="30," HEIGHT="47" WIDTH="69" VPOS="1426" HPOS="381"/>
<SP HEIGHT="46" WIDTH="23" VPOS="1427" HPOS="451"/>
<String CS="1" CONTENT="1934;" HEIGHT="41" WIDTH="113" VPOS="1426" HPOS="475"/>
<SP HEIGHT="46" WIDTH="25" VPOS="1426" HPOS="616"/>
<String CONTENT="2c." HEIGHT="39" WIDTH="65" VPOS="1426" HPOS="642"/>
<SP HEIGHT="27" WIDTH="25" VPOS="1438" HPOS="708"/>
<String CONTENT="and" HEIGHT="39" WIDTH="95" VPOS="1427" HPOS="734"/>
<SP/>
<String CS="1" CONTENT="aff."/>
<SP/>
<String CONTENT="Aug." HEIGHT="49" WIDTH="119" VPOS="1424" HPOS="961"/>
<SP HEIGHT="39" WIDTH="23" VPOS="1425" HPOS="1081"/>
<String CS="1" CONTENT="1;" HEIGHT="38" WIDTH="24" VPOS="1425" HPOS="1105"/>
<SP HEIGHT="45" WIDTH="25" VPOS="1425" HPOS="1158"/>
<!-- cceid C28D2C43-6C64-1014-8713-889FF4349C01 --><String CONTENT="A" HEIGHT="37" WIDTH="40" VPOS="1425" HPOS="1184"/>
<SP HEIGHT="39" WIDTH="23" VPOS="1425" HPOS="1225"/>
<String CS="1" CONTENT="73680;" HEIGHT="42" WIDTH="142" VPOS="1422" HPOS="1249"/>
<SP HEIGHT="46" WIDTH="27" VPOS="1424" HPOS="1420"/>
<String CONTENT="John" HEIGHT="40" WIDTH="127" VPOS="1424" HPOS="1448"/>
<SP HEIGHT="38" WIDTH="25" VPOS="1425" HPOS="1576"/>
<String CONTENT="Bowie" HEIGHT="40" WIDTH="163" VPOS="1423" HPOS="1602"/>
<SP HEIGHT="39" WIDTH="26" VPOS="1424" HPOS="1766"/>
<String CONTENT="Ferneyhough," HEIGHT="50" WIDTH="364" VPOS="1422" HPOS="1793"/>
</TextLine>
<TextLine HEIGHT="43" WIDTH="281" VPOS="1481" HPOS="232">
<String CONTENT="Richmond." HEIGHT="43" WIDTH="281" VPOS="1481" HPOS="232"/>
</TextLine>
<TextLine HEIGHT="68" WIDTH="695" VPOS="1600" HPOS="158" STYLEREFS="StyleId-55A13E76-310F-4B80-A2B7-38299A82B2CE-">
<String CONTENT="Anderson," HEIGHT="67" WIDTH="328" VPOS="1601" HPOS="158"/>
<SP HEIGHT="63" WIDTH="30" VPOS="1603" HPOS="487"/>
<String CONTENT="Frederick." HEIGHT="56" WIDTH="335" VPOS="1601" HPOS="518"/>
</TextLine>
<TextLine HEIGHT="80" WIDTH="1923" VPOS="1672" HPOS="232" STYLEREFS="StyleId-F54783EA-419D-47D1-BA9F-3BA6F10C80F0-">
<String CONTENT="A" HEIGHT="52" WIDTH="54" VPOS="1681" HPOS="232"/>
<SP HEIGHT="66" WIDTH="32" VPOS="1681" HPOS="287"/>
<String CONTENT="primer" HEIGHT="68" WIDTH="215" VPOS="1679" HPOS="320"/>
<SP HEIGHT="34" WIDTH="35" VPOS="1697" HPOS="536"/>
<String CONTENT="of" HEIGHT="52" WIDTH="63" VPOS="1679" HPOS="572"/>
<SP HEIGHT="52" WIDTH="34" VPOS="1679" HPOS="636"/>
<String CONTENT="romance" HEIGHT="36" WIDTH="261" VPOS="1696" HPOS="671"/>
<SP HEIGHT="50" WIDTH="34" VPOS="1696" HPOS="933"/>
<String CONTENT="philology" HEIGHT="71" WIDTH="296" VPOS="1676" HPOS="968"/>
<SP HEIGHT="68" WIDTH="33" VPOS="1678" HPOS="1265"/>
<String CONTENT="in" HEIGHT="55" WIDTH="60" VPOS="1677" HPOS="1299"/>
<SP HEIGHT="48" WIDTH="36" VPOS="1683" HPOS="1360"/>
<String CONTENT="the" HEIGHT="52" WIDTH="96" VPOS="1679" HPOS="1397"/>
<SP HEIGHT="53" WIDTH="34" VPOS="1678" HPOS="1494"/>
<String CONTENT="form" HEIGHT="54" WIDTH="152" VPOS="1677" HPOS="1529"/>
<SP HEIGHT="34" WIDTH="34" VPOS="1696" HPOS="1682"/>
<String CONTENT="of" HEIGHT="53" WIDTH="64" VPOS="1677" HPOS="1717"/>
<SP HEIGHT="54" WIDTH="35" VPOS="1677" HPOS="1782"/>
<String CONTENT="a" HEIGHT="35" WIDTH="30" VPOS="1696" HPOS="1818"/>
<SP HEIGHT="37" WIDTH="35" VPOS="1695" HPOS="1849"/>
<String CONTENT="syllabus," HEIGHT="68" WIDTH="270" VPOS="1678" HPOS="1885"/>
</TextLine>
<TextLine HEIGHT="77" WIDTH="1570" VPOS="1753" HPOS="160" STYLEREFS="StyleId-F54783EA-419D-47D1-BA9F-3BA6F10C80F0-" CS="1">
<String CONTENT="by" HEIGHT="68" WIDTH="73" VPOS="1758" HPOS="160"/>
<SP HEIGHT="65" WIDTH="26" VPOS="1760" HPOS="234"/>
<String CONTENT="Frederick" HEIGHT="54" WIDTH="309" VPOS="1757" HPOS="261"/>
<SP HEIGHT="52" WIDTH="23" VPOS="1758" HPOS="571"/>
<String CONTENT="Anderson" HEIGHT="53" WIDTH="302" VPOS="1758" HPOS="595"/>
<SP HEIGHT="33" WIDTH="31" VPOS="1777" HPOS="898"/>
<String CS="1" CONTENT="&#8230;"/>
<SP HEIGHT="56" WIDTH="80" VPOS="1756" HPOS="986"/>
<String CONTENT="Stanford" HEIGHT="57" WIDTH="281" VPOS="1754" HPOS="1067"/>
<SP HEIGHT="54" WIDTH="24" VPOS="1756" HPOS="1349"/>
<String CONTENT="University," HEIGHT="70" WIDTH="356" VPOS="1755" HPOS="1374"/>
</TextLine>
<TextLine HEIGHT="151" WIDTH="1965" VPOS="1756" HPOS="163" STYLEREFS="StyleId-F54783EA-419D-47D1-BA9F-3BA6F10C80F0-" CS="1">
<String CONTENT="Calif.," HEIGHT="69" WIDTH="194" VPOS="1756" HPOS="1762"/>
<SP HEIGHT="67" WIDTH="29" VPOS="1757" HPOS="1957"/>
<String CONTENT="Stanford" HEIGHT="133" WIDTH="1965" VPOS="1757" HPOS="163"/>
<SP HEIGHT="52" WIDTH="29" VPOS="1837" HPOS="297"/>
<String CONTENT="university" HEIGHT="71" WIDTH="318" VPOS="1834" HPOS="326"/>
<SP HEIGHT="63" WIDTH="30" VPOS="1841" HPOS="644"/>
<String CONTENT="press" HEIGHT="50" WIDTH="156" VPOS="1853" HPOS="674"/>
<SP HEIGHT="49" WIDTH="34" VPOS="1855" HPOS="830"/>
<String CS="1" CONTENT="[c1934]" HEIGHT="65" WIDTH="193" VPOS="1839" HPOS="864"/>
</TextLine>
<TextLine HEIGHT="50" WIDTH="298" VPOS="1909" HPOS="230" CS="1">
<String CONTENT="15" HEIGHT="40" WIDTH="55" VPOS="1911" HPOS="230"/>
<SP HEIGHT="48" WIDTH="27" VPOS="1911" HPOS="286"/>
<String CONTENT="p." HEIGHT="38" WIDTH="44" VPOS="1921" HPOS="314"/>
<SP HEIGHT="41" WIDTH="50" VPOS="1910" HPOS="359"/>
<String CS="1" CONTENT="23cm." HEIGHT="41" WIDTH="118" VPOS="1909" HPOS="410"/>
</TextLine>
<TextLine HEIGHT="42" WIDTH="494" VPOS="1980" HPOS="234">
<String CONTENT="&#8220;Revised" HEIGHT="41" WIDTH="236" VPOS="1981" HPOS="234"/>
<SP HEIGHT="39" WIDTH="30" VPOS="1982" HPOS="471"/>
<String CONTENT="edition.&#8221;" HEIGHT="41" WIDTH="226" VPOS="1980" HPOS="502"/>
</TextLine>
<TextLine HEIGHT="53" WIDTH="1925" VPOS="2032" HPOS="232">
<String CONTENT="Published" HEIGHT="42" WIDTH="260" VPOS="2038" HPOS="232"/>
<SP HEIGHT="40" WIDTH="46" VPOS="2039" HPOS="493"/>
<String CONTENT="1933" HEIGHT="40" WIDTH="112" VPOS="2038" HPOS="540"/>
<SP HEIGHT="39" WIDTH="47" VPOS="2039" HPOS="653"/>
<String CONTENT="under" HEIGHT="40" WIDTH="153" VPOS="2039" HPOS="701"/>
<SP HEIGHT="38" WIDTH="45" VPOS="2039" HPOS="855"/>
<String CONTENT="title:" HEIGHT="41" WIDTH="135" VPOS="2036" HPOS="901"/>
<SP HEIGHT="37" WIDTH="49" VPOS="2038" HPOS="1037"/>
<String CONTENT="A" HEIGHT="37" WIDTH="38" VPOS="2038" HPOS="1087"/>
<SP HEIGHT="38" WIDTH="47" VPOS="2038" HPOS="1126"/>
<String CONTENT="syllabus" HEIGHT="46" WIDTH="216" VPOS="2036" HPOS="1174"/>
<SP HEIGHT="39" WIDTH="46" VPOS="2037" HPOS="1391"/>
<String CONTENT="for" HEIGHT="40" WIDTH="77" VPOS="2037" HPOS="1438"/>
<SP HEIGHT="30" WIDTH="47" VPOS="2048" HPOS="1516"/>
<String CONTENT="students" HEIGHT="40" WIDTH="222" VPOS="2039" HPOS="1564"/>
<SP HEIGHT="30" WIDTH="48" VPOS="2048" HPOS="1787"/>
<String CONTENT="of" HEIGHT="40" WIDTH="50" VPOS="2038" HPOS="1836"/>
<SP HEIGHT="39" WIDTH="48" VPOS="2038" HPOS="1887"/>
<String CONTENT="romance" HEIGHT="31" WIDTH="221" VPOS="2048" HPOS="1936"/>
</TextLine>
<TextLine HEIGHT="49" WIDTH="258" VPOS="2096" HPOS="160">
<String CONTENT="philology." HEIGHT="49" WIDTH="258" VPOS="2096" HPOS="160"/>
</TextLine>
<TextLine HEIGHT="50" WIDTH="519" VPOS="2152" HPOS="229" CS="1">
<String CS="1" CONTENT="Bibliography:" HEIGHT="50" WIDTH="349" VPOS="2152" HPOS="229"/>
<SP HEIGHT="37" WIDTH="29" VPOS="2163" HPOS="607"/>
<String CONTENT="p." HEIGHT="37" WIDTH="42" VPOS="2163" HPOS="637"/>
<SP HEIGHT="40" WIDTH="28" VPOS="2152" HPOS="680"/>
<String CONTENT="2." HEIGHT="40" WIDTH="39" VPOS="2152" HPOS="709"/>
</TextLine>
<TextLine HEIGHT="63" WIDTH="1994" VPOS="2212" HPOS="164" CS="1">
<String CONTENT="&#169;" HEIGHT="54" WIDTH="50" VPOS="2219" HPOS="164"/>
<SP HEIGHT="53" WIDTH="30" VPOS="2219" HPOS="215"/>
<String CONTENT="June" HEIGHT="39" WIDTH="126" VPOS="2225" HPOS="246"/>
<SP HEIGHT="39" WIDTH="26" VPOS="2224" HPOS="373"/>
<String CONTENT="23," HEIGHT="46" WIDTH="71" VPOS="2224" HPOS="400"/>
<SP HEIGHT="46" WIDTH="29" VPOS="2224" HPOS="472"/>
<String CONTENT="1934;" HEIGHT="46" WIDTH="140" VPOS="2223" HPOS="502"/>
<SP HEIGHT="46" WIDTH="31" VPOS="2223" HPOS="643"/>
<String CONTENT="2c." HEIGHT="39" WIDTH="65" VPOS="2223" HPOS="675"/>
<SP HEIGHT="41" WIDTH="32" VPOS="2222" HPOS="741"/>
<String CONTENT="June" HEIGHT="40" WIDTH="126" VPOS="2222" HPOS="774"/>
<SP HEIGHT="39" WIDTH="27" VPOS="2223" HPOS="901"/>
<String CONTENT="30;" HEIGHT="48" WIDTH="82" VPOS="2221" HPOS="929"/>
<SP HEIGHT="37" WIDTH="34" VPOS="2232" HPOS="1012"/>
<String CS="1" CONTENT="aff."/>
<SP HEIGHT="38" WIDTH="31" VPOS="2223" HPOS="1128"/>
<String CONTENT="July" HEIGHT="46" WIDTH="114" VPOS="2223" HPOS="1160"/>
<SP HEIGHT="47" WIDTH="29" VPOS="2222" HPOS="1275"/>
<String CONTENT="3;" HEIGHT="48" WIDTH="52" VPOS="2221" HPOS="1305"/>
<SP HEIGHT="46" WIDTH="33" VPOS="2222" HPOS="1358"/>
<!-- cceid C28D8EE8-6C64-1014-8713-889FF4349C01 --><String CONTENT="A" HEIGHT="41" WIDTH="43" VPOS="2222" HPOS="1392"/>
<SP HEIGHT="41" WIDTH="26" VPOS="2222" HPOS="1436"/>
<String CS="1" CONTENT="73283;" HEIGHT="41" WIDTH="143" VPOS="2221" HPOS="1463"/>
<SP HEIGHT="46" WIDTH="34" VPOS="2223" HPOS="1634"/>
<String CONTENT="Board" HEIGHT="39" WIDTH="162" VPOS="2223" HPOS="1669"/>
<SP HEIGHT="39" WIDTH="29" VPOS="2224" HPOS="1832"/>
<String CONTENT="of" HEIGHT="40" WIDTH="53" VPOS="2223" HPOS="1862"/>
<SP HEIGHT="40" WIDTH="30" VPOS="2223" HPOS="1916"/>
<String CONTENT="trustees" HEIGHT="41" WIDTH="211" VPOS="2223" HPOS="1947"/>
</TextLine>
<TextLine HEIGHT="59" WIDTH="1922" VPOS="2274" HPOS="235">
<String CONTENT="of" HEIGHT="39" WIDTH="50" VPOS="2281" HPOS="235"/>
<SP HEIGHT="40" WIDTH="45" VPOS="2281" HPOS="286"/>
<String CONTENT="the" HEIGHT="39" WIDTH="81" VPOS="2282" HPOS="332"/>
<SP HEIGHT="39" WIDTH="46" VPOS="2282" HPOS="414"/>
<String CONTENT="Leland" HEIGHT="41" WIDTH="182" VPOS="2280" HPOS="461"/>
<SP HEIGHT="41" WIDTH="48" VPOS="2280" HPOS="644"/>
<String CONTENT="Stanford" HEIGHT="42" WIDTH="236" VPOS="2279" HPOS="693"/>
<SP HEIGHT="46" WIDTH="43" VPOS="2279" HPOS="930"/>
<String CONTENT="junior" HEIGHT="47" WIDTH="164" VPOS="2278" HPOS="974"/>
<SP HEIGHT="28" WIDTH="46" VPOS="2290" HPOS="1139"/>
<String CONTENT="univ.," HEIGHT="47" WIDTH="143" VPOS="2279" HPOS="1186"/>
<SP HEIGHT="46" WIDTH="52" VPOS="2279" HPOS="1330"/>
<String CONTENT="Stanford" HEIGHT="41" WIDTH="234" VPOS="2278" HPOS="1383"/>
<SP HEIGHT="39" WIDTH="48" VPOS="2280" HPOS="1618"/>
<String CONTENT="University," HEIGHT="49" WIDTH="295" VPOS="2279" HPOS="1667"/>
<SP HEIGHT="45" WIDTH="49" VPOS="2280" HPOS="1963"/>
<String CONTENT="Calif." HEIGHT="41" WIDTH="144" VPOS="2279" HPOS="2013"/>
</TextLine>
<TextLine HEIGHT="58" WIDTH="1373" VPOS="2332" HPOS="233">
<String CONTENT="[Copyright" HEIGHT="50" WIDTH="279" VPOS="2337" HPOS="233"/>
<SP HEIGHT="39" WIDTH="25" VPOS="2338" HPOS="513"/>
<String CONTENT="is" HEIGHT="39" WIDTH="41" VPOS="2338" HPOS="539"/>
<SP HEIGHT="29" WIDTH="26" VPOS="2348" HPOS="581"/>
<String CONTENT="claimed" HEIGHT="42" WIDTH="205" VPOS="2335" HPOS="608"/>
<SP HEIGHT="39" WIDTH="26" VPOS="2337" HPOS="814"/>
<String CONTENT="on" HEIGHT="28" WIDTH="58" VPOS="2348" HPOS="841"/>
<SP HEIGHT="28" WIDTH="27" VPOS="2347" HPOS="900"/>
<String CONTENT="new" HEIGHT="28" WIDTH="108" VPOS="2347" HPOS="928"/>
<SP HEIGHT="27" WIDTH="23" VPOS="2347" HPOS="1037"/>
<String CONTENT="matter]" HEIGHT="47" WIDTH="191" VPOS="2338" HPOS="1061"/>
<SP HEIGHT="49" WIDTH="73" VPOS="2336" HPOS="1253"/>
<String CONTENT="(34-19311)" HEIGHT="51" WIDTH="279" VPOS="2335" HPOS="1327"/>
</TextLine>
<TextLine HEIGHT="67" WIDTH="1896" VPOS="2449" HPOS="157" STYLEREFS="StyleId-55A13E76-310F-4B80-A2B7-38299A82B2CE-">
<String CONTENT="Association" HEIGHT="55" WIDTH="375" VPOS="2454" HPOS="157"/>
<SP HEIGHT="52" WIDTH="33" VPOS="2455" HPOS="533"/>
<String CONTENT="for" HEIGHT="52" WIDTH="96" VPOS="2455" HPOS="567"/>
<SP HEIGHT="34" WIDTH="32" VPOS="2472" HPOS="664"/>
<String CONTENT="research" HEIGHT="54" WIDTH="278" VPOS="2454" HPOS="697"/>
<SP HEIGHT="51" WIDTH="34" VPOS="2454" HPOS="976"/>
<String CONTENT="in" HEIGHT="52" WIDTH="59" VPOS="2454" HPOS="1011"/>
<SP HEIGHT="35" WIDTH="32" VPOS="2471" HPOS="1071"/>
<String CONTENT="nervous" HEIGHT="38" WIDTH="256" VPOS="2470" HPOS="1104"/>
<SP HEIGHT="36" WIDTH="32" VPOS="2471" HPOS="1361"/>
<String CONTENT="and" HEIGHT="52" WIDTH="114" VPOS="2455" HPOS="1394"/>
<SP HEIGHT="52" WIDTH="35" VPOS="2455" HPOS="1509"/>
<String CONTENT="mental" HEIGHT="53" WIDTH="222" VPOS="2456" HPOS="1545"/>
<SP HEIGHT="51" WIDTH="36" VPOS="2456" HPOS="1768"/>
<String CONTENT="disease." HEIGHT="54" WIDTH="248" VPOS="2456" HPOS="1805"/>
</TextLine>
<TextLine HEIGHT="154" WIDTH="1972" VPOS="2525" HPOS="161" STYLEREFS="StyleId-F54783EA-419D-47D1-BA9F-3BA6F10C80F0-" CS="1">
<String CS="1" CONTENT="&#8230;"/>
<SP HEIGHT="52" WIDTH="42" VPOS="2531" HPOS="291"/>
<String CONTENT="Localization" HEIGHT="53" WIDTH="390" VPOS="2530" HPOS="334"/>
<SP HEIGHT="36" WIDTH="39" VPOS="2547" HPOS="725"/>
<String CONTENT="of" HEIGHT="53" WIDTH="64" VPOS="2529" HPOS="765"/>
<SP HEIGHT="53" WIDTH="37" VPOS="2529" HPOS="830"/>
<String CONTENT="function" HEIGHT="55" WIDTH="262" VPOS="2528" HPOS="868"/>
<SP HEIGHT="52" WIDTH="39" VPOS="2530" HPOS="1131"/>
<String CONTENT="in" HEIGHT="52" WIDTH="57" VPOS="2530" HPOS="1171"/>
<SP HEIGHT="47" WIDTH="40" VPOS="2535" HPOS="1229"/>
<String CONTENT="the" HEIGHT="54" WIDTH="95" VPOS="2530" HPOS="1270"/>
<SP HEIGHT="34" WIDTH="37" VPOS="2549" HPOS="1366"/>
<String CONTENT="cerebral" HEIGHT="53" WIDTH="249" VPOS="2530" HPOS="1404"/>
<SP HEIGHT="52" WIDTH="40" VPOS="2531" HPOS="1654"/>
<String CONTENT="cortex;" HEIGHT="64" WIDTH="219" VPOS="2535" HPOS="1695"/>
<SP HEIGHT="47" WIDTH="43" VPOS="2551" HPOS="1915"/>
<String CONTENT="an" HEIGHT="33" WIDTH="69" VPOS="2551" HPOS="1959"/>
<SP HEIGHT="52" WIDTH="44" VPOS="2532" HPOS="2029"/>
<String CONTENT="investigation" HEIGHT="147" WIDTH="1972" VPOS="2532" HPOS="161"/>
</TextLine>
<TextLine HEIGHT="82" WIDTH="1630" VPOS="2601" HPOS="529" STYLEREFS="StyleId-F54783EA-419D-47D1-BA9F-3BA6F10C80F0-" CS="1">
<String CONTENT="of" HEIGHT="54" WIDTH="64" VPOS="2607" HPOS="529"/>
<SP HEIGHT="53" WIDTH="21" VPOS="2607" HPOS="594"/>
<String CONTENT="the" HEIGHT="53" WIDTH="98" VPOS="2607" HPOS="616"/>
<SP HEIGHT="33" WIDTH="17" VPOS="2627" HPOS="715"/>
<String CONTENT="most" HEIGHT="48" WIDTH="150" VPOS="2613" HPOS="733"/>
<SP HEIGHT="47" WIDTH="20" VPOS="2613" HPOS="884"/>
<String CONTENT="recent" HEIGHT="49" WIDTH="188" VPOS="2612" HPOS="905"/>
<SP HEIGHT="48" WIDTH="25" VPOS="2612" HPOS="1094"/>
<String CS="1" CONTENT="advances;" HEIGHT="55" WIDTH="277" VPOS="2607" HPOS="1120"/>
<SP HEIGHT="61" WIDTH="27" VPOS="2614" HPOS="1426"/>
<String CONTENT="the" HEIGHT="53" WIDTH="94" VPOS="2608" HPOS="1454"/>
<SP HEIGHT="48" WIDTH="29" VPOS="2628" HPOS="1549"/>
<String CONTENT="proceedings" HEIGHT="71" WIDTH="367" VPOS="2609" HPOS="1579"/>
<SP HEIGHT="34" WIDTH="25" VPOS="2629" HPOS="1947"/>
<String CONTENT="of" HEIGHT="54" WIDTH="63" VPOS="2609" HPOS="1973"/>
<SP HEIGHT="54" WIDTH="24" VPOS="2609" HPOS="2037"/>
<String CONTENT="the" HEIGHT="54" WIDTH="97" VPOS="2610" HPOS="2062"/>
</TextLine>
<TextLine HEIGHT="83" WIDTH="1994" VPOS="2678" HPOS="161" STYLEREFS="StyleId-F54783EA-419D-47D1-BA9F-3BA6F10C80F0-" CS="1">
<String CONTENT="Association," HEIGHT="72" WIDTH="377" VPOS="2684" HPOS="161"/>
<SP HEIGHT="68" WIDTH="25" VPOS="2686" HPOS="538"/>
<String CONTENT="New" HEIGHT="53" WIDTH="139" VPOS="2686" HPOS="563"/>
<SP HEIGHT="52" WIDTH="29" VPOS="2686" HPOS="702"/>
<String CONTENT="York," HEIGHT="67" WIDTH="179" VPOS="2685" HPOS="731"/>
<SP HEIGHT="65" WIDTH="27" VPOS="2686" HPOS="910"/>
<String CONTENT="December" HEIGHT="54" WIDTH="306" VPOS="2685" HPOS="937"/>
<SP HEIGHT="49" WIDTH="27" VPOS="2689" HPOS="1243"/>
<String CONTENT="28th" HEIGHT="52" WIDTH="135" VPOS="2687" HPOS="1270"/>
<SP HEIGHT="52" WIDTH="30" VPOS="2687" HPOS="1405"/>
<String CONTENT="and" HEIGHT="52" WIDTH="114" VPOS="2687" HPOS="1435"/>
<SP HEIGHT="52" WIDTH="27" VPOS="2687" HPOS="1549"/>
<String CONTENT="29th," HEIGHT="68" WIDTH="154" VPOS="2688" HPOS="1576"/>
<SP HEIGHT="63" WIDTH="31" VPOS="2692" HPOS="1730"/>
<String CONTENT="1932" HEIGHT="50" WIDTH="133" VPOS="2690" HPOS="1761"/>
<SP HEIGHT="50" WIDTH="32" VPOS="2691" HPOS="1894"/>
<String CS="1" CONTENT="&#8230;"/>
<SP HEIGHT="32" WIDTH="35" VPOS="2708" HPOS="1983"/>
<String CONTENT="with" HEIGHT="53" WIDTH="137" VPOS="2688" HPOS="2018"/>
</TextLine>
<TextLine HEIGHT="81" WIDTH="1994" VPOS="2756" HPOS="164" STYLEREFS="StyleId-F54783EA-419D-47D1-BA9F-3BA6F10C80F0-">
<String CONTENT="171" HEIGHT="54" WIDTH="94" VPOS="2763" HPOS="164"/>
<SP HEIGHT="51" WIDTH="36" VPOS="2766" HPOS="259"/>
<String CONTENT="illustrations" HEIGHT="54" WIDTH="382" VPOS="2764" HPOS="296"/>
<SP HEIGHT="35" WIDTH="38" VPOS="2782" HPOS="679"/>
<String CONTENT="and" HEIGHT="54" WIDTH="113" VPOS="2764" HPOS="718"/>
<SP HEIGHT="53" WIDTH="41" VPOS="2764" HPOS="832"/>
<String CONTENT="10" HEIGHT="49" WIDTH="63" VPOS="2766" HPOS="874"/>
<SP HEIGHT="49" WIDTH="35" VPOS="2766" HPOS="938"/>
<String CONTENT="tables." HEIGHT="54" WIDTH="196" VPOS="2763" HPOS="974"/>
<SP HEIGHT="51" WIDTH="75" VPOS="2765" HPOS="1171"/>
<String CONTENT="Baltimore," HEIGHT="69" WIDTH="336" VPOS="2764" HPOS="1247"/>
<SP HEIGHT="66" WIDTH="38" VPOS="2766" HPOS="1584"/>
<String CONTENT="The" HEIGHT="52" WIDTH="119" VPOS="2766" HPOS="1623"/>
<SP HEIGHT="54" WIDTH="40" VPOS="2767" HPOS="1743"/>
<String CONTENT="Williams" HEIGHT="55" WIDTH="289" VPOS="2766" HPOS="1784"/>
<SP HEIGHT="49" WIDTH="39" VPOS="2770" HPOS="2074"/>
<String CONTENT="&amp;" HEIGHT="50" WIDTH="44" VPOS="2769" HPOS="2114"/>
</TextLine>
<TextLine HEIGHT="71" WIDTH="752" VPOS="2841" HPOS="159" STYLEREFS="StyleId-F54783EA-419D-47D1-BA9F-3BA6F10C80F0-">
<String CONTENT="Wilkins" HEIGHT="54" WIDTH="250" VPOS="2843" HPOS="159"/>
<SP HEIGHT="35" WIDTH="25" VPOS="2861" HPOS="410"/>
<String CONTENT="company," HEIGHT="51" WIDTH="297" VPOS="2860" HPOS="436"/>
<SP HEIGHT="64" WIDTH="28" VPOS="2846" HPOS="734"/>
<String CONTENT="1934." HEIGHT="50" WIDTH="148" VPOS="2844" HPOS="763"/>
</TextLine>
<TextLine HEIGHT="102" WIDTH="1985" VPOS="2910" HPOS="159" CS="1">
<String CONTENT="xxi," HEIGHT="43" WIDTH="98" VPOS="2916" HPOS="232"/>
<SP HEIGHT="43" WIDTH="32" VPOS="2916" HPOS="331"/>
<String CONTENT="667" HEIGHT="40" WIDTH="84" VPOS="2916" HPOS="364"/>
<SP HEIGHT="47" WIDTH="31" VPOS="2916" HPOS="449"/>
<String CONTENT="p." HEIGHT="38" WIDTH="43" VPOS="2925" HPOS="481"/>
<SP HEIGHT="40" WIDTH="62" VPOS="2915" HPOS="525"/>
<String CONTENT="illus.," HEIGHT="48" WIDTH="142" VPOS="2915" HPOS="588"/>
<SP HEIGHT="46" WIDTH="33" VPOS="2917" HPOS="731"/>
<String CONTENT="tables" HEIGHT="41" WIDTH="156" VPOS="2914" HPOS="765"/>
<SP HEIGHT="47" WIDTH="27" VPOS="2915" HPOS="922"/>
<String CONTENT="(2" HEIGHT="48" WIDTH="49" VPOS="2914" HPOS="950"/>
<SP HEIGHT="39" WIDTH="32" VPOS="2914" HPOS="1000"/>
<String CONTENT="fold.)" HEIGHT="50" WIDTH="142" VPOS="2914" HPOS="1033"/>
<SP HEIGHT="48" WIDTH="42" VPOS="2915" HPOS="1176"/>
<String CONTENT="diagrs." HEIGHT="49" WIDTH="178" VPOS="2913" HPOS="1219"/>
<SP HEIGHT="40" WIDTH="62" VPOS="2914" HPOS="1398"/>
<String CS="1" CONTENT="23&#189;cm." HEIGHT="43" WIDTH="147" VPOS="2913" HPOS="1461"/>
<SP HEIGHT="49" WIDTH="70" VPOS="2916" HPOS="1609"/>
<String CONTENT="(Its" HEIGHT="49" WIDTH="96" VPOS="2916" HPOS="1680"/>
<SP HEIGHT="42" WIDTH="34" VPOS="2916" HPOS="1777"/>
<String CONTENT="Series" HEIGHT="45" WIDTH="160" VPOS="2915" HPOS="1812"/>
<SP HEIGHT="30" WIDTH="34" VPOS="2929" HPOS="1973"/>
<String CONTENT="of" HEIGHT="39" WIDTH="52" VPOS="2919" HPOS="2008"/>
<SP HEIGHT="39" WIDTH="32" VPOS="2919" HPOS="2061"/>
<String CONTENT="research" HEIGHT="83" WIDTH="1985" VPOS="2929" HPOS="159"/>
</TextLine>
<TextLine HEIGHT="53" WIDTH="792" VPOS="2969" HPOS="356" CS="1">
<String CONTENT="publications," HEIGHT="48" WIDTH="339" VPOS="2971" HPOS="356"/>
<SP HEIGHT="36" WIDTH="34" VPOS="2981" HPOS="695"/>
<String CONTENT="vol." HEIGHT="39" WIDTH="89" VPOS="2972" HPOS="729"/>
<SP HEIGHT="28" WIDTH="33" VPOS="2981" HPOS="818"/>
<String CS="1" CONTENT="XIII"/>
<SP HEIGHT="39" WIDTH="32" VPOS="2980" HPOS="947"/>
<String CONTENT="[1932])" HEIGHT="51" WIDTH="169" VPOS="2969" HPOS="979"/>
</TextLine>
<TextLine HEIGHT="52" WIDTH="866" VPOS="3023" HPOS="234" CS="1">
<String CONTENT="&#8220;List" HEIGHT="41" WIDTH="133" VPOS="3027" HPOS="234"/>
<SP HEIGHT="38" WIDTH="29" VPOS="3030" HPOS="368"/>
<String CONTENT="of" HEIGHT="39" WIDTH="52" VPOS="3028" HPOS="398"/>
<SP HEIGHT="38" WIDTH="29" VPOS="3028" HPOS="451"/>
<String CS="1" CONTENT="members&#8221;:" HEIGHT="43" WIDTH="264" VPOS="3025" HPOS="481"/>
<SP HEIGHT="38" WIDTH="34" VPOS="3035" HPOS="773"/>
<String CONTENT="p." HEIGHT="38" WIDTH="43" VPOS="3035" HPOS="808"/>
<SP HEIGHT="41" WIDTH="32" VPOS="3025" HPOS="852"/>
<String CONTENT="657-667." HEIGHT="43" WIDTH="215" VPOS="3024" HPOS="885"/>
</TextLine>
<TextLine HEIGHT="57" WIDTH="1221" VPOS="3078" HPOS="231">
<String CONTENT="Bibliography" HEIGHT="51" WIDTH="346" VPOS="3081" HPOS="231"/>
<SP HEIGHT="37" WIDTH="25" VPOS="3092" HPOS="578"/>
<String CONTENT="at" HEIGHT="38" WIDTH="52" VPOS="3085" HPOS="604"/>
<SP HEIGHT="38" WIDTH="24" VPOS="3085" HPOS="657"/>
<String CONTENT="end" HEIGHT="40" WIDTH="92" VPOS="3084" HPOS="682"/>
<SP HEIGHT="39" WIDTH="25" VPOS="3084" HPOS="775"/>
<String CONTENT="of" HEIGHT="40" WIDTH="53" VPOS="3082" HPOS="801"/>
<SP HEIGHT="39" WIDTH="22" VPOS="3082" HPOS="855"/>
<String CONTENT="most" HEIGHT="38" WIDTH="124" VPOS="3085" HPOS="878"/>
<SP HEIGHT="38" WIDTH="25" VPOS="3085" HPOS="1003"/>
<String CONTENT="of" HEIGHT="41" WIDTH="52" VPOS="3082" HPOS="1029"/>
<SP HEIGHT="40" WIDTH="22" VPOS="3082" HPOS="1082"/>
<String CONTENT="the" HEIGHT="40" WIDTH="81" VPOS="3083" HPOS="1105"/>
<SP HEIGHT="30" WIDTH="23" VPOS="3093" HPOS="1187"/>
<String CONTENT="chapters." HEIGHT="50" WIDTH="241" VPOS="3082" HPOS="1211"/>
</TextLine>
<TextLine HEIGHT="67" WIDTH="1994" VPOS="3144" HPOS="164">
<String CONTENT="&#169;" HEIGHT="53" WIDTH="50" VPOS="3151" HPOS="164"/>
<SP HEIGHT="52" WIDTH="37" VPOS="3151" HPOS="215"/>
<String CONTENT="Apr." HEIGHT="46" WIDTH="110" VPOS="3157" HPOS="253"/>
<SP HEIGHT="40" WIDTH="40" VPOS="3155" HPOS="364"/>
<String CONTENT="6," HEIGHT="47" WIDTH="39" VPOS="3155" HPOS="405"/>
<SP HEIGHT="45" WIDTH="37" VPOS="3157" HPOS="445"/>
<String CONTENT="1934;" HEIGHT="46" WIDTH="140" VPOS="3154" HPOS="483"/>
<SP HEIGHT="45" WIDTH="39" VPOS="3154" HPOS="624"/>
<String CONTENT="2c." HEIGHT="39" WIDTH="67" VPOS="3154" HPOS="664"/>
<SP HEIGHT="39" WIDTH="37" VPOS="3154" HPOS="732"/>
<String CONTENT="Apr." HEIGHT="47" WIDTH="110" VPOS="3154" HPOS="770"/>
<SP HEIGHT="38" WIDTH="40" VPOS="3154" HPOS="881"/>
<String CONTENT="18;" HEIGHT="46" WIDTH="82" VPOS="3153" HPOS="922"/>
<SP HEIGHT="36" WIDTH="40" VPOS="3163" HPOS="1005"/>
<String CONTENT="aff." HEIGHT="40" WIDTH="81" VPOS="3153" HPOS="1046"/>
<SP HEIGHT="40" WIDTH="37" VPOS="3153" HPOS="1128"/>
<String CONTENT="Apr." HEIGHT="49" WIDTH="110" VPOS="3153" HPOS="1166"/>
<SP HEIGHT="38" WIDTH="40" VPOS="3157" HPOS="1277"/>
<String CONTENT="14;" HEIGHT="46" WIDTH="81" VPOS="3156" HPOS="1318"/>
<SP HEIGHT="45" WIDTH="41" VPOS="3157" HPOS="1400"/>
<!-- cceid C28DED1B-6C64-1014-8713-889FF4349C01 --><String CONTENT="A" HEIGHT="38" WIDTH="41" VPOS="3157" HPOS="1442"/>
<SP HEIGHT="39" WIDTH="36" VPOS="3157" HPOS="1484"/>
<String CONTENT="72082;" HEIGHT="50" WIDTH="170" VPOS="3156" HPOS="1521"/>
<SP HEIGHT="46" WIDTH="39" VPOS="3159" HPOS="1692"/>
<String CONTENT="Association" HEIGHT="43" WIDTH="310" VPOS="3158" HPOS="1732"/>
<SP HEIGHT="39" WIDTH="36" VPOS="3162" HPOS="2043"/>
<String CONTENT="for" HEIGHT="41" WIDTH="78" VPOS="3161" HPOS="2080"/>
</TextLine>
<TextLine HEIGHT="56" WIDTH="1412" VPOS="3207" HPOS="230">
<String CONTENT="research" HEIGHT="40" WIDTH="225" VPOS="3213" HPOS="230"/>
<SP HEIGHT="38" WIDTH="24" VPOS="3212" HPOS="456"/>
<String CONTENT="in" HEIGHT="40" WIDTH="49" VPOS="3211" HPOS="481"/>
<SP HEIGHT="28" WIDTH="24" VPOS="3222" HPOS="531"/>
<String CONTENT="nervous" HEIGHT="32" WIDTH="209" VPOS="3219" HPOS="556"/>
<SP HEIGHT="30" WIDTH="25" VPOS="3220" HPOS="766"/>
<String CONTENT="and" HEIGHT="38" WIDTH="94" VPOS="3211" HPOS="792"/>
<SP HEIGHT="38" WIDTH="26" VPOS="3211" HPOS="887"/>
<String CONTENT="mental" HEIGHT="39" WIDTH="183" VPOS="3211" HPOS="914"/>
<SP HEIGHT="39" WIDTH="25" VPOS="3210" HPOS="1098"/>
<String CONTENT="disease," HEIGHT="51" WIDTH="202" VPOS="3209" HPOS="1124"/>
<SP HEIGHT="46" WIDTH="27" VPOS="3213" HPOS="1326"/>
<String CONTENT="New" HEIGHT="39" WIDTH="117" VPOS="3213" HPOS="1353"/>
<SP HEIGHT="38" WIDTH="25" VPOS="3215" HPOS="1471"/>
<String CONTENT="York." HEIGHT="42" WIDTH="144" VPOS="3214" HPOS="1497"/>
</TextLine>
<TextLine HEIGHT="50" WIDTH="249" VPOS="3268" HPOS="245">
<String CONTENT="(34-9854)" HEIGHT="50" WIDTH="249" VPOS="3268" HPOS="245"/>
</TextLine>
<TextLine HEIGHT="72" WIDTH="1307" VPOS="3381" HPOS="156" STYLEREFS="StyleId-55A13E76-310F-4B80-A2B7-38299A82B2CE-" CS="1">
<String CONTENT="Barclay," HEIGHT="68" WIDTH="267" VPOS="3385" HPOS="156"/>
<SP HEIGHT="63" WIDTH="27" VPOS="3389" HPOS="424"/>
<String CS="1" CONTENT="Lorne" HEIGHT="53" WIDTH="191" VPOS="3388" HPOS="452"/>
<SP HEIGHT="53" WIDTH="27" VPOS="3387" HPOS="644"/>
<String CONTENT="Webster," HEIGHT="64" WIDTH="292" VPOS="3384" HPOS="672"/>
<SP HEIGHT="55" WIDTH="32" VPOS="3392" HPOS="965"/>
<String CONTENT="1885-" HEIGHT="51" WIDTH="170" VPOS="3388" HPOS="998"/>
<SP HEIGHT="37" WIDTH="208" VPOS="3406" HPOS="1169"/>
<String CONTENT="ed." HEIGHT="52" WIDTH="85" VPOS="3390" HPOS="1378"/>
</TextLine>
<TextLine HEIGHT="84" WIDTH="1925" VPOS="3458" HPOS="230" STYLEREFS="StyleId-F54783EA-419D-47D1-BA9F-3BA6F10C80F0-">
<String CONTENT="The" HEIGHT="52" WIDTH="120" VPOS="3467" HPOS="230"/>
<SP HEIGHT="33" WIDTH="37" VPOS="3486" HPOS="351"/>
<String CONTENT="scout" HEIGHT="49" WIDTH="157" VPOS="3471" HPOS="389"/>
<SP HEIGHT="48" WIDTH="40" VPOS="3471" HPOS="547"/>
<String CONTENT="circus;" HEIGHT="67" WIDTH="206" VPOS="3463" HPOS="588"/>
<SP HEIGHT="47" WIDTH="41" VPOS="3482" HPOS="795"/>
<String CONTENT="a" HEIGHT="33" WIDTH="31" VPOS="3482" HPOS="837"/>
<SP HEIGHT="34" WIDTH="37" VPOS="3482" HPOS="869"/>
<String CONTENT="manual" HEIGHT="52" WIDTH="230" VPOS="3466" HPOS="907"/>
<SP HEIGHT="51" WIDTH="37" VPOS="3466" HPOS="1138"/>
<String CONTENT="of" HEIGHT="52" WIDTH="63" VPOS="3468" HPOS="1176"/>
<SP HEIGHT="53" WIDTH="36" VPOS="3467" HPOS="1240"/>
<String CONTENT="inter-troop" HEIGHT="74" WIDTH="344" VPOS="3465" HPOS="1277"/>
<SP HEIGHT="65" WIDTH="40" VPOS="3472" HPOS="1621"/>
<String CONTENT="demonstrations," HEIGHT="67" WIDTH="494" VPOS="3470" HPOS="1661"/>
</TextLine>
<TextLine HEIGHT="88" WIDTH="1993" VPOS="3537" HPOS="163" STYLEREFS="StyleId-F54783EA-419D-47D1-BA9F-3BA6F10C80F0-" CS="1">
<String CONTENT="edited" HEIGHT="54" WIDTH="186" VPOS="3544" HPOS="163"/>
<SP HEIGHT="52" WIDTH="36" VPOS="3545" HPOS="350"/>
<String CONTENT="by" HEIGHT="65" WIDTH="75" VPOS="3545" HPOS="387"/>
<SP HEIGHT="66" WIDTH="34" VPOS="3544" HPOS="463"/>
<String CS="1" CONTENT="Lorne" HEIGHT="52" WIDTH="186" VPOS="3544" HPOS="498"/>
<SP HEIGHT="54" WIDTH="34" VPOS="3543" HPOS="685"/>
<String CONTENT="W." HEIGHT="55" WIDTH="89" VPOS="3542" HPOS="720"/>
<SP HEIGHT="51" WIDTH="39" VPOS="3544" HPOS="810"/>
<String CONTENT="Barclay" HEIGHT="69" WIDTH="247" VPOS="3541" HPOS="850"/>
<SP HEIGHT="48" WIDTH="43" VPOS="3561" HPOS="1098"/>
<String CS="1" CONTENT="&#8230;"/>
<SP HEIGHT="33" WIDTH="83" VPOS="3579" HPOS="1197"/>
<String CS="1" CONTENT="[New" HEIGHT="55" WIDTH="139" VPOS="3545" HPOS="1299"/>
<SP HEIGHT="51" WIDTH="37" VPOS="3549" HPOS="1439"/>
<String CONTENT="York]" HEIGHT="70" WIDTH="179" VPOS="3548" HPOS="1477"/>
<SP HEIGHT="65" WIDTH="44" VPOS="3552" HPOS="1657"/>
<String CONTENT="Boy" HEIGHT="67" WIDTH="126" VPOS="3552" HPOS="1702"/>
<SP HEIGHT="48" WIDTH="39" VPOS="3571" HPOS="1829"/>
<String CONTENT="scouts" HEIGHT="48" WIDTH="186" VPOS="3559" HPOS="1869"/>
<SP HEIGHT="34" WIDTH="35" VPOS="3573" HPOS="2056"/>
<String CONTENT="of" HEIGHT="53" WIDTH="64" VPOS="3554" HPOS="2092"/>
</TextLine>
<TextLine HEIGHT="69" WIDTH="478" VPOS="3620" HPOS="162" STYLEREFS="StyleId-F54783EA-419D-47D1-BA9F-3BA6F10C80F0-">
<String CONTENT="America," HEIGHT="68" WIDTH="280" VPOS="3621" HPOS="162"/>
<SP HEIGHT="60" WIDTH="24" VPOS="3628" HPOS="443"/>
<String CONTENT="c1934." HEIGHT="50" WIDTH="172" VPOS="3625" HPOS="468"/>
</TextLine>
<TextLine HEIGHT="70" WIDTH="1930" VPOS="3687" HPOS="231" CS="1">
<String CONTENT="vii," HEIGHT="48" WIDTH="81" VPOS="3697" HPOS="231"/>
<SP HEIGHT="29" WIDTH="42" VPOS="3716" HPOS="313"/>
<String CONTENT="[1]," HEIGHT="49" WIDTH="71" VPOS="3697" HPOS="356"/>
<SP HEIGHT="47" WIDTH="39" VPOS="3696" HPOS="428"/>
<String CONTENT="9-192" HEIGHT="41" WIDTH="144" VPOS="3694" HPOS="468"/>
<SP HEIGHT="47" WIDTH="37" VPOS="3694" HPOS="613"/>
<String CONTENT="p." HEIGHT="37" WIDTH="43" VPOS="3704" HPOS="651"/>
<SP HEIGHT="39" WIDTH="68" VPOS="3694" HPOS="695"/>
<String CONTENT="illus.," HEIGHT="48" WIDTH="143" VPOS="3693" HPOS="764"/>
<SP HEIGHT="47" WIDTH="39" VPOS="3694" HPOS="908"/>
<String CONTENT="diagrs." HEIGHT="49" WIDTH="179" VPOS="3691" HPOS="948"/>
<SP HEIGHT="40" WIDTH="63" VPOS="3694" HPOS="1128"/>
<String CS="1" CONTENT="20&#189;cm." HEIGHT="41" WIDTH="56" VPOS="3694" HPOS="1192"/>
<SP/>
<String CONTENT="(On" HEIGHT="43" WIDTH="100" VPOS="3699" HPOS="1418"/>
<SP HEIGHT="29" WIDTH="36" VPOS="3711" HPOS="1519"/>
<String CONTENT="cover:" HEIGHT="35" WIDTH="164" VPOS="3709" HPOS="1556"/>
<SP HEIGHT="40" WIDTH="36" VPOS="3703" HPOS="1721"/>
<String CONTENT="Boy" HEIGHT="49" WIDTH="105" VPOS="3703" HPOS="1758"/>
<SP HEIGHT="37" WIDTH="39" VPOS="3715" HPOS="1864"/>
<String CONTENT="scouts" HEIGHT="41" WIDTH="164" VPOS="3707" HPOS="1904"/>
<SP HEIGHT="30" WIDTH="38" VPOS="3718" HPOS="2069"/>
<String CONTENT="of" HEIGHT="41" WIDTH="53" VPOS="3707" HPOS="2108"/>
</TextLine>
<TextLine HEIGHT="54" WIDTH="1009" VPOS="3748" HPOS="164">
<String CONTENT="America." HEIGHT="40" WIDTH="232" VPOS="3754" HPOS="164"/>
<SP HEIGHT="41" WIDTH="58" VPOS="3752" HPOS="397"/>
<String CONTENT="Service" HEIGHT="42" WIDTH="191" VPOS="3751" HPOS="456"/>
<SP HEIGHT="39" WIDTH="24" VPOS="3751" HPOS="648"/>
<String CONTENT="library," HEIGHT="49" WIDTH="203" VPOS="3749" HPOS="673"/>
<SP HEIGHT="28" WIDTH="52" VPOS="3762" HPOS="877"/>
<String CONTENT="no." HEIGHT="28" WIDTH="76" VPOS="3762" HPOS="930"/>
<SP HEIGHT="40" WIDTH="25" VPOS="3751" HPOS="1007"/>
<String CONTENT="3133)" HEIGHT="49" WIDTH="140" VPOS="3750" HPOS="1033"/>
</TextLine>
<TextLine HEIGHT="52" WIDTH="697" VPOS="3805" HPOS="230" CS="1">
<String CS="1" CONTENT="Bibliography:" HEIGHT="48" WIDTH="350" VPOS="3809" HPOS="230"/>
<SP HEIGHT="36" WIDTH="33" VPOS="3818" HPOS="606"/>
<String CONTENT="p." HEIGHT="36" WIDTH="41" VPOS="3818" HPOS="640"/>
<SP HEIGHT="39" WIDTH="33" VPOS="3807" HPOS="681"/>
<String CONTENT="189-190." HEIGHT="42" WIDTH="213" VPOS="3805" HPOS="714"/>
</TextLine>
<TextLine HEIGHT="69" WIDTH="1997" VPOS="3871" HPOS="166" CS="1">
<String CONTENT="&#169;" HEIGHT="53" WIDTH="49" VPOS="3878" HPOS="166"/>
<SP HEIGHT="52" WIDTH="35" VPOS="3878" HPOS="216"/>
<String CONTENT="May" HEIGHT="47" WIDTH="115" VPOS="3883" HPOS="252"/>
<SP HEIGHT="48" WIDTH="33" VPOS="3882" HPOS="368"/>
<String CONTENT="11," HEIGHT="45" WIDTH="68" VPOS="3882" HPOS="402"/>
<SP HEIGHT="46" WIDTH="35" VPOS="3881" HPOS="471"/>
<String CS="1" CONTENT="1934;" HEIGHT="40" WIDTH="116" VPOS="3879" HPOS="507"/>
<SP HEIGHT="46" WIDTH="36" VPOS="3878" HPOS="648"/>
<String CONTENT="2c." HEIGHT="40" WIDTH="67" VPOS="3878" HPOS="685"/>
<SP HEIGHT="41" WIDTH="36" VPOS="3877" HPOS="753"/>
<String CONTENT="June" HEIGHT="39" WIDTH="127" VPOS="3877" HPOS="790"/>
<SP HEIGHT="39" WIDTH="34" VPOS="3877" HPOS="918"/>
<String CONTENT="14;" HEIGHT="45" WIDTH="81" VPOS="3877" HPOS="953"/>
<SP HEIGHT="35" WIDTH="38" VPOS="3887" HPOS="1035"/>
<String CONTENT="aff." HEIGHT="41" WIDTH="80" VPOS="3877" HPOS="1074"/>
<SP HEIGHT="38" WIDTH="37" VPOS="3880" HPOS="1155"/>
<String CONTENT="June" HEIGHT="40" WIDTH="126" VPOS="3880" HPOS="1193"/>
<SP HEIGHT="38" WIDTH="35" VPOS="3882" HPOS="1320"/>
<String CONTENT="15;" HEIGHT="45" WIDTH="80" VPOS="3882" HPOS="1356"/>
<SP HEIGHT="43" WIDTH="38" VPOS="3884" HPOS="1437"/>
<!-- cceid C28E4DDB-6C64-1014-8713-889FF4349C01 --><String CONTENT="A" HEIGHT="37" WIDTH="43" VPOS="3884" HPOS="1476"/>
<SP HEIGHT="40" WIDTH="32" VPOS="3884" HPOS="1520"/>
<String CONTENT="72809;" HEIGHT="50" WIDTH="172" VPOS="3885" HPOS="1553"/>
<SP HEIGHT="45" WIDTH="39" VPOS="3889" HPOS="1726"/>
<String CONTENT="Boy" HEIGHT="45" WIDTH="107" VPOS="3889" HPOS="1766"/>
<SP HEIGHT="34" WIDTH="37" VPOS="3900" HPOS="1874"/>
<String CONTENT="scouts" HEIGHT="40" WIDTH="163" VPOS="3893" HPOS="1912"/>
<SP HEIGHT="29" WIDTH="35" VPOS="3904" HPOS="2076"/>
<String CONTENT="of" HEIGHT="40" WIDTH="51" VPOS="3893" HPOS="2112"/>
</TextLine>
<TextLine HEIGHT="51" WIDTH="586" VPOS="3933" HPOS="230">
<String CONTENT="America." HEIGHT="41" WIDTH="234" VPOS="3938" HPOS="230"/>
<SP HEIGHT="47" WIDTH="71" VPOS="3937" HPOS="465"/>
<String CONTENT="(34-19298)" HEIGHT="50" WIDTH="279" VPOS="3933" HPOS="537"/>
</TextLine>
</TextBlock>
</PrintSpace>
</Page>
</Layout>
</alto>