<alto xmlns="http://www.loc.gov/standards/alto/ns-v3#" xmlns:xlink="http://www.w3.org/1999/xlink" xmlns:xsi="http://www.w3.org/2001/XMLSchema-instance" xsi:schemaLocation="http://www.loc.gov/standards/alto/ns-v3# http://www.loc.gov/alto/v3/alto-3-0.xsd"><Description>
<MeasurementUnit>pixel</MeasurementUnit>
<sourceImageInformation>
<fileName>1934_v1_Part1.pdf</fileName>
</sourceImageInformation>
<OCRProcessing ID="IdOcr">
<ocrProcessingStep>
<processingDateTime>2019-01-10</processingDateTime>
<processingSoftware>
<softwareCreator>ABBYY</softwareCreator>
<softwareName>ABBYY Recognition Server</softwareName>
<softwareVersion>4.0</softwareVersion>
</processingSoftware>
</ocrProcessingStep>
</OCRProcessing>
</Description>
<Styles>
<ParagraphStyle ID="StyleId-FFFFFFFF-FFFF-FFFF-FFFF-FFFFFFFFFFFF-" ALIGN="Left" LEFT="0." RIGHT="0." FIRSTLINE="0."/>
<ParagraphStyle ID="StyleId-521E1FC6-FE7E-43A4-90E6-A9B61626A263-" ALIGN="Right" LEFT="0." RIGHT="0." FIRSTLINE="0." LINESPACE="13.30000019"/>
<ParagraphStyle ID="StyleId-639B624E-F6F5-47B6-BB1D-34E64B53022F-" ALIGN="Left" LEFT="0." RIGHT="0." FIRSTLINE="-27." LINESPACE="13.43999958"/>
<ParagraphStyle ID="StyleId-100905F9-D385-406B-A5BD-ED5B8FD85431-" ALIGN="Left" LEFT="0." RIGHT="0." FIRSTLINE="0."/>
<ParagraphStyle ID="StyleId-7C9F9BA2-EF3A-4B7F-8486-CCC7B7F49B39-" ALIGN="Left" LEFT="0." RIGHT="0." FIRSTLINE="-27." LINESPACE="18.71999931"/>
<ParagraphStyle ID="StyleId-350780E3-60F2-4605-88F5-BB54F9B87091-" ALIGN="Block" LEFT="0." RIGHT="0." FIRSTLINE="-27." LINESPACE="18.71999931"/>
<ParagraphStyle ID="StyleId-90B16C58-D795-4C77-9B89-30378C515D40-" ALIGN="Left" LEFT="0." RIGHT="0." FIRSTLINE="0." LINESPACE="14.39999962"/>
<ParagraphStyle ID="StyleId-17090E09-AFAF-4086-BD9B-4E99FAE6B057-" ALIGN="Right" LEFT="0." RIGHT="0." FIRSTLINE="-27." LINESPACE="14.39999962"/>
<ParagraphStyle ID="StyleId-8B87B633-89DB-4D72-B1FC-26E4ABD680BC-" ALIGN="Left" LEFT="0." RIGHT="0." FIRSTLINE="-27." LINESPACE="18.47999954"/>
<ParagraphStyle ID="StyleId-42DA7417-CA90-4D71-A57B-06556C38D752-" ALIGN="Left" LEFT="0." RIGHT="0." FIRSTLINE="0." LINESPACE="13.30000019"/>
<ParagraphStyle ID="StyleId-D8EE2A7E-42AE-4E35-98DB-F0F935637AA0-" ALIGN="Block" LEFT="0." RIGHT="0." FIRSTLINE="0." LINESPACE="6.599999905"/>
<ParagraphStyle ID="StyleId-33CD3121-D4F5-43B6-BA96-6382D166E6B8-" ALIGN="Left" LEFT="0." RIGHT="0." FIRSTLINE="0." LINESPACE="15.5"/>
<ParagraphStyle ID="StyleId-1CE52AFA-C319-4DD9-B4B1-F0EBFA2B3F0B-" ALIGN="Block" LEFT="0." RIGHT="0." FIRSTLINE="-21." LINESPACE="18.71999931"/>
<ParagraphStyle ID="StyleId-B74F1B65-92F1-49C5-A5FA-D20442F031F2-" ALIGN="Left" LEFT="0." RIGHT="0." FIRSTLINE="0." LINESPACE="17.70006076"/>
<ParagraphStyle ID="StyleId-79E2924A-215C-40B7-B577-7236BFBAA25E-" ALIGN="Center" LEFT="0." RIGHT="0." FIRSTLINE="0." LINESPACE="7.199999809"/>
</Styles>
<Layout>
<Page ID="Page1290" PHYSICAL_IMG_NR="1290" HEIGHT="4196" WIDTH="2350">
<TopMargin HEIGHT="382" WIDTH="2350" VPOS="0" HPOS="0">
</TopMargin>
<LeftMargin HEIGHT="3608" WIDTH="211" VPOS="382" HPOS="0">
</LeftMargin>
<RightMargin HEIGHT="3608" WIDTH="116" VPOS="382" HPOS="2234">
</RightMargin>
<BottomMargin HEIGHT="206" WIDTH="2350" VPOS="3990" HPOS="0">
<TextBlock ID="Page1290_Block1" HEIGHT="62" WIDTH="145" VPOS="4004" HPOS="1142" LANG="en-US" STYLEREFS="StyleId-490360A4-F4D0-437D-9A3D-3C69888CFF32-">
<TextLine HEIGHT="50" WIDTH="133" VPOS="4010" HPOS="1148">
<String CONTENT="1290" HEIGHT="50" WIDTH="133" VPOS="4010" HPOS="1148"/>
</TextLine>
</TextBlock>
</BottomMargin>
<PrintSpace HEIGHT="3608" WIDTH="2023" VPOS="382" HPOS="211">
<TextBlock ID="Page1290_Block2" HEIGHT="3608" WIDTH="2023" VPOS="382" HPOS="211" LANG="en-US" CS="1" STYLEREFS="StyleId-DF57A20D-A2EE-472A-B9B0-CA9A064900BD-">
<TextLine HEIGHT="66" WIDTH="678" VPOS="388" HPOS="219" STYLEREFS="StyleId-85F818A7-99EF-4475-AFED-E5BD543FE3C8-">
<String LANG="fr" CONTENT="Binns," HEIGHT="66" WIDTH="202" VPOS="388" HPOS="219"/>
<SP HEIGHT="65" WIDTH="32" VPOS="389" HPOS="422"/>
<String LANG="en-US" CONTENT="Archie," HEIGHT="66" WIDTH="234" VPOS="388" HPOS="455"/>
<SP HEIGHT="60" WIDTH="35" VPOS="394" HPOS="690"/>
<String LANG="en-US" CONTENT="1899-" HEIGHT="49" WIDTH="171" VPOS="393" HPOS="726"/>
</TextLine>
<TextLine HEIGHT="72" WIDTH="1839" VPOS="475" HPOS="294" STYLEREFS="StyleId-E8B21846-288A-4656-9424-CB4B31969DCA-" CS="1">
<String CONTENT="..." HEIGHT="10" WIDTH="57" VPOS="520" HPOS="294"/>
<SP HEIGHT="51" WIDTH="36" VPOS="479" HPOS="352"/>
<String CONTENT="Lightship." HEIGHT="68" WIDTH="327" VPOS="479" HPOS="389"/>
<SP HEIGHT="52" WIDTH="69" VPOS="480" HPOS="717"/>
<String CONTENT="New" HEIGHT="52" WIDTH="138" VPOS="480" HPOS="787"/>
<SP HEIGHT="51" WIDTH="36" VPOS="480" HPOS="926"/>
<String CONTENT="York." HEIGHT="53" WIDTH="177" VPOS="478" HPOS="963"/>
<SP HEIGHT="52" WIDTH="33" VPOS="479" HPOS="1141"/>
<String CONTENT="Reynal" HEIGHT="66" WIDTH="222" VPOS="478" HPOS="1175"/>
<SP HEIGHT="50" WIDTH="35" VPOS="478" HPOS="1398"/>
<String CONTENT="and" HEIGHT="52" WIDTH="112" VPOS="477" HPOS="1434"/>
<SP HEIGHT="53" WIDTH="34" VPOS="476" HPOS="1547"/>
<String CONTENT="Hitchcock" HEIGHT="53" WIDTH="319" VPOS="475" HPOS="1582"/>
<SP HEIGHT="66" WIDTH="40" VPOS="476" HPOS="1902"/>
<String CS="1" CONTENT="["/>
<String STYLE="superscript" CONTENT="c" HEIGHT="21" WIDTH="17" VPOS="482" HPOS="1960"/>
<String CONTENT="1934]" HEIGHT="62" WIDTH="150" VPOS="479" HPOS="1983"/>
</TextLine>
<TextLine HEIGHT="48" WIDTH="603" VPOS="554" HPOS="295" CS="1">
<String CONTENT="2" HEIGHT="37" WIDTH="26" VPOS="555" HPOS="295"/>
<SP HEIGHT="46" WIDTH="25" VPOS="555" HPOS="322"/>
<String CONTENT="p." HEIGHT="37" WIDTH="42" VPOS="564" HPOS="348"/>
<SP/>
<String CS="1" CONTENT="l.,"/>
<SP HEIGHT="44" WIDTH="28" VPOS="556" HPOS="460"/>
<String CONTENT="7-345" HEIGHT="39" WIDTH="141" VPOS="555" HPOS="489"/>
<SP HEIGHT="47" WIDTH="25" VPOS="555" HPOS="631"/>
<String CONTENT="p." HEIGHT="37" WIDTH="41" VPOS="565" HPOS="657"/>
<SP HEIGHT="38" WIDTH="54" VPOS="554" HPOS="699"/>
<String CS="1" CONTENT="21&#189;cm." HEIGHT="39" WIDTH="144" VPOS="554" HPOS="754"/>
</TextLine>
<TextLine HEIGHT="52" WIDTH="1982" VPOS="620" HPOS="226" CS="1">
<String CONTENT="&#169;" HEIGHT="51" WIDTH="51" VPOS="620" HPOS="226"/>
<SP HEIGHT="51" WIDTH="24" VPOS="620" HPOS="278"/>
<String CONTENT="Aug." HEIGHT="47" WIDTH="117" VPOS="625" HPOS="303"/>
<SP HEIGHT="39" WIDTH="27" VPOS="623" HPOS="421"/>
<String CONTENT="22." HEIGHT="41" WIDTH="67" VPOS="623" HPOS="449"/>
<SP HEIGHT="39" WIDTH="27" VPOS="625" HPOS="517"/>
<String CS="1" CONTENT="1934;" HEIGHT="40" WIDTH="113" VPOS="624" HPOS="545"/>
<SP HEIGHT="42" WIDTH="29" VPOS="624" HPOS="685"/>
<String CONTENT="2c." HEIGHT="41" WIDTH="65" VPOS="624" HPOS="715"/>
<SP HEIGHT="39" WIDTH="27" VPOS="626" HPOS="781"/>
<String CONTENT="Aug." HEIGHT="42" WIDTH="119" VPOS="626" HPOS="809"/>
<SP HEIGHT="40" WIDTH="27" VPOS="624" HPOS="929"/>
<String CS="1" CONTENT="24;" HEIGHT="38" WIDTH="55" VPOS="624" HPOS="957"/>
<SP HEIGHT="28" WIDTH="31" VPOS="635" HPOS="1039"/>
<String CONTENT="aff." HEIGHT="41" WIDTH="80" VPOS="623" HPOS="1071"/>
<SP HEIGHT="40" WIDTH="29" VPOS="624" HPOS="1152"/>
<String CONTENT="Sept." HEIGHT="45" WIDTH="123" VPOS="624" HPOS="1182"/>
<SP HEIGHT="36" WIDTH="26" VPOS="624" HPOS="1306"/>
<String CONTENT="13;" HEIGHT="44" WIDTH="83" VPOS="623" HPOS="1333"/>
<SP HEIGHT="44" WIDTH="29" VPOS="623" HPOS="1417"/>
<!-- cceid C647BC8F-6C64-1014-8713-889FF4349C01 --><String CONTENT="A" HEIGHT="36" WIDTH="41" VPOS="623" HPOS="1447"/>
<SP HEIGHT="37" WIDTH="27" VPOS="623" HPOS="1489"/>
<String CONTENT="75103;" HEIGHT="46" WIDTH="169" VPOS="621" HPOS="1517"/>
<SP HEIGHT="45" WIDTH="29" VPOS="622" HPOS="1687"/>
<String CONTENT="A." HEIGHT="38" WIDTH="54" VPOS="622" HPOS="1717"/>
<SP HEIGHT="38" WIDTH="27" VPOS="622" HPOS="1772"/>
<String CONTENT="Binns." HEIGHT="41" WIDTH="165" VPOS="621" HPOS="1800"/>
<SP HEIGHT="40" WIDTH="31" VPOS="622" HPOS="1966"/>
<String CONTENT="Jackson" HEIGHT="38" WIDTH="210" VPOS="622" HPOS="1998"/>
</TextLine>
<TextLine HEIGHT="65" WIDTH="895" VPOS="663" HPOS="292" CS="1">
<String CONTENT="Heights," HEIGHT="47" WIDTH="220" VPOS="681" HPOS="292"/>
<SP HEIGHT="44" WIDTH="29" VPOS="681" HPOS="513"/>
<String CONTENT="L." HEIGHT="38" WIDTH="47" VPOS="681" HPOS="543"/>
<SP HEIGHT="37" WIDTH="30" VPOS="682" HPOS="591"/>
<String CONTENT="I.," HEIGHT="45" WIDTH="51" VPOS="682" HPOS="622"/>
<SP HEIGHT="45" WIDTH="27" VPOS="682" HPOS="674"/>
<String CONTENT="N." HEIGHT="39" WIDTH="55" VPOS="682" HPOS="702"/>
<SP HEIGHT="39" WIDTH="28" VPOS="682" HPOS="758"/>
<String LANG="fr" CONTENT="Y." HEIGHT="37" WIDTH="51" VPOS="682" HPOS="787"/>
<SP HEIGHT="56" WIDTH="48" VPOS="663" HPOS="839"/>
<String LANG="fr" CS="1" CONTENT="("/>
<String CONTENT="34-25912)" HEIGHT="40" WIDTH="253" VPOS="680" HPOS="934"/>
</TextLine>
<TextLine HEIGHT="67" WIDTH="801" VPOS="782" HPOS="217" STYLEREFS="StyleId-85F818A7-99EF-4475-AFED-E5BD543FE3C8-">
<String CONTENT="Brasol," HEIGHT="67" WIDTH="224" VPOS="782" HPOS="217"/>
<SP HEIGHT="64" WIDTH="32" VPOS="785" HPOS="442"/>
<String CONTENT="Boris" HEIGHT="53" WIDTH="173" VPOS="784" HPOS="475"/>
<SP HEIGHT="52" WIDTH="29" VPOS="785" HPOS="649"/>
<String CONTENT="Leo," HEIGHT="63" WIDTH="134" VPOS="785" HPOS="679"/>
<SP HEIGHT="58" WIDTH="35" VPOS="790" HPOS="814"/>
<String CONTENT="1885-" HEIGHT="50" WIDTH="168" VPOS="787" HPOS="850"/>
</TextLine>
<TextLine HEIGHT="72" WIDTH="1920" VPOS="856" HPOS="291" STYLEREFS="StyleId-E8B21846-288A-4656-9424-CB4B31969DCA-">
<String CONTENT="The" HEIGHT="51" WIDTH="120" VPOS="861" HPOS="291"/>
<SP HEIGHT="33" WIDTH="28" VPOS="879" HPOS="412"/>
<String CONTENT="mighty" HEIGHT="67" WIDTH="224" VPOS="861" HPOS="441"/>
<SP HEIGHT="62" WIDTH="29" VPOS="865" HPOS="666"/>
<String CONTENT="three;" HEIGHT="53" WIDTH="183" VPOS="861" HPOS="696"/>
<SP HEIGHT="52" WIDTH="34" VPOS="862" HPOS="880"/>
<String CONTENT="Poushkin." HEIGHT="53" WIDTH="310" VPOS="859" HPOS="915"/>
<SP HEIGHT="54" WIDTH="30" VPOS="858" HPOS="1226"/>
<String CONTENT="Gogol," HEIGHT="68" WIDTH="201" VPOS="858" HPOS="1257"/>
<SP HEIGHT="63" WIDTH="28" VPOS="859" HPOS="1459"/>
<String CONTENT="Dostoievsky;" HEIGHT="68" WIDTH="406" VPOS="856" HPOS="1488"/>
<SP HEIGHT="46" WIDTH="35" VPOS="876" HPOS="1895"/>
<String CONTENT="a" HEIGHT="32" WIDTH="26" VPOS="876" HPOS="1931"/>
<SP HEIGHT="34" WIDTH="35" VPOS="876" HPOS="1958"/>
<String CONTENT="critical" HEIGHT="53" WIDTH="217" VPOS="857" HPOS="1994"/>
</TextLine>
<TextLine HEIGHT="71" WIDTH="1990" VPOS="935" HPOS="221" STYLEREFS="StyleId-E8B21846-288A-4656-9424-CB4B31969DCA-" CS="1">
<String CONTENT="trilogy," HEIGHT="67" WIDTH="231" VPOS="939" HPOS="221"/>
<SP HEIGHT="66" WIDTH="25" VPOS="938" HPOS="453"/>
<String CS="1" CONTENT="by" HEIGHT="51" WIDTH="34" VPOS="938" HPOS="479"/>
<SP HEIGHT="50" WIDTH="27" VPOS="939" HPOS="554"/>
<String CONTENT="Boris" HEIGHT="52" WIDTH="167" VPOS="939" HPOS="582"/>
<SP HEIGHT="52" WIDTH="27" VPOS="939" HPOS="750"/>
<String CONTENT="Brasol" HEIGHT="51" WIDTH="200" VPOS="939" HPOS="778"/>
<SP HEIGHT="49" WIDTH="34" VPOS="940" HPOS="979"/>
<String CONTENT="..." HEIGHT="8" WIDTH="53" VPOS="981" HPOS="1014"/>
<SP HEIGHT="52" WIDTH="33" VPOS="937" HPOS="1068"/>
<String CONTENT="introduction" HEIGHT="52" WIDTH="386" VPOS="936" HPOS="1102"/>
<SP HEIGHT="51" WIDTH="25" VPOS="936" HPOS="1489"/>
<String CONTENT="by" HEIGHT="66" WIDTH="74" VPOS="936" HPOS="1515"/>
<SP HEIGHT="65" WIDTH="25" VPOS="937" HPOS="1590"/>
<String CONTENT="Professor" HEIGHT="52" WIDTH="300" VPOS="935" HPOS="1616"/>
<SP HEIGHT="53" WIDTH="28" VPOS="935" HPOS="1917"/>
<String CONTENT="Clarence" HEIGHT="53" WIDTH="265" VPOS="935" HPOS="1946"/>
</TextLine>
<TextLine HEIGHT="69" WIDTH="1471" VPOS="1014" HPOS="220" STYLEREFS="StyleId-E8B21846-288A-4656-9424-CB4B31969DCA-" CS="1">
<String CONTENT="A." HEIGHT="50" WIDTH="70" VPOS="1017" HPOS="220"/>
<SP HEIGHT="51" WIDTH="27" VPOS="1016" HPOS="291"/>
<String CONTENT="Manning." HEIGHT="67" WIDTH="297" VPOS="1016" HPOS="319"/>
<SP HEIGHT="51" WIDTH="74" VPOS="1016" HPOS="617"/>
<String CONTENT="New" HEIGHT="52" WIDTH="137" VPOS="1016" HPOS="692"/>
<SP HEIGHT="52" WIDTH="29" VPOS="1015" HPOS="830"/>
<String CONTENT="York," HEIGHT="64" WIDTH="175" VPOS="1015" HPOS="860"/>
<SP HEIGHT="63" WIDTH="25" VPOS="1016" HPOS="1036"/>
<String CS="1" CONTENT="W"/>
<SP HEIGHT="53" WIDTH="28" VPOS="1015" HPOS="1150"/>
<String CONTENT="F." HEIGHT="49" WIDTH="63" VPOS="1015" HPOS="1179"/>
<SP HEIGHT="50" WIDTH="27" VPOS="1014" HPOS="1243"/>
<String CONTENT="Pavson," HEIGHT="66" WIDTH="244" VPOS="1014" HPOS="1271"/>
<SP HEIGHT="64" WIDTH="28" VPOS="1016" HPOS="1516"/>
<String CONTENT="1934." HEIGHT="47" WIDTH="146" VPOS="1016" HPOS="1545"/>
</TextLine>
<TextLine HEIGHT="50" WIDTH="784" VPOS="1088" HPOS="296" CS="1">
<String CONTENT="xviii" HEIGHT="39" WIDTH="121" VPOS="1090" HPOS="296"/>
<SP HEIGHT="47" WIDTH="26" VPOS="1091" HPOS="418"/>
<String CONTENT="p.," HEIGHT="37" WIDTH="57" VPOS="1101" HPOS="445"/>
<SP HEIGHT="47" WIDTH="29" VPOS="1089" HPOS="503"/>
<String CONTENT="2" HEIGHT="38" WIDTH="26" VPOS="1089" HPOS="533"/>
<SP/>
<String CS="1" CONTENT="l.,"/>
<SP HEIGHT="46" WIDTH="27" VPOS="1089" HPOS="633"/>
<String CONTENT="3-295" HEIGHT="40" WIDTH="145" VPOS="1088" HPOS="661"/>
<SP HEIGHT="47" WIDTH="25" VPOS="1090" HPOS="807"/>
<String CONTENT="p." HEIGHT="37" WIDTH="43" VPOS="1100" HPOS="833"/>
<SP HEIGHT="40" WIDTH="58" VPOS="1089" HPOS="877"/>
<String CS="1" CONTENT="21&#189;" HEIGHT="39" WIDTH="55" VPOS="1089" HPOS="936"/>
<String STYLE="superscript" CONTENT="cm" HEIGHT="21" WIDTH="42" VPOS="1091" HPOS="1025"/>
<String CONTENT="." HEIGHT="8" WIDTH="7" VPOS="1121" HPOS="1073"/>
</TextLine>
<TextLine HEIGHT="53" WIDTH="1982" VPOS="1156" HPOS="230" CS="1">
<String CONTENT="&#169;" HEIGHT="51" WIDTH="50" VPOS="1158" HPOS="230"/>
<SP HEIGHT="51" WIDTH="33" VPOS="1158" HPOS="281"/>
<String CONTENT="Sept." HEIGHT="47" WIDTH="125" VPOS="1162" HPOS="315"/>
<SP HEIGHT="41" WIDTH="28" VPOS="1161" HPOS="441"/>
<String CONTENT="25." HEIGHT="41" WIDTH="68" VPOS="1161" HPOS="470"/>
<SP HEIGHT="39" WIDTH="28" VPOS="1163" HPOS="539"/>
<String CONTENT="1934;" HEIGHT="47" WIDTH="138" VPOS="1160" HPOS="568"/>
<SP HEIGHT="47" WIDTH="31" VPOS="1160" HPOS="707"/>
<String CONTENT="2c." HEIGHT="40" WIDTH="65" VPOS="1160" HPOS="739"/>
<SP HEIGHT="39" WIDTH="32" VPOS="1161" HPOS="805"/>
<String CONTENT="Oct" HEIGHT="39" WIDTH="87" VPOS="1161" HPOS="838"/>
<SP HEIGHT="40" WIDTH="42" VPOS="1160" HPOS="926"/>
<String CS="1" CONTENT="9;" HEIGHT="36" WIDTH="24" VPOS="1160" HPOS="969"/>
<SP HEIGHT="29" WIDTH="32" VPOS="1171" HPOS="1021"/>
<String CONTENT="aff." HEIGHT="40" WIDTH="78" VPOS="1159" HPOS="1054"/>
<SP HEIGHT="40" WIDTH="33" VPOS="1159" HPOS="1133"/>
<String CONTENT="Sept." HEIGHT="47" WIDTH="123" VPOS="1159" HPOS="1167"/>
<SP HEIGHT="40" WIDTH="32" VPOS="1158" HPOS="1291"/>
<String CS="1" CONTENT="29;" HEIGHT="39" WIDTH="54" VPOS="1158" HPOS="1324"/>
<SP HEIGHT="37" WIDTH="33" VPOS="1160" HPOS="1405"/>
<!-- cceid C6481359-6C64-1014-8713-889FF4349C01 --><String CONTENT="A" HEIGHT="36" WIDTH="39" VPOS="1160" HPOS="1439"/>
<SP HEIGHT="37" WIDTH="28" VPOS="1160" HPOS="1479"/>
<String CS="1" CONTENT="75691;" HEIGHT="41" WIDTH="142" VPOS="1156" HPOS="1508"/>
<SP HEIGHT="39" WIDTH="32" VPOS="1159" HPOS="1678"/>
<String CONTENT="William" HEIGHT="39" WIDTH="216" VPOS="1159" HPOS="1711"/>
<SP HEIGHT="37" WIDTH="29" VPOS="1159" HPOS="1928"/>
<String CONTENT="Farquhar" HEIGHT="46" WIDTH="254" VPOS="1159" HPOS="1958"/>
</TextLine>
<TextLine HEIGHT="48" WIDTH="552" VPOS="1217" HPOS="297">
<String CONTENT="Payson." HEIGHT="46" WIDTH="203" VPOS="1219" HPOS="297"/>
<SP HEIGHT="46" WIDTH="71" VPOS="1219" HPOS="501"/>
<String CONTENT="(34-32934)" HEIGHT="48" WIDTH="276" VPOS="1217" HPOS="573"/>
</TextLine>
<TextLine HEIGHT="65" WIDTH="1182" VPOS="1320" HPOS="229" STYLEREFS="StyleId-85F818A7-99EF-4475-AFED-E5BD543FE3C8-">
<String CONTENT="Braxton," HEIGHT="64" WIDTH="277" VPOS="1321" HPOS="229"/>
<SP HEIGHT="64" WIDTH="31" VPOS="1321" HPOS="507"/>
<String CONTENT="Allen" HEIGHT="53" WIDTH="169" VPOS="1320" HPOS="539"/>
<SP HEIGHT="52" WIDTH="33" VPOS="1322" HPOS="709"/>
<String CONTENT="Caperton," HEIGHT="62" WIDTH="309" VPOS="1322" HPOS="743"/>
<SP HEIGHT="58" WIDTH="35" VPOS="1325" HPOS="1053"/>
<String CONTENT="1862-1914." HEIGHT="51" WIDTH="322" VPOS="1321" HPOS="1089"/>
</TextLine>
<TextLine HEIGHT="135" WIDTH="1962" VPOS="1394" HPOS="229" STYLEREFS="StyleId-E8B21846-288A-4656-9424-CB4B31969DCA-" CS="1">
<String CONTENT="The" HEIGHT="53" WIDTH="119" VPOS="1398" HPOS="299"/>
<SP HEIGHT="54" WIDTH="30" VPOS="1397" HPOS="419"/>
<String CONTENT="fifteenth" HEIGHT="53" WIDTH="265" VPOS="1397" HPOS="450"/>
<SP HEIGHT="52" WIDTH="34" VPOS="1398" HPOS="716"/>
<String CONTENT="amendment," HEIGHT="65" WIDTH="375" VPOS="1397" HPOS="751"/>
<SP HEIGHT="47" WIDTH="32" VPOS="1415" HPOS="1127"/>
<String CONTENT="an" HEIGHT="34" WIDTH="70" VPOS="1414" HPOS="1160"/>
<SP HEIGHT="33" WIDTH="34" VPOS="1414" HPOS="1231"/>
<String CONTENT="account" HEIGHT="46" WIDTH="236" VPOS="1401" HPOS="1266"/>
<SP HEIGHT="46" WIDTH="30" VPOS="1401" HPOS="1503"/>
<String CONTENT="of" HEIGHT="52" WIDTH="62" VPOS="1395" HPOS="1534"/>
<SP HEIGHT="51" WIDTH="30" VPOS="1395" HPOS="1597"/>
<String CONTENT="its" HEIGHT="51" WIDTH="73" VPOS="1396" HPOS="1628"/>
<SP HEIGHT="32" WIDTH="34" VPOS="1415" HPOS="1702"/>
<String CONTENT="enactment;" HEIGHT="59" WIDTH="343" VPOS="1400" HPOS="1737"/>
<SP HEIGHT="46" WIDTH="37" VPOS="1413" HPOS="2081"/>
<String CONTENT="address" HEIGHT="135" WIDTH="1962" VPOS="1394" HPOS="229"/>
</TextLine>
<TextLine HEIGHT="69" WIDTH="1788" VPOS="1473" HPOS="428" STYLEREFS="StyleId-E8B21846-288A-4656-9424-CB4B31969DCA-">
<String CONTENT="delivered" HEIGHT="52" WIDTH="285" VPOS="1475" HPOS="428"/>
<SP HEIGHT="52" WIDTH="36" VPOS="1475" HPOS="714"/>
<String CONTENT="before" HEIGHT="53" WIDTH="194" VPOS="1474" HPOS="751"/>
<SP HEIGHT="52" WIDTH="37" VPOS="1475" HPOS="946"/>
<String CONTENT="Virginia" HEIGHT="68" WIDTH="271" VPOS="1474" HPOS="984"/>
<SP HEIGHT="34" WIDTH="33" VPOS="1492" HPOS="1256"/>
<String CONTENT="state" HEIGHT="48" WIDTH="144" VPOS="1478" HPOS="1290"/>
<SP HEIGHT="51" WIDTH="36" VPOS="1474" HPOS="1435"/>
<String CONTENT="bar" HEIGHT="51" WIDTH="102" VPOS="1474" HPOS="1472"/>
<SP HEIGHT="33" WIDTH="40" VPOS="1492" HPOS="1575"/>
<String CONTENT="association" HEIGHT="53" WIDTH="336" VPOS="1473" HPOS="1616"/>
<SP HEIGHT="52" WIDTH="37" VPOS="1473" HPOS="1953"/>
<String CONTENT="for" HEIGHT="52" WIDTH="91" VPOS="1473" HPOS="1991"/>
<SP HEIGHT="46" WIDTH="37" VPOS="1479" HPOS="2083"/>
<String CONTENT="the" HEIGHT="51" WIDTH="95" VPOS="1474" HPOS="2121"/>
</TextLine>
<TextLine HEIGHT="132" WIDTH="1960" VPOS="1552" HPOS="231" STYLEREFS="StyleId-E8B21846-288A-4656-9424-CB4B31969DCA-" CS="1">
<String CONTENT="year" HEIGHT="48" WIDTH="132" VPOS="1572" HPOS="231"/>
<SP HEIGHT="48" WIDTH="32" VPOS="1557" HPOS="364"/>
<String CONTENT="1903" HEIGHT="49" WIDTH="133" VPOS="1556" HPOS="397"/>
<SP HEIGHT="62" WIDTH="36" VPOS="1558" HPOS="531"/>
<String CONTENT="[by]" HEIGHT="67" WIDTH="108" VPOS="1554" HPOS="568"/>
<SP HEIGHT="66" WIDTH="35" VPOS="1553" HPOS="677"/>
<String CONTENT="A." HEIGHT="51" WIDTH="71" VPOS="1553" HPOS="713"/>
<SP HEIGHT="56" WIDTH="31" VPOS="1552" HPOS="785"/>
<String CONTENT="Caperton" HEIGHT="68" WIDTH="288" VPOS="1552" HPOS="817"/>
<SP HEIGHT="50" WIDTH="30" VPOS="1553" HPOS="1106"/>
<String CONTENT="Braxton" HEIGHT="51" WIDTH="258" VPOS="1553" HPOS="1137"/>
<SP HEIGHT="33" WIDTH="34" VPOS="1570" HPOS="1396"/>
<String CONTENT="..." HEIGHT="9" WIDTH="55" VPOS="1594" HPOS="1431"/>
<SP HEIGHT="51" WIDTH="70" VPOS="1552" HPOS="1487"/>
<String CONTENT="Foreword" HEIGHT="52" WIDTH="307" VPOS="1552" HPOS="1558"/>
<SP HEIGHT="52" WIDTH="28" VPOS="1552" HPOS="1866"/>
<String CONTENT="by" HEIGHT="66" WIDTH="75" VPOS="1553" HPOS="1895"/>
<SP HEIGHT="66" WIDTH="26" VPOS="1553" HPOS="1971"/>
<String CONTENT="Wyndham" HEIGHT="132" WIDTH="1960" VPOS="1552" HPOS="231"/>
</TextLine>
<TextLine HEIGHT="69" WIDTH="1815" VPOS="1629" HPOS="402" STYLEREFS="StyleId-E8B21846-288A-4656-9424-CB4B31969DCA-">
<String CONTENT="R." HEIGHT="51" WIDTH="69" VPOS="1632" HPOS="402"/>
<SP HEIGHT="51" WIDTH="41" VPOS="1631" HPOS="472"/>
<String CONTENT="Meredith" HEIGHT="52" WIDTH="286" VPOS="1630" HPOS="514"/>
<SP HEIGHT="51" WIDTH="46" VPOS="1631" HPOS="801"/>
<String CONTENT="..." HEIGHT="9" WIDTH="55" VPOS="1673" HPOS="848"/>
<SP HEIGHT="52" WIDTH="81" VPOS="1630" HPOS="904"/>
<String CONTENT="Lynchburg," HEIGHT="68" WIDTH="364" VPOS="1630" HPOS="986"/>
<SP HEIGHT="66" WIDTH="39" VPOS="1630" HPOS="1351"/>
<String LANG="fr" CONTENT="Va.," HEIGHT="66" WIDTH="125" VPOS="1630" HPOS="1391"/>
<SP HEIGHT="67" WIDTH="43" VPOS="1629" HPOS="1517"/>
<String LANG="fr" CONTENT="J." HEIGHT="54" WIDTH="56" VPOS="1629" HPOS="1561"/>
<SP HEIGHT="51" WIDTH="39" VPOS="1630" HPOS="1618"/>
<String CONTENT="P." HEIGHT="52" WIDTH="66" VPOS="1630" HPOS="1658"/>
<SP HEIGHT="51" WIDTH="41" VPOS="1631" HPOS="1725"/>
<String CONTENT="Bell" HEIGHT="51" WIDTH="128" VPOS="1631" HPOS="1767"/>
<SP HEIGHT="51" WIDTH="43" VPOS="1631" HPOS="1896"/>
<String CONTENT="company" HEIGHT="50" WIDTH="277" VPOS="1648" HPOS="1940"/>
</TextLine>
<TextLine HEIGHT="63" WIDTH="171" VPOS="1713" HPOS="233" STYLEREFS="StyleId-E8B21846-288A-4656-9424-CB4B31969DCA-">
<String CONTENT="[1934]" HEIGHT="63" WIDTH="171" VPOS="1713" HPOS="233"/>
</TextLine>
<TextLine HEIGHT="50" WIDTH="790" VPOS="1780" HPOS="300" CS="1">
<String LANG="fr" CONTENT="x," HEIGHT="37" WIDTH="45" VPOS="1793" HPOS="300"/>
<SP HEIGHT="47" WIDTH="26" VPOS="1783" HPOS="346"/>
<String LANG="en-US" CONTENT="78" HEIGHT="41" WIDTH="56" VPOS="1781" HPOS="373"/>
<SP HEIGHT="49" WIDTH="24" VPOS="1781" HPOS="430"/>
<String LANG="en-US" CONTENT="p." HEIGHT="37" WIDTH="44" VPOS="1793" HPOS="455"/>
<SP HEIGHT="40" WIDTH="58" VPOS="1781" HPOS="500"/>
<String LANG="en-US" CONTENT="front," HEIGHT="40" WIDTH="147" VPOS="1781" HPOS="559"/>
<SP HEIGHT="47" WIDTH="29" VPOS="1781" HPOS="707"/>
<String LANG="en-US" CONTENT="(port.)" HEIGHT="49" WIDTH="170" VPOS="1781" HPOS="737"/>
<SP HEIGHT="47" WIDTH="66" VPOS="1781" HPOS="908"/>
<String LANG="ru" CONTENT="23" HEIGHT="40" WIDTH="54" VPOS="1780" HPOS="975"/>
<String LANG="en-US" CS="1" CONTENT="cm"/>
<String LANG="ru" CONTENT="." HEIGHT="7" WIDTH="8" VPOS="1813" HPOS="1082"/>
</TextLine>
<TextLine HEIGHT="51" WIDTH="1980" VPOS="1851" HPOS="236" CS="1">
<String CONTENT="&#169;" HEIGHT="51" WIDTH="50" VPOS="1851" HPOS="236"/>
<SP HEIGHT="51" WIDTH="26" VPOS="1851" HPOS="287"/>
<String CONTENT="Aug." HEIGHT="47" WIDTH="118" VPOS="1855" HPOS="314"/>
<SP HEIGHT="37" WIDTH="26" VPOS="1855" HPOS="433"/>
<String CONTENT="14," HEIGHT="46" WIDTH="69" VPOS="1855" HPOS="460"/>
<SP HEIGHT="46" WIDTH="26" VPOS="1855" HPOS="530"/>
<String CS="1" CONTENT="1934;" HEIGHT="40" WIDTH="113" VPOS="1853" HPOS="557"/>
<SP HEIGHT="47" WIDTH="27" VPOS="1852" HPOS="697"/>
<String CONTENT="2c." HEIGHT="40" WIDTH="67" VPOS="1852" HPOS="725"/>
<SP HEIGHT="39" WIDTH="27" VPOS="1853" HPOS="793"/>
<String CONTENT="Aug." HEIGHT="47" WIDTH="120" VPOS="1853" HPOS="821"/>
<SP HEIGHT="38" WIDTH="27" VPOS="1853" HPOS="942"/>
<String CS="1" CONTENT="17;" HEIGHT="38" WIDTH="54" VPOS="1853" HPOS="970"/>
<SP HEIGHT="29" WIDTH="31" VPOS="1862" HPOS="1050"/>
<String CONTENT="aff." HEIGHT="41" WIDTH="80" VPOS="1851" HPOS="1082"/>
<SP HEIGHT="40" WIDTH="29" VPOS="1852" HPOS="1163"/>
<String CONTENT="Aug." HEIGHT="47" WIDTH="115" VPOS="1852" HPOS="1193"/>
<SP HEIGHT="38" WIDTH="27" VPOS="1852" HPOS="1309"/>
<String CS="1" CONTENT="16;" HEIGHT="40" WIDTH="56" VPOS="1851" HPOS="1337"/>
<SP HEIGHT="47" WIDTH="30" VPOS="1852" HPOS="1419"/>
<!-- cceid C648777D-6C64-1014-8713-889FF4349C01 --><String CONTENT="A" HEIGHT="38" WIDTH="43" VPOS="1852" HPOS="1450"/>
<SP HEIGHT="39" WIDTH="25" VPOS="1852" HPOS="1494"/>
<String CS="1" CONTENT="74564;" HEIGHT="40" WIDTH="143" VPOS="1852" HPOS="1520"/>
<SP HEIGHT="45" WIDTH="32" VPOS="1854" HPOS="1690"/>
<String CONTENT="Mary" HEIGHT="46" WIDTH="140" VPOS="1854" HPOS="1723"/>
<SP HEIGHT="46" WIDTH="27" VPOS="1854" HPOS="1864"/>
<String CONTENT="M." HEIGHT="38" WIDTH="61" VPOS="1854" HPOS="1892"/>
<SP HEIGHT="38" WIDTH="28" VPOS="1854" HPOS="1954"/>
<String CONTENT="Braxton," HEIGHT="47" WIDTH="233" VPOS="1854" HPOS="1983"/>
</TextLine>
<TextLine HEIGHT="107" WIDTH="1384" VPOS="1909" HPOS="305" CS="1">
<String CONTENT="Staunton." HEIGHT="41" WIDTH="252" VPOS="1911" HPOS="305"/>
<SP HEIGHT="40" WIDTH="27" VPOS="1911" HPOS="558"/>
<String LANG="fr" CONTENT="Va." HEIGHT="38" WIDTH="86" VPOS="1911" HPOS="586"/>
<SP HEIGHT="29" WIDTH="61" VPOS="1929" HPOS="673"/>
<String CONTENT="[Copyright" HEIGHT="49" WIDTH="279" VPOS="1909" HPOS="735"/>
<SP HEIGHT="39" WIDTH="26" VPOS="1909" HPOS="1015"/>
<String CONTENT="is" HEIGHT="38" WIDTH="41" VPOS="1909" HPOS="1042"/>
<SP HEIGHT="28" WIDTH="28" VPOS="1920" HPOS="1084"/>
<String CONTENT="claimed" HEIGHT="39" WIDTH="201" VPOS="1909" HPOS="1113"/>
<SP HEIGHT="38" WIDTH="28" VPOS="1910" HPOS="1315"/>
<String CONTENT="on" HEIGHT="28" WIDTH="60" VPOS="1920" HPOS="1344"/>
<SP HEIGHT="38" WIDTH="25" VPOS="1909" HPOS="1405"/>
<String CONTENT="foreword]" HEIGHT="49" WIDTH="258" VPOS="1909" HPOS="1431"/>
<SP/>
<String CONTENT="(34-24808)" HEIGHT="49" WIDTH="278" VPOS="1967" HPOS="313"/>
</TextLine>
<TextLine HEIGHT="65" WIDTH="596" VPOS="2071" HPOS="231" STYLEREFS="StyleId-85F818A7-99EF-4475-AFED-E5BD543FE3C8-">
<String CONTENT="Brewer," HEIGHT="62" WIDTH="251" VPOS="2074" HPOS="231"/>
<SP HEIGHT="63" WIDTH="32" VPOS="2073" HPOS="483"/>
<String CONTENT="Leighton." HEIGHT="64" WIDTH="311" VPOS="2071" HPOS="516"/>
</TextLine>
<TextLine HEIGHT="69" WIDTH="1907" VPOS="2147" HPOS="309" STYLEREFS="StyleId-E8B21846-288A-4656-9424-CB4B31969DCA-" CS="1">
<String CONTENT="..." HEIGHT="8" WIDTH="54" VPOS="2194" HPOS="309"/>
<SP HEIGHT="52" WIDTH="42" VPOS="2150" HPOS="364"/>
<String CONTENT="Riders" HEIGHT="52" WIDTH="208" VPOS="2150" HPOS="407"/>
<SP HEIGHT="35" WIDTH="33" VPOS="2167" HPOS="616"/>
<String CONTENT="of" HEIGHT="54" WIDTH="65" VPOS="2147" HPOS="650"/>
<SP HEIGHT="54" WIDTH="32" VPOS="2147" HPOS="716"/>
<String CONTENT="the" HEIGHT="53" WIDTH="98" VPOS="2148" HPOS="749"/>
<SP HEIGHT="34" WIDTH="35" VPOS="2167" HPOS="848"/>
<String CONTENT="sky." HEIGHT="67" WIDTH="119" VPOS="2147" HPOS="884"/>
<SP HEIGHT="51" WIDTH="91" VPOS="2149" HPOS="1004"/>
<String CONTENT="Boston" HEIGHT="51" WIDTH="215" VPOS="2149" HPOS="1096"/>
<SP HEIGHT="34" WIDTH="37" VPOS="2166" HPOS="1312"/>
<String CONTENT="and" HEIGHT="52" WIDTH="113" VPOS="2148" HPOS="1350"/>
<SP HEIGHT="52" WIDTH="38" VPOS="2148" HPOS="1464"/>
<String CONTENT="New" HEIGHT="52" WIDTH="138" VPOS="2148" HPOS="1503"/>
<SP HEIGHT="50" WIDTH="41" VPOS="2149" HPOS="1642"/>
<String CONTENT="York," HEIGHT="66" WIDTH="179" VPOS="2148" HPOS="1684"/>
<SP HEIGHT="65" WIDTH="39" VPOS="2149" HPOS="1864"/>
<String CONTENT="Houghton" HEIGHT="67" WIDTH="312" VPOS="2149" HPOS="1904"/>
</TextLine>
<TextLine HEIGHT="66" WIDTH="707" VPOS="2228" HPOS="231" STYLEREFS="StyleId-E8B21846-288A-4656-9424-CB4B31969DCA-">
<String CONTENT="Mifflin" HEIGHT="52" WIDTH="204" VPOS="2228" HPOS="231"/>
<SP HEIGHT="34" WIDTH="25" VPOS="2246" HPOS="436"/>
<String CONTENT="company," HEIGHT="50" WIDTH="297" VPOS="2244" HPOS="462"/>
<SP HEIGHT="64" WIDTH="26" VPOS="2229" HPOS="760"/>
<String CONTENT="1934." HEIGHT="50" WIDTH="151" VPOS="2228" HPOS="787"/>
</TextLine>
<TextLine HEIGHT="50" WIDTH="492" VPOS="2297" HPOS="305" CS="1">
<String CONTENT="viii," HEIGHT="48" WIDTH="101" VPOS="2299" HPOS="305"/>
<SP HEIGHT="46" WIDTH="29" VPOS="2301" HPOS="407"/>
<String CONTENT="163" HEIGHT="42" WIDTH="84" VPOS="2297" HPOS="437"/>
<SP HEIGHT="48" WIDTH="28" VPOS="2297" HPOS="522"/>
<String CONTENT="p." HEIGHT="37" WIDTH="42" VPOS="2308" HPOS="551"/>
<SP HEIGHT="39" WIDTH="58" VPOS="2298" HPOS="594"/>
<String CS="1" CONTENT="21&#189;" HEIGHT="39" WIDTH="55" VPOS="2298" HPOS="653"/>
<String STYLE="superscript" CONTENT="cm" HEIGHT="21" WIDTH="44" VPOS="2300" HPOS="742"/>
<String CONTENT="." HEIGHT="8" WIDTH="8" VPOS="2330" HPOS="789"/>
</TextLine>
<TextLine HEIGHT="47" WIDTH="498" VPOS="2355" HPOS="305">
<String CONTENT="A" HEIGHT="37" WIDTH="41" VPOS="2356" HPOS="305"/>
<SP HEIGHT="39" WIDTH="26" VPOS="2356" HPOS="347"/>
<String CONTENT="narrative" HEIGHT="41" WIDTH="251" VPOS="2355" HPOS="374"/>
<SP HEIGHT="37" WIDTH="26" VPOS="2365" HPOS="626"/>
<String CONTENT="poem." HEIGHT="38" WIDTH="150" VPOS="2364" HPOS="653"/>
</TextLine>
<TextLine HEIGHT="51" WIDTH="1900" VPOS="2425" HPOS="240" CS="1">
<String CONTENT="&#169;" HEIGHT="51" WIDTH="51" VPOS="2425" HPOS="240"/>
<SP HEIGHT="51" WIDTH="27" VPOS="2425" HPOS="292"/>
<String CONTENT="Sept." HEIGHT="47" WIDTH="128" VPOS="2429" HPOS="320"/>
<SP HEIGHT="40" WIDTH="23" VPOS="2428" HPOS="449"/>
<String CONTENT="28," HEIGHT="47" WIDTH="69" VPOS="2428" HPOS="473"/>
<SP HEIGHT="46" WIDTH="25" VPOS="2429" HPOS="543"/>
<String CS="1" CONTENT="1934;" HEIGHT="42" WIDTH="113" VPOS="2426" HPOS="569"/>
<SP HEIGHT="46" WIDTH="27" VPOS="2427" HPOS="709"/>
<String CONTENT="2c." HEIGHT="39" WIDTH="64" VPOS="2427" HPOS="737"/>
<SP HEIGHT="28" WIDTH="29" VPOS="2437" HPOS="802"/>
<String CONTENT="and" HEIGHT="38" WIDTH="93" VPOS="2428" HPOS="832"/>
<SP HEIGHT="38" WIDTH="26" VPOS="2428" HPOS="926"/>
<String CONTENT="aff." HEIGHT="39" WIDTH="78" VPOS="2427" HPOS="953"/>
<SP HEIGHT="40" WIDTH="30" VPOS="2427" HPOS="1032"/>
<String CONTENT="Oct." HEIGHT="40" WIDTH="97" VPOS="2427" HPOS="1063"/>
<SP HEIGHT="39" WIDTH="27" VPOS="2428" HPOS="1161"/>
<String CS="1" CONTENT="5;" HEIGHT="39" WIDTH="24" VPOS="2428" HPOS="1189"/>
<SP HEIGHT="45" WIDTH="28" VPOS="2429" HPOS="1240"/>
<!-- cceid C648F279-6C64-1014-8713-889FF4349C01 --><String CONTENT="A" HEIGHT="37" WIDTH="40" VPOS="2429" HPOS="1269"/>
<SP HEIGHT="38" WIDTH="24" VPOS="2429" HPOS="1310"/>
<String CS="1" CONTENT="76341;" HEIGHT="40" WIDTH="143" VPOS="2428" HPOS="1335"/>
<SP HEIGHT="40" WIDTH="30" VPOS="2428" HPOS="1504"/>
<String CONTENT="L." HEIGHT="40" WIDTH="49" VPOS="2428" HPOS="1535"/>
<SP HEIGHT="38" WIDTH="28" VPOS="2430" HPOS="1585"/>
<String CONTENT="Brewer," HEIGHT="46" WIDTH="208" VPOS="2430" HPOS="1614"/>
<SP HEIGHT="47" WIDTH="27" VPOS="2429" HPOS="1823"/>
<String CONTENT="New" HEIGHT="40" WIDTH="116" VPOS="2429" HPOS="1851"/>
<SP HEIGHT="38" WIDTH="27" VPOS="2430" HPOS="1968"/>
<String CONTENT="York." HEIGHT="39" WIDTH="144" VPOS="2430" HPOS="1996"/>
</TextLine>
<TextLine HEIGHT="48" WIDTH="277" VPOS="2483" HPOS="318">
<String CONTENT="(34-32924)" HEIGHT="48" WIDTH="277" VPOS="2483" HPOS="318"/>
</TextLine>
<TextLine HEIGHT="67" WIDTH="932" VPOS="2585" HPOS="231" STYLEREFS="StyleId-85F818A7-99EF-4475-AFED-E5BD543FE3C8-">
<String CONTENT="Bull," HEIGHT="67" WIDTH="148" VPOS="2585" HPOS="231"/>
<SP HEIGHT="63" WIDTH="28" VPOS="2589" HPOS="380"/>
<String CONTENT="William" HEIGHT="55" WIDTH="254" VPOS="2586" HPOS="409"/>
<SP HEIGHT="51" WIDTH="28" VPOS="2589" HPOS="664"/>
<String CONTENT="Perkins," HEIGHT="64" WIDTH="266" VPOS="2587" HPOS="693"/>
<SP HEIGHT="56" WIDTH="34" VPOS="2595" HPOS="960"/>
<String CONTENT="1870-" HEIGHT="53" WIDTH="168" VPOS="2589" HPOS="995"/>
</TextLine>
<TextLine HEIGHT="70" WIDTH="1916" VPOS="2663" HPOS="307" STYLEREFS="StyleId-E8B21846-288A-4656-9424-CB4B31969DCA-">
<String CONTENT="From" HEIGHT="52" WIDTH="174" VPOS="2664" HPOS="307"/>
<SP HEIGHT="33" WIDTH="28" VPOS="2682" HPOS="482"/>
<String CONTENT="medicine" HEIGHT="53" WIDTH="274" VPOS="2663" HPOS="511"/>
<SP HEIGHT="34" WIDTH="29" VPOS="2682" HPOS="786"/>
<String CONTENT="man" HEIGHT="34" WIDTH="133" VPOS="2682" HPOS="816"/>
<SP HEIGHT="46" WIDTH="28" VPOS="2670" HPOS="950"/>
<String CONTENT="to" HEIGHT="47" WIDTH="59" VPOS="2670" HPOS="979"/>
<SP HEIGHT="34" WIDTH="28" VPOS="2683" HPOS="1039"/>
<String CONTENT="medical" HEIGHT="53" WIDTH="238" VPOS="2665" HPOS="1068"/>
<SP HEIGHT="51" WIDTH="30" VPOS="2667" HPOS="1307"/>
<String CONTENT="man;" HEIGHT="49" WIDTH="161" VPOS="2684" HPOS="1338"/>
<SP HEIGHT="48" WIDTH="33" VPOS="2685" HPOS="1500"/>
<String CONTENT="a" HEIGHT="33" WIDTH="30" VPOS="2686" HPOS="1534"/>
<SP HEIGHT="33" WIDTH="31" VPOS="2686" HPOS="1565"/>
<String CONTENT="record" HEIGHT="53" WIDTH="197" VPOS="2666" HPOS="1597"/>
<SP HEIGHT="53" WIDTH="31" VPOS="2666" HPOS="1795"/>
<String CONTENT="of" HEIGHT="55" WIDTH="63" VPOS="2664" HPOS="1827"/>
<SP HEIGHT="54" WIDTH="32" VPOS="2664" HPOS="1891"/>
<String CONTENT="a" HEIGHT="33" WIDTH="30" VPOS="2685" HPOS="1924"/>
<SP HEIGHT="34" WIDTH="32" VPOS="2684" HPOS="1955"/>
<String CONTENT="century" HEIGHT="62" WIDTH="235" VPOS="2671" HPOS="1988"/>
</TextLine>
<TextLine HEIGHT="71" WIDTH="1984" VPOS="2740" HPOS="238" STYLEREFS="StyleId-E8B21846-288A-4656-9424-CB4B31969DCA-">
<String CONTENT="and" HEIGHT="51" WIDTH="112" VPOS="2742" HPOS="238"/>
<SP HEIGHT="52" WIDTH="26" VPOS="2742" HPOS="351"/>
<String CONTENT="a" HEIGHT="33" WIDTH="30" VPOS="2761" HPOS="378"/>
<SP HEIGHT="52" WIDTH="28" VPOS="2742" HPOS="409"/>
<String CONTENT="half" HEIGHT="53" WIDTH="129" VPOS="2740" HPOS="438"/>
<SP HEIGHT="55" WIDTH="27" VPOS="2740" HPOS="568"/>
<String CONTENT="of" HEIGHT="55" WIDTH="64" VPOS="2740" HPOS="596"/>
<SP HEIGHT="68" WIDTH="25" VPOS="2740" HPOS="661"/>
<String CONTENT="progress" HEIGHT="51" WIDTH="262" VPOS="2759" HPOS="687"/>
<SP HEIGHT="52" WIDTH="28" VPOS="2742" HPOS="950"/>
<String CONTENT="in" HEIGHT="52" WIDTH="60" VPOS="2742" HPOS="979"/>
<SP HEIGHT="51" WIDTH="26" VPOS="2743" HPOS="1040"/>
<String CONTENT="health" HEIGHT="52" WIDTH="193" VPOS="2743" HPOS="1067"/>
<SP HEIGHT="53" WIDTH="30" VPOS="2743" HPOS="1261"/>
<String CONTENT="and" HEIGHT="53" WIDTH="113" VPOS="2743" HPOS="1292"/>
<SP HEIGHT="54" WIDTH="28" VPOS="2743" HPOS="1406"/>
<String CONTENT="sanitation" HEIGHT="54" WIDTH="311" VPOS="2743" HPOS="1435"/>
<SP HEIGHT="34" WIDTH="30" VPOS="2762" HPOS="1747"/>
<String CONTENT="as" HEIGHT="35" WIDTH="59" VPOS="2762" HPOS="1778"/>
<SP HEIGHT="35" WIDTH="28" VPOS="2762" HPOS="1838"/>
<String CONTENT="exemplified" HEIGHT="69" WIDTH="355" VPOS="2742" HPOS="1867"/>
</TextLine>
<TextLine HEIGHT="72" WIDTH="1985" VPOS="2817" HPOS="238" STYLEREFS="StyleId-E8B21846-288A-4656-9424-CB4B31969DCA-" CS="1">
<String CONTENT="by" HEIGHT="70" WIDTH="73" VPOS="2817" HPOS="238"/>
<SP HEIGHT="68" WIDTH="43" VPOS="2819" HPOS="312"/>
<String CONTENT="developments" HEIGHT="67" WIDTH="419" VPOS="2819" HPOS="356"/>
<SP HEIGHT="52" WIDTH="43" VPOS="2820" HPOS="776"/>
<String CONTENT="in" HEIGHT="51" WIDTH="61" VPOS="2820" HPOS="820"/>
<SP HEIGHT="51" WIDTH="40" VPOS="2820" HPOS="882"/>
<String CONTENT="Peel," HEIGHT="69" WIDTH="151" VPOS="2820" HPOS="923"/>
<SP HEIGHT="69" WIDTH="42" VPOS="2820" HPOS="1075"/>
<String CONTENT="by" HEIGHT="69" WIDTH="73" VPOS="2820" HPOS="1118"/>
<SP HEIGHT="68" WIDTH="41" VPOS="2821" HPOS="1192"/>
<String CONTENT="Wm." HEIGHT="53" WIDTH="148" VPOS="2821" HPOS="1234"/>
<SP HEIGHT="52" WIDTH="44" VPOS="2822" HPOS="1383"/>
<String CONTENT="Perkins" HEIGHT="54" WIDTH="243" VPOS="2821" HPOS="1428"/>
<SP HEIGHT="53" WIDTH="45" VPOS="2822" HPOS="1672"/>
<String CONTENT="Bull." HEIGHT="53" WIDTH="153" VPOS="2820" HPOS="1718"/>
<SP HEIGHT="52" WIDTH="81" VPOS="2821" HPOS="1872"/>
<String CONTENT="Toronto," HEIGHT="65" WIDTH="269" VPOS="2821" HPOS="1954"/>
</TextLine>
<TextLine HEIGHT="73" WIDTH="1979" VPOS="2894" HPOS="240" STYLEREFS="StyleId-E8B21846-288A-4656-9424-CB4B31969DCA-" CS="1">
<String CONTENT="Can.," HEIGHT="70" WIDTH="156" VPOS="2894" HPOS="240"/>
<SP HEIGHT="67" WIDTH="27" VPOS="2897" HPOS="397"/>
<String CONTENT="The" HEIGHT="51" WIDTH="120" VPOS="2897" HPOS="425"/>
<SP HEIGHT="51" WIDTH="27" VPOS="2897" HPOS="546"/>
<String CONTENT="Perkins" HEIGHT="52" WIDTH="241" VPOS="2896" HPOS="574"/>
<SP HEIGHT="51" WIDTH="28" VPOS="2897" HPOS="816"/>
<String CONTENT="Bull" HEIGHT="52" WIDTH="137" VPOS="2897" HPOS="845"/>
<SP HEIGHT="52" WIDTH="28" VPOS="2896" HPOS="983"/>
<String CONTENT="foundation," HEIGHT="70" WIDTH="359" VPOS="2896" HPOS="1012"/>
<SP HEIGHT="68" WIDTH="29" VPOS="2898" HPOS="1372"/>
<String LANG="fr" CONTENT="G." HEIGHT="56" WIDTH="68" VPOS="2898" HPOS="1402"/>
<SP HEIGHT="54" WIDTH="30" VPOS="2899" HPOS="1471"/>
<String CONTENT="J." HEIGHT="54" WIDTH="55" VPOS="2899" HPOS="1502"/>
<SP HEIGHT="52" WIDTH="30" VPOS="2900" HPOS="1558"/>
<String CS="1" CONTENT="McLeod," HEIGHT="53" WIDTH="252" VPOS="2899" HPOS="1589"/>
<SP HEIGHT="68" WIDTH="26" VPOS="2899" HPOS="1859"/>
<String CONTENT="ltd." HEIGHT="54" WIDTH="103" VPOS="2899" HPOS="1886"/>
<SP HEIGHT="34" WIDTH="37" VPOS="2931" HPOS="1990"/>
<String CS="1" CONTENT="["/>
<String STYLE="superscript" CONTENT="c" HEIGHT="21" WIDTH="16" VPOS="2904" HPOS="2046"/>
<String CONTENT="1934]" HEIGHT="64" WIDTH="151" VPOS="2900" HPOS="2068"/>
</TextLine>
<TextLine HEIGHT="51" WIDTH="1906" VPOS="2968" HPOS="309" STYLEREFS="StyleId-E8B21846-288A-4656-9424-CB4B31969DCA-" CS="1">
<String CONTENT="xviii," HEIGHT="46" WIDTH="134" VPOS="2969" HPOS="309"/>
<SP HEIGHT="46" WIDTH="40" VPOS="2969" HPOS="444"/>
<String CONTENT="222," HEIGHT="46" WIDTH="99" VPOS="2969" HPOS="485"/>
<SP HEIGHT="29" WIDTH="47" VPOS="2989" HPOS="585"/>
<String CS="1" CONTENT="[5]," HEIGHT="50" WIDTH="69" VPOS="2968" HPOS="633"/>
<SP HEIGHT="47" WIDTH="41" VPOS="2968" HPOS="703"/>
<String CONTENT="224-457," HEIGHT="48" WIDTH="215" VPOS="2968" HPOS="745"/>
<SP HEIGHT="48" WIDTH="46" VPOS="2971" HPOS="961"/>
<String CS="1" CONTENT="[1]" HEIGHT="29" WIDTH="10" VPOS="2990" HPOS="1053"/>
<SP HEIGHT="39" WIDTH="41" VPOS="2980" HPOS="1064"/>
<String CONTENT="p." HEIGHT="37" WIDTH="42" VPOS="2980" HPOS="1106"/>
<SP HEIGHT="39" WIDTH="43" VPOS="2971" HPOS="1149"/>
<String CONTENT="incl." HEIGHT="39" WIDTH="108" VPOS="2971" HPOS="1193"/>
<SP HEIGHT="39" WIDTH="42" VPOS="2971" HPOS="1302"/>
<String CONTENT="front.," HEIGHT="48" WIDTH="162" VPOS="2971" HPOS="1345"/>
<SP HEIGHT="47" WIDTH="45" VPOS="2972" HPOS="1508"/>
<String CONTENT="illus.," HEIGHT="47" WIDTH="142" VPOS="2972" HPOS="1554"/>
<SP HEIGHT="38" WIDTH="41" VPOS="2981" HPOS="1697"/>
<String CONTENT="plates" HEIGHT="48" WIDTH="158" VPOS="2970" HPOS="1739"/>
<SP HEIGHT="47" WIDTH="26" VPOS="2971" HPOS="1898"/>
<String CONTENT="(part" HEIGHT="47" WIDTH="133" VPOS="2971" HPOS="1925"/>
<SP HEIGHT="36" WIDTH="44" VPOS="2974" HPOS="2059"/>
<String CONTENT="col.)" HEIGHT="47" WIDTH="111" VPOS="2971" HPOS="2104"/>
</TextLine>
<TextLine HEIGHT="51" WIDTH="1985" VPOS="3025" HPOS="241" STYLEREFS="StyleId-E8B21846-288A-4656-9424-CB4B31969DCA-" CS="1">
<String CONTENT="ports," HEIGHT="44" WIDTH="145" VPOS="3026" HPOS="241"/>
<SP HEIGHT="48" WIDTH="29" VPOS="3025" HPOS="387"/>
<String CONTENT="(part" HEIGHT="48" WIDTH="132" VPOS="3025" HPOS="417"/>
<SP HEIGHT="37" WIDTH="42" VPOS="3028" HPOS="550"/>
<String CONTENT="col.)" HEIGHT="47" WIDTH="109" VPOS="3025" HPOS="593"/>
<SP HEIGHT="47" WIDTH="50" VPOS="3025" HPOS="703"/>
<String CONTENT="facsim.," HEIGHT="47" WIDTH="202" VPOS="3025" HPOS="754"/>
<SP HEIGHT="45" WIDTH="43" VPOS="3027" HPOS="957"/>
<String CONTENT="diagr." HEIGHT="46" WIDTH="152" VPOS="3027" HPOS="1001"/>
<SP HEIGHT="42" WIDTH="71" VPOS="3027" HPOS="1154"/>
<String CONTENT="fold." HEIGHT="41" WIDTH="113" VPOS="3027" HPOS="1226"/>
<SP HEIGHT="30" WIDTH="45" VPOS="3038" HPOS="1340"/>
<String CONTENT="map." HEIGHT="37" WIDTH="124" VPOS="3038" HPOS="1386"/>
<SP HEIGHT="42" WIDTH="71" VPOS="3026" HPOS="1511"/>
<String CONTENT="26" HEIGHT="42" WIDTH="56" VPOS="3026" HPOS="1583"/>
<String STYLE="superscript" CONTENT="cm" HEIGHT="22" WIDTH="42" VPOS="3029" HPOS="1643"/>
<String CONTENT="." HEIGHT="8" WIDTH="8" VPOS="3060" HPOS="1691"/>
<SP HEIGHT="48" WIDTH="82" VPOS="3028" HPOS="1700"/>
<String CS="1" CONTENT="(Half-title;" HEIGHT="49" WIDTH="274" VPOS="3027" HPOS="1783"/>
<SP HEIGHT="43" WIDTH="43" VPOS="3025" HPOS="2081"/>
<String CONTENT="The" HEIGHT="41" WIDTH="101" VPOS="3025" HPOS="2125"/>
</TextLine>
<TextLine HEIGHT="51" WIDTH="871" VPOS="3081" HPOS="241" STYLEREFS="StyleId-E8B21846-288A-4656-9424-CB4B31969DCA-" CS="1">
<String CONTENT="Perkins" HEIGHT="41" WIDTH="202" VPOS="3081" HPOS="241"/>
<SP HEIGHT="40" WIDTH="26" VPOS="3082" HPOS="444"/>
<String CONTENT="Bull" HEIGHT="40" WIDTH="113" VPOS="3082" HPOS="471"/>
<SP HEIGHT="38" WIDTH="25" VPOS="3082" HPOS="585"/>
<String CONTENT="historical" HEIGHT="41" WIDTH="254" VPOS="3081" HPOS="611"/>
<SP HEIGHT="40" WIDTH="23" VPOS="3082" HPOS="866"/>
<String CONTENT="series," HEIGHT="39" WIDTH="163" VPOS="3084" HPOS="890"/>
<SP HEIGHT="49" WIDTH="58" VPOS="3083" HPOS="1054"/>
<String CS="1" CONTENT="[1])"/>
</TextLine>
<TextLine HEIGHT="52" WIDTH="1912" VPOS="3136" HPOS="312" CS="1">
<String CONTENT="Illustrated" HEIGHT="42" WIDTH="285" VPOS="3136" HPOS="312"/>
<SP HEIGHT="40" WIDTH="34" VPOS="3138" HPOS="598"/>
<String CS="1" CONTENT="lining-papers;" HEIGHT="47" WIDTH="345" VPOS="3138" HPOS="633"/>
<SP HEIGHT="34" WIDTH="35" VPOS="3150" HPOS="1005"/>
<String CONTENT="addenda" HEIGHT="39" WIDTH="218" VPOS="3141" HPOS="1041"/>
<SP HEIGHT="28" WIDTH="40" VPOS="3151" HPOS="1260"/>
<String CONTENT="and" HEIGHT="39" WIDTH="92" VPOS="3141" HPOS="1301"/>
<SP HEIGHT="40" WIDTH="36" VPOS="3141" HPOS="1394"/>
<String CONTENT="errata" HEIGHT="38" WIDTH="163" VPOS="3143" HPOS="1431"/>
<SP HEIGHT="29" WIDTH="37" VPOS="3152" HPOS="1595"/>
<String CONTENT="slip" HEIGHT="47" WIDTH="92" VPOS="3141" HPOS="1633"/>
<SP HEIGHT="47" WIDTH="35" VPOS="3141" HPOS="1726"/>
<String CONTENT="inserted" HEIGHT="39" WIDTH="212" VPOS="3141" HPOS="1762"/>
<SP HEIGHT="40" WIDTH="36" VPOS="3140" HPOS="1975"/>
<String CONTENT="between" HEIGHT="39" WIDTH="212" VPOS="3140" HPOS="2012"/>
</TextLine>
<TextLine HEIGHT="51" WIDTH="423" VPOS="3193" HPOS="241" CS="1">
<String CONTENT="pages" HEIGHT="37" WIDTH="143" VPOS="3203" HPOS="241"/>
<SP HEIGHT="39" WIDTH="29" VPOS="3205" HPOS="385"/>
<String CONTENT="[2]" HEIGHT="51" WIDTH="54" VPOS="3193" HPOS="415"/>
<SP HEIGHT="39" WIDTH="29" VPOS="3205" HPOS="470"/>
<String CONTENT="and" HEIGHT="38" WIDTH="93" VPOS="3196" HPOS="500"/>
<SP HEIGHT="48" WIDTH="31" VPOS="3196" HPOS="594"/>
<String CS="1" CONTENT="[3]" HEIGHT="39" WIDTH="25" VPOS="3196" HPOS="639"/>
</TextLine>
<TextLine HEIGHT="51" WIDTH="1908" VPOS="3249" HPOS="317">
<String CONTENT="&#8220;This" HEIGHT="42" WIDTH="144" VPOS="3249" HPOS="317"/>
<SP HEIGHT="29" WIDTH="35" VPOS="3262" HPOS="462"/>
<String CONTENT="edition" HEIGHT="41" WIDTH="183" VPOS="3250" HPOS="498"/>
<SP HEIGHT="40" WIDTH="37" VPOS="3250" HPOS="682"/>
<String CONTENT="is" HEIGHT="40" WIDTH="41" VPOS="3250" HPOS="720"/>
<SP HEIGHT="39" WIDTH="36" VPOS="3251" HPOS="762"/>
<String CONTENT="limited" HEIGHT="41" WIDTH="185" VPOS="3250" HPOS="799"/>
<SP HEIGHT="38" WIDTH="39" VPOS="3253" HPOS="985"/>
<String CONTENT="to" HEIGHT="37" WIDTH="47" VPOS="3254" HPOS="1025"/>
<SP HEIGHT="39" WIDTH="38" VPOS="3252" HPOS="1073"/>
<String CONTENT="1000" HEIGHT="42" WIDTH="112" VPOS="3250" HPOS="1112"/>
<SP HEIGHT="40" WIDTH="36" VPOS="3252" HPOS="1225"/>
<String CONTENT="copies" HEIGHT="47" WIDTH="156" VPOS="3253" HPOS="1262"/>
<SP HEIGHT="29" WIDTH="39" VPOS="3265" HPOS="1419"/>
<String CONTENT="of" HEIGHT="39" WIDTH="51" VPOS="3254" HPOS="1459"/>
<SP HEIGHT="38" WIDTH="37" VPOS="3254" HPOS="1511"/>
<String CONTENT="which" HEIGHT="40" WIDTH="159" VPOS="3253" HPOS="1549"/>
<SP HEIGHT="41" WIDTH="36" VPOS="3253" HPOS="1709"/>
<String CONTENT="875" HEIGHT="41" WIDTH="85" VPOS="3253" HPOS="1746"/>
<SP HEIGHT="40" WIDTH="37" VPOS="3253" HPOS="1832"/>
<String CONTENT="are" HEIGHT="30" WIDTH="82" VPOS="3263" HPOS="1870"/>
<SP HEIGHT="39" WIDTH="38" VPOS="3254" HPOS="1953"/>
<String CONTENT="for" HEIGHT="39" WIDTH="79" VPOS="3254" HPOS="1992"/>
<SP HEIGHT="30" WIDTH="40" VPOS="3263" HPOS="2072"/>
<String CONTENT="sale." HEIGHT="41" WIDTH="112" VPOS="3252" HPOS="2113"/>
</TextLine>
<TextLine HEIGHT="51" WIDTH="1158" VPOS="3306" HPOS="241">
<String CONTENT="This" HEIGHT="40" WIDTH="116" VPOS="3306" HPOS="241"/>
<SP HEIGHT="40" WIDTH="25" VPOS="3306" HPOS="358"/>
<String CONTENT="is" HEIGHT="41" WIDTH="41" VPOS="3306" HPOS="384"/>
<SP HEIGHT="29" WIDTH="25" VPOS="3318" HPOS="426"/>
<String CONTENT="number" HEIGHT="40" WIDTH="201" VPOS="3307" HPOS="452"/>
<SP HEIGHT="40" WIDTH="22" VPOS="3306" HPOS="654"/>
<String CONTENT="398." HEIGHT="41" WIDTH="98" VPOS="3306" HPOS="677"/>
<SP HEIGHT="29" WIDTH="58" VPOS="3327" HPOS="776"/>
<String CONTENT="[Signed]" HEIGHT="51" WIDTH="207" VPOS="3306" HPOS="835"/>
<SP HEIGHT="49" WIDTH="28" VPOS="3308" HPOS="1043"/>
<String LANG="fr" CONTENT="W." HEIGHT="39" WIDTH="69" VPOS="3308" HPOS="1072"/>
<SP HEIGHT="38" WIDTH="25" VPOS="3309" HPOS="1142"/>
<String CONTENT="P." HEIGHT="39" WIDTH="48" VPOS="3309" HPOS="1168"/>
<SP HEIGHT="39" WIDTH="26" VPOS="3309" HPOS="1217"/>
<String CONTENT="Bull.&#8221;" HEIGHT="41" WIDTH="155" VPOS="3309" HPOS="1244"/>
</TextLine>
<TextLine HEIGHT="53" WIDTH="1053" VPOS="3361" HPOS="312" CS="1">
<String CONTENT="&#8220;Biographical" HEIGHT="50" WIDTH="371" VPOS="3361" HPOS="312"/>
<SP HEIGHT="39" WIDTH="29" VPOS="3363" HPOS="684"/>
<String CS="1" CONTENT="appendix&#8221;;" HEIGHT="46" WIDTH="267" VPOS="3364" HPOS="714"/>
<SP HEIGHT="37" WIDTH="29" VPOS="3374" HPOS="1011"/>
<String CONTENT="p." HEIGHT="37" WIDTH="43" VPOS="3374" HPOS="1041"/>
<SP HEIGHT="29" WIDTH="35" VPOS="3385" HPOS="1085"/>
<String CONTENT="[393]-416." HEIGHT="51" WIDTH="244" VPOS="3363" HPOS="1121"/>
</TextLine>
<TextLine HEIGHT="52" WIDTH="738" VPOS="3417" HPOS="308" CS="1">
<String CS="1" CONTENT="Bibliography;" HEIGHT="50" WIDTH="346" VPOS="3417" HPOS="308"/>
<SP HEIGHT="38" WIDTH="34" VPOS="3429" HPOS="681"/>
<String CONTENT="p." HEIGHT="38" WIDTH="44" VPOS="3429" HPOS="716"/>
<SP HEIGHT="29" WIDTH="39" VPOS="3439" HPOS="761"/>
<String CONTENT="[417]-423." HEIGHT="50" WIDTH="245" VPOS="3419" HPOS="801"/>
</TextLine>
<TextLine HEIGHT="55" WIDTH="1984" VPOS="3487" HPOS="244" CS="1">
<String CONTENT="&#169;" HEIGHT="51" WIDTH="52" VPOS="3487" HPOS="244"/>
<SP HEIGHT="51" WIDTH="21" VPOS="3487" HPOS="297"/>
<String CONTENT="1c." HEIGHT="38" WIDTH="65" VPOS="3493" HPOS="319"/>
<SP HEIGHT="40" WIDTH="26" VPOS="3492" HPOS="385"/>
<String CONTENT="Sept." HEIGHT="47" WIDTH="126" VPOS="3492" HPOS="412"/>
<SP HEIGHT="37" WIDTH="22" VPOS="3494" HPOS="539"/>
<String CONTENT="17." HEIGHT="39" WIDTH="68" VPOS="3493" HPOS="562"/>
<SP HEIGHT="38" WIDTH="22" VPOS="3493" HPOS="631"/>
<String CS="1" CONTENT="1934;" HEIGHT="40" WIDTH="114" VPOS="3491" HPOS="654"/>
<SP HEIGHT="38" WIDTH="24" VPOS="3492" HPOS="794"/>
<!-- cceid C64941D0-6C64-1014-8713-889FF4349C01 --><String CONTENT="A" HEIGHT="38" WIDTH="40" VPOS="3492" HPOS="819"/>
<SP HEIGHT="39" WIDTH="21" VPOS="3492" HPOS="860"/>
<String CONTENT="ad" HEIGHT="38" WIDTH="60" VPOS="3493" HPOS="882"/>
<SP HEIGHT="39" WIDTH="21" VPOS="3492" HPOS="943"/>
<String CONTENT="int." HEIGHT="40" WIDTH="83" VPOS="3492" HPOS="965"/>
<SP HEIGHT="37" WIDTH="24" VPOS="3493" HPOS="1049"/>
<String CS="1" CONTENT="19379;" HEIGHT="41" WIDTH="141" VPOS="3492" HPOS="1074"/>
<SP HEIGHT="36" WIDTH="24" VPOS="3505" HPOS="1242"/>
<String CONTENT="pubd." HEIGHT="45" WIDTH="139" VPOS="3496" HPOS="1267"/>
<SP HEIGHT="38" WIDTH="26" VPOS="3496" HPOS="1407"/>
<String CONTENT="July" HEIGHT="38" WIDTH="114" VPOS="3496" HPOS="1434"/>
<SP HEIGHT="37" WIDTH="21" VPOS="3496" HPOS="1549"/>
<String CS="1" CONTENT="24;" HEIGHT="39" WIDTH="57" VPOS="3496" HPOS="1571"/>
<SP HEIGHT="44" WIDTH="25" VPOS="3498" HPOS="1654"/>
<String LANG="fr" CONTENT="W." HEIGHT="40" WIDTH="71" VPOS="3498" HPOS="1680"/>
<SP HEIGHT="41" WIDTH="23" VPOS="3497" HPOS="1752"/>
<String CONTENT="P." HEIGHT="39" WIDTH="51" VPOS="3497" HPOS="1776"/>
<SP HEIGHT="39" WIDTH="22" VPOS="3497" HPOS="1828"/>
<String CONTENT="Bull." HEIGHT="40" WIDTH="125" VPOS="3496" HPOS="1851"/>
<SP HEIGHT="40" WIDTH="25" VPOS="3496" HPOS="1977"/>
<String CONTENT="Toronto." HEIGHT="38" WIDTH="225" VPOS="3496" HPOS="2003"/>
</TextLine>
<TextLine HEIGHT="49" WIDTH="277" VPOS="3548" HPOS="322">
<String CONTENT="(34-33319)" HEIGHT="49" WIDTH="277" VPOS="3548" HPOS="322"/>
</TextLine>
<TextLine HEIGHT="67" WIDTH="754" VPOS="3650" HPOS="244" STYLEREFS="StyleId-85F818A7-99EF-4475-AFED-E5BD543FE3C8-">
<String CONTENT="Campbell," HEIGHT="67" WIDTH="312" VPOS="3650" HPOS="244"/>
<SP HEIGHT="63" WIDTH="31" VPOS="3654" HPOS="557"/>
<String CONTENT="Sir" HEIGHT="50" WIDTH="97" VPOS="3653" HPOS="589"/>
<SP HEIGHT="51" WIDTH="23" VPOS="3653" HPOS="687"/>
<String CONTENT="Malcolm." HEIGHT="55" WIDTH="287" VPOS="3652" HPOS="711"/>
</TextLine>
<TextLine HEIGHT="75" WIDTH="1150" VPOS="3738" HPOS="314" STYLEREFS="StyleId-E8B21846-288A-4656-9424-CB4B31969DCA-">
<String CONTENT="Salute" HEIGHT="55" WIDTH="195" VPOS="3738" HPOS="314"/>
<SP HEIGHT="46" WIDTH="29" VPOS="3747" HPOS="510"/>
<String CONTENT="to" HEIGHT="48" WIDTH="59" VPOS="3747" HPOS="540"/>
<SP HEIGHT="48" WIDTH="28" VPOS="3747" HPOS="600"/>
<String CONTENT="the" HEIGHT="52" WIDTH="95" VPOS="3742" HPOS="629"/>
<SP HEIGHT="50" WIDTH="28" VPOS="3760" HPOS="725"/>
<String CONTENT="gods." HEIGHT="68" WIDTH="155" VPOS="3742" HPOS="754"/>
<SP HEIGHT="33" WIDTH="80" VPOS="3775" HPOS="910"/>
<String CONTENT="[Instalment" HEIGHT="64" WIDTH="358" VPOS="3744" HPOS="991"/>
<SP HEIGHT="48" WIDTH="32" VPOS="3752" HPOS="1350"/>
<String CONTENT="10]" HEIGHT="63" WIDTH="81" VPOS="3750" HPOS="1383"/>
</TextLine>
<TextLine HEIGHT="57" WIDTH="1219" VPOS="3824" HPOS="323" STYLEREFS="StyleId-82532DD9-8B89-4EFD-8707-7E86B1C29715-">
<String CONTENT="(In" HEIGHT="45" WIDTH="76" VPOS="3828" HPOS="323"/>
<SP HEIGHT="42" WIDTH="30" VPOS="3824" HPOS="400"/>
<String CONTENT="London" HEIGHT="44" WIDTH="199" VPOS="3824" HPOS="431"/>
<SP HEIGHT="44" WIDTH="27" VPOS="3825" HPOS="631"/>
<String CONTENT="Sunday" HEIGHT="51" WIDTH="199" VPOS="3825" HPOS="659"/>
<SP HEIGHT="37" WIDTH="29" VPOS="3840" HPOS="859"/>
<String CONTENT="pictorial," HEIGHT="51" WIDTH="242" VPOS="3827" HPOS="889"/>
<SP HEIGHT="50" WIDTH="29" VPOS="3828" HPOS="1132"/>
<String CONTENT="Sept." HEIGHT="53" WIDTH="134" VPOS="3828" HPOS="1162"/>
<SP HEIGHT="42" WIDTH="28" VPOS="3832" HPOS="1297"/>
<String CONTENT="9," HEIGHT="49" WIDTH="40" VPOS="3832" HPOS="1326"/>
<SP HEIGHT="48" WIDTH="31" VPOS="3833" HPOS="1367"/>
<String CONTENT="1934)" HEIGHT="49" WIDTH="143" VPOS="3832" HPOS="1399"/>
</TextLine>
<TextLine HEIGHT="62" WIDTH="1981" VPOS="3879" HPOS="245" CS="1">
<String CONTENT="&#169;" HEIGHT="54" WIDTH="51" VPOS="3879" HPOS="245"/>
<SP HEIGHT="54" WIDTH="24" VPOS="3879" HPOS="297"/>
<String CONTENT="1c." HEIGHT="38" WIDTH="62" VPOS="3885" HPOS="322"/>
<SP HEIGHT="40" WIDTH="27" VPOS="3884" HPOS="385"/>
<String CONTENT="Oct." HEIGHT="40" WIDTH="99" VPOS="3884" HPOS="413"/>
<SP HEIGHT="38" WIDTH="24" VPOS="3886" HPOS="513"/>
<String CONTENT="1," HEIGHT="47" WIDTH="38" VPOS="3886" HPOS="538"/>
<SP HEIGHT="47" WIDTH="25" VPOS="3886" HPOS="577"/>
<String CONTENT="1934;" HEIGHT="47" WIDTH="140" VPOS="3885" HPOS="603"/>
<SP HEIGHT="45" WIDTH="26" VPOS="3887" HPOS="744"/>
<!-- cceid C649ADC8-6C64-1014-8713-889FF4349C01 --><String CONTENT="A" HEIGHT="38" WIDTH="40" VPOS="3887" HPOS="771"/>
<SP HEIGHT="38" WIDTH="24" VPOS="3887" HPOS="812"/>
<String CONTENT="ad" HEIGHT="38" WIDTH="60" VPOS="3887" HPOS="837"/>
<SP HEIGHT="39" WIDTH="24" VPOS="3886" HPOS="898"/>
<String CONTENT="int." HEIGHT="40" WIDTH="85" VPOS="3886" HPOS="923"/>
<SP HEIGHT="37" WIDTH="26" VPOS="3888" HPOS="1009"/>
<String CS="1" CONTENT="19504;" HEIGHT="40" WIDTH="139" VPOS="3887" HPOS="1036"/>
<SP HEIGHT="41" WIDTH="27" VPOS="3900" HPOS="1204"/>
<String CONTENT="pubd." HEIGHT="51" WIDTH="142" VPOS="3890" HPOS="1232"/>
<SP HEIGHT="40" WIDTH="31" VPOS="3891" HPOS="1375"/>
<String CONTENT="Sept." HEIGHT="48" WIDTH="123" VPOS="3891" HPOS="1407"/>
<SP HEIGHT="38" WIDTH="28" VPOS="3891" HPOS="1531"/>
<String CONTENT="9;" HEIGHT="47" WIDTH="51" VPOS="3891" HPOS="1560"/>
<SP HEIGHT="46" WIDTH="28" VPOS="3892" HPOS="1612"/>
<String CONTENT="M." HEIGHT="38" WIDTH="61" VPOS="3892" HPOS="1641"/>
<SP HEIGHT="40" WIDTH="27" VPOS="3891" HPOS="1703"/>
<String CONTENT="Campbell," HEIGHT="48" WIDTH="260" VPOS="3889" HPOS="1731"/>
<SP HEIGHT="47" WIDTH="25" VPOS="3889" HPOS="1992"/>
<String CONTENT="London." HEIGHT="40" WIDTH="208" VPOS="3887" HPOS="2018"/>
</TextLine>
</TextBlock>
</PrintSpace>
</Page>
</Layout>
</alto>