2350 4196
1144 3998 131 48 1036

216 458 202 66 valley,
462 461 137 51 New
642 461 215 64 Jersey,
901 458 266 52 collected
1209 458 75 66 by
1327 459 78 50 M.
1449 459 63 49 L.
1556 458 253 50 Parrish.
214 457 1964 145 [Philadelphia]
403 537 156 51 Priv.
590 538 173 65 print.
819 536 66 52 [E.
918 538 166 53 Stern
1115 540 43 48 &
1186 552 295 49 company,
1509 537 125 62 inc.]
1672 537 148 52 1933.

293 609 63 46 ix,
384 610 96 46 115,
511 611 53 46 [1]
593 621 41 35 p.
688 609 162 47 front.,
877 620 52 27 ix
955 620 60 36 pl.
1045 609 130 46 (incl.
1202 608 240 46 facsims.)
1480 619 58 28 on
1567 609 26 38 7
1638 639 6 6 l.
1702 608 112 39 25cm.

323 666 234 46 “Sixty-six
586 666 170 46 copies.”
845 667 116 38 This
992 676 117 36 copy
1137 668 82 36 not
1247 665 275 39 numbered.

293 724 232 38 Addenda
555 723 93 46 slip
675 724 228 38 mounted
933 732 58 29 on
1021 733 42 36 p.
1093 721 69 40 19.

223 775 1961 108 © Dec. 16. 1933: 2c. and aff. Dec. 18; A 67560: M. L. Parrish, Philadelphia.
215 921 331 66 Partridge,
581 926 217 52 Ernest
831 924 286 63 DeAlton,
1154 925 168 50 1906-

287 1001 348 66 Leadership
664 1018 205 51 among
895 1001 315 52 adolescent
1235 1000 154 67 boys,
1414 1000 73 66 by
1515 1000 66 50 E.
1607 999 268 52 DeAlton
1900 998 308 69 Partridge

356 1075 1851 71 … New York city, Teachers college, Columbia university,
220 1160 147 48 1934.

219 1227 1971 106 ix p., 1 l., 109 p. diagrs. 23½cm. (Teachers college, Columbia university. Contributions to education, no. 608)
289 1344 168 39 Issued
487 1344 101 38 also
617 1353 53 29 as
698 1342 151 41 thesis
878 1341 107 48 (PH.
1045 1342 34 47 D.)
1116 1341 248 42 Columbia
1393 1341 285 47 university.

289 1401 372 46 Bibliography:
700 1410 43 37 p.
781 1399 184 40 99-105.

224 1454 1982 51 © May 25, 1934: 2c·. June 21: aff. June 20: A 72897; E. De A. Partrdge,
293 1516 114 38 New
439 1515 141 38 York.
652 1514 277 47 (34-23473)

219 1603 1741 67 Pennsylvania. Geological survey (4th, 1919- )
409 1681 1739 68 … Topographic and geologic atlas of Pennsylvania …
218 1779 86 33 no.
341 1764 80 48 36.
457 1763 274 64 Freeport
766 1759 365 68 quadrangle.
1202 1760 254 66 Geology
1494 1760 111 51 and
1636 1760 240 51 mineral
1910 1778 299 46 resources,

216 1840 73 66 by
320 1841 75 50 H.
428 1839 252 52 Herbert
771 1838 191 67 Hughes.
1044 1837 391 67 [Harrisburg]
1475 1841 150 50 1933.

291 1925 44 35 x,
370 1913 83 39 272
486 1923 40 36 p.
588 1912 141 46 illus.,
764 1912 169 46 plates,
967 1921 135 36 maps
1131 1911 132 46 (part
1296 1911 141 47 fold.)
1482 1912 167 46 tables,
1686 1912 175 46 diagrs.
1892 1910 134 48 (part
2058 1912 142 45 fold.)

0 0 0 0 23½cm.
296 2028 61 38 At
385 2027 124 38 head
538 2025 51 40 of
618 2025 133 39 title:
784 2024 371 46 Pennsylvania.
1214 2024 274 47 Geological
1517 2035 188 36 survey,
1736 2025 171 39 fourth
1937 2025 163 39 series.

227 2080 1984 51 © Mar. 17, 1933; 2c. Oct. 23; aff. Oct. 20; A 66731; Commonwealth of
294 2139 370 47 Pennsylvania,
701 2138 312 46 Harrisburg,
1050 2138 81 40 Pa.

219 2227 429 63 Pierre-Quint,
680 2228 175 54 Léon.

291 2304 168 52 André
520 2302 174 67 Gide;
728 2302 89 53 his
848 2301 106 54 life
985 2302 113 52 and
1127 2303 87 52 his
1248 2303 158 52 work
1459 2303 92 68 [by]
1587 2304 157 51 Léon
1775 2302 433 66 Pierre-Quint;

223 2381 313 52 translated
571 2380 152 52 from
755 2380 96 52 the
884 2380 223 51 French
1142 2379 93 53 for
1269 2381 95 52 the
1396 2381 127 53 first
1555 2382 136 52 time
1724 2383 74 67 by
1834 2381 263 69 Dorothy
2132 2380 79 52 M.

223 2458 373 53 Richardson.
656 2458 139 52 New
824 2457 178 67 York,
1029 2457 71 53 A.
1127 2457 70 53 A.
1227 2456 224 70 Knopf,
1481 2461 149 50 1934.

296 2532 97 47 viii,
422 2530 97 48 300,
551 2531 86 37 viii
664 2540 56 36 p,
752 2530 24 38 1
827 2562 6 7 l.
894 2531 134 39 front.
1072 2530 167 47 (port.)
1308 2531 115 40 21cm.

295 2586 371 48 Bibliography:
701 2589 65 44 pt.
822 2618 7 7 I.
864 2586 172 40 Works
1068 2586 253 47 published
1354 2588 49 38 in
1436 2588 183 39 France
1664 2588 65 47 (p.
1764 2586 364 48 285-290)—pt.
2205 2617 9 9 II.

226 2642 338 41 Translations
590 2642 52 40 of
667 2643 80 40 the
774 2642 159 40 works
962 2642 51 40 of
1041 2642 118 41 Gide
1196 2643 65 47 (p.
1290 2642 226 49 290-300)

228 2698 1983 51 © July 23, 1934: 2c. July 25: aff. July 24: A 73730: Alfred A. Knopf,
295 2760 89 38 inc.
459 2757 277 48 (34-23299)

222 2831 233 66 Pinson,
486 2833 202 63 Koppel
740 2831 179 64 Shub,
953 2835 99 51 1904-

291 2909 239 53 Pietism
568 2926 58 35 as
665 2929 31 33 a
735 2908 185 53 factor
959 2908 57 53 in
1053 2909 95 52 the
1184 2909 109 53 rise
1332 2909 63 52 of
1432 2910 251 54 German
1717 2911 385 67 nationalism,
2139 2912 72 65 by

224 2988 228 67 Koppel
498 2986 56 54 S.
601 2984 231 69 Pinson,
965 3029 9 9 PH.
1058 3030 7 7 D.
1143 2987 136 51 New
1327 2988 178 68 York,
1553 2988 298 54 Columbia
1897 2989 315 67 university

223 3083 181 49 press;
436 3064 255 65 London,
721 3064 64 50 P.
819 3062 54 54 S.
904 3063 161 68 King
1093 3066 44 49 &
1165 3083 114 46 son,
1309 3066 120 66 ltd.,
1461 3070 150 48 1934.

292 3138 84 40 227
418 3148 43 37 p.
520 3138 116 38 23cm.
706 3135 298 49 (Half-title:
1046 3137 192 41 Studies
1279 3138 50 40 in
1368 3138 201 50 history,
1612 3139 266 41 economics
1918 3141 95 38 and
2053 3138 159 50 public

226 3196 104 45 law,
376 3195 68 39 ed.
490 3193 59 47 by
593 3194 80 38 the
716 3192 205 48 Faculty
962 3194 51 38 of
1056 3194 216 47 political
1313 3194 184 41 science
1541 3197 51 38 of
1635 3196 250 41 Columbia
1928 3196 282 48 university,

225 3263 73 29 no.
336 3250 109 46 398)

295 3308 171 39 Issued
494 3309 102 37 also
625 3316 52 29 as
706 3304 151 40 thesis
886 3304 106 48 (PH.
1051 3305 35 47 D.)
1123 3305 248 42 Columbia
1401 3307 284 50 university.

293 3362 346 48 Bibliography
658 3373 9 27 :
699 3372 41 37 p.
771 3361 216 40 207-223.

230 3417 1981 51 © June 12, 1934: 2c. June 22; aff. June 21: A 73169; Columbia univ.
296 3488 148 36 press.
518 3475 277 48 (34-23478)

223 3552 178 63 Pond,
433 3552 256 52 Eustace
719 3551 172 54 John.

301 3626 119 51 The
451 3626 131 51 Ince
611 3625 227 51 murder
869 3643 136 50 case,
1033 3625 72 68 by
1135 3626 64 50 E.
1232 3627 53 52 J.
1317 3628 177 52 Pond.
1561 3629 255 69 London,
1848 3629 54 54 J.
1935 3629 275 67 Heritage

236 3706 171 66 [1934]

300 3773 583 48 3 p. l., 9-282 p. 19cm.
233 3830 1962 100 © 1c. Aug. 22. 1934: A ad int. 19295 : pubd. June 27; E. J. Pond, Branksome.
467 3892 375 38 Bournemouth.
869 3891 232 46 England.
1176 3892 277 50 (34-25166)
