2350 4196
1099 3993 132 51 1861

221 423 73 39 An
331 427 204 37 account
570 425 53 39 of
657 437 25 28 a
718 425 258 40 children’s
1015 425 129 40 “fête
1178 424 282 48 patronale”
1500 425 50 39 in
1588 425 82 39 the
1706 423 169 48 parish
1913 424 52 40 of
2000 423 149 40 Notre

150 478 154 41 Dame
330 482 83 38 des
438 482 173 47 Anges,
641 483 199 39 France.

156 535 1995 53 © Oct. 28, 1933: 1c. Jan. 17, 1934; A-Foreign 23390; Desclée, de
222 596 233 38 Brouwer
484 596 35 40 &
545 597 83 39 cie.
701 597 249 48 (35-2283)

152 700 208 64 Lewis,
389 703 220 63 Joseph
639 704 243 63 Volney.

223 775 375 69 Supplement
629 786 58 46 to
719 782 183 52 Lewis
935 781 111 52 and
1077 780 298 53 Hawkins’
1404 779 452 54 Determinative
150 780 1978 143 mineralogy.

357 857 119 51 The
521 856 302 69 following
865 859 374 67 descriptions
1284 859 225 51 include
1552 876 149 35 some
1746 858 240 51 mineral
149 875 1976 113 species
282 934 183 52 which

491 954 143 34 were
658 936 221 52 deleted
904 936 151 52 from
1080 937 113 52 this
1216 937 147 51 book
1387 942 60 46 at
1467 938 95 50 the
1583 936 137 52 time
1744 936 63 53 of
1831 937 94 50 the
153 955 1973 110 preparation
378 1012 62 52 of
475 1014 96 51 the

607 1014 201 52 fourth
845 1015 234 66 edition,
1117 1015 111 51 and
1265 1014 203 67 which,
1503 1016 95 51 the
1635 1015 236 67 opinion
1908 1014 63 52 of
154 1033 1973 123 competent
381 1092 251 53 teachers

665 1095 60 50 in
758 1094 355 65 mineralogy
1147 1093 293 67 indicates,
1473 1094 203 52 should
1710 1094 66 51 be
1809 1095 250 50 restored
2095 1098 56 48 to

154 1169 150 51 their
345 1188 210 49 proper
596 1172 185 66 places
824 1172 236 51 therein.
1139 1174 136 50 Two
1315 1172 209 67 species
1567 1172 185 52 which
1794 1173 144 51 have
1977 1172 175 67 lately

153 1247 2001 71 become important have been also now included … [Brooklyn,
214 1372 9 8 N.
253 1327 89 65 Y.,
370 1328 165 51 Press
565 1326 63 53 of
655 1329 385 51 Braunworth
1069 1332 44 50 &
1141 1345 96 50 co.,
1265 1328 125 68 inc.,
1419 1333 173 63 c1934]

229 1400 54 39 23
314 1411 41 37 p.
414 1399 132 39 22½cm.

227 1457 295 40 Cover-title.

161 1510 1993 52 © July 26, 1934; 2c. and a ff. July 31; A 74357: Alfred Cary Hawkins.
228 1572 115 38 New
371 1571 301 47 Brunswick,
700 1572 54 39 N.
785 1572 40 38 J.

159 1674 197 64 Malet,
388 1673 228 65 Albert,
649 1679 324 49 1864-1915.

161 1750 1973 133 … L’Orient et la Grèce. Classe de sixième. Avec la collaboration
462 1831 1696 67 de m. Gaston Dez … Nouv. éd. abrégée, conforme
160 1909 1852 67 aux programmes du 30 avril 1931. Paris, Hachette [ c 1932]
230 1983 25 39 3
283 1994 41 36 p.
387 2014 7 15 l.,
421 1983 84 40 338
532 1993 41 37 p.
630 1983 126 39 illus.
787 1982 98 47 (incl.
947 1984 162 46 ports.,
1136 1993 149 36 maps,
1314 1982 165 47 plans)
1543 1981 113 40 19cm.

231 2040 66 39 At
322 2041 123 38 head
474 2039 52 40 of
553 2039 134 40 title:
719 2039 152 40 Cours
900 2039 208 47 complet
1135 2039 254 39 d’histoire
1415 2039 27 39 à
1471 2038 183 47 l’usage
1683 2040 57 38 de
1767 2039 392 45 l'enseignement

161 2096 1170 40 secondaire. Albert. Malet … Jules Isaac …
165 2151 1995 51 © Sept. 21, 1932; 1c. Feb. 10, 1933: A- Foreign 19668: Librairie
234 2212 255 39 Hachette.
561 2209 280 48 (33-34400)

160 2313 263 65 Morgan,
457 2314 273 53 Edmund
764 2312 233 62 Morris,
1030 2313 169 52 1878-

235 2394 54 52 A
321 2392 265 53 selection
615 2391 64 52 of
708 2408 149 36 cases
887 2408 67 34 on
989 2391 263 52 evidence
1283 2395 58 47 at
1371 2392 94 52 the
1496 2408 254 36 common
1784 2390 125 66 law,
1938 2390 76 66 by

164 2391 1968 224 Edmund M. Morgan … and John MacArthur Maguire … Chicago, The Foundation press, inc., 1934.
238 2617 1923 52 2 p. l., iii-xxxi, 1232 p. illus. (plan) 25½cm. [University casebook
168 2678 166 50 series]

240 2733 1877 43 With this is bound: Leach, W. B . Massachusetts cases on evidence …
170 2791 223 50 Chicago,
421 2791 128 42 1934.

242 2849 178 41 “Table
446 2850 52 39 of
522 2847 164 41 cases”:
742 2858 42 37 p.
812 2845 217 41 ix-xxxi.

171 2905 51 50 ©
253 2909 118 44 Aug.
403 2909 68 38 17.
502 2906 139 42 1934;
673 2905 65 40 2c.
771 2906 93 38 and
896 2904 80 39 aff.
1011 2905 125 46 Sept.
1167 2904 53 38 22;
1280 2905 41 38 A
1349 2904 170 45 76141;
1555 2903 307 41 Foundation
1894 2914 148 37 press,
2076 2905 87 38 inc.

247 2965 280 48 (34-31611)

167 3055 278 53 National
477 3051 316 54 industrial
821 3050 346 53 conference
1195 3050 200 54 board.

301 3128 1866 67 … A statistical survey of public opinion, regarding current
165 3211 285 52 economic
476 3209 111 52 and
614 3207 171 53 social
813 3207 281 66 problems
1121 3226 57 32 as
1205 3207 263 65 reported
1496 3206 74 66 by
1596 3225 333 48 newspaper
1955 3207 210 53 editors

167 3283 1999 72 in August and September, 1934 … (Advance summary) New
170 3368 162 50 York
364 3368 132 64 city,
528 3362 272 55 National
832 3362 307 53 industrial
1172 3361 330 53 conference
1532 3362 195 66 board,
1759 3363 105 52 inc.
1901 3366 174 63 [c1934]

240 3441 60 42 vi,
329 3441 24 39 8
381 3451 40 36 p.
479 3438 113 39 23cm.
661 3436 253 43 (National
941 3434 262 40 industrial
1231 3434 282 39 conference
1542 3435 149 38 board
1720 3436 198 44 studies,
1948 3447 70 28 no.
2051 3436 108 43 205)

174 3495 51 50 ©
259 3497 101 40 Oct.
393 3498 39 45 1,
466 3494 140 41 1934;
643 3493 65 39 2c.
745 3494 94 38 and
873 3492 79 39 aff.
990 3492 100 40 Oct.
1125 3491 80 46 13;
1242 3492 39 37 A
1315 3491 170 40 75768:
1522 3492 130 38 Natl.
1686 3492 263 39 industrial
242 3494 1908 100 conference
385 3554 164 44 board,
582 3552 89 38 inc.

167 3645 276 53 National
467 3641 316 63 municipal
805 3641 226 62 league.
1109 3639 335 51 Committee
1468 3658 70 33 on
1563 3639 247 54 citizens’
1836 3642 223 53 charter

242 3662 1905 129 organization.

343 3802 120 51 The
499 3797 327 55 Cincinnati
860 3796 137 67 plan
1029 3794 63 53 of
1124 3794 201 54 citizen
1359 3794 394 66 organization
1784 3797 95 52 for
1911 3797 258 67 political

174 3880 253 66 activity.
493 3878 138 51 New
661 3874 179 60 York,
869 3873 274 54 National
1171 3872 311 67 municipal
1513 3874 214 67 league,
1759 3877 149 51 1934.
