2350 4371
1112 4067 63 54 97

152 421 266 66 Adamic,
447 422 196 65 Louis,
675 425 170 50 1899-

150 497 1975 148 The native’s return; an American immigrant visits Yugoslavia and discovers his old country, by Louis Adamic …
151 654 137 54 New
320 655 162 53 York
512 655 112 53 and
655 655 259 68 London,
945 654 233 68 Harper
1209 656 45 51 &
1284 654 278 67 brothers,
1597 656 150 51 1934.

221 726 1202 50 vi p., 2 l., 3-370 p., 1 l. plates, ports. 22cm.
220 784 307 42 Illustration
558 796 59 29 on
648 795 167 37 cover;
847 795 111 37 map
988 795 58 29 on
1076 784 334 47 lining-paper.

222 841 161 41 “First
414 841 227 41 edition.”

208 893 1941 55 © Feb. 1, 1934; 2c. Feb. 1: aff. Feb. 3: A 70109; L. Adamic, New York.
232 958 248 48 (34-2193)

153 1060 463 54 Akademischer
644 1062 199 51 verein
873 1063 208 62 Hütte,
1110 1062 214 53 Berlin.

280 1138 1867 70 … “Hütte”; des ingenieurs taschcnbuch. Herausgegeben
150 1217 1972 133 vom Akademischen verein Hütte, ev [!] in Berlin. 26. neubearb. aufl. III. bd. 1 .
953 1296 106 68 lfg.
1137 1297 215 60 Berlin,
1386 1300 89 51 W.
1512 1299 178 50 Ernst
1723 1301 43 49 &
1801 1298 158 58 solin,
1996 1302 150 48 1933.

217 1371 97 46 xix,
344 1370 84 40 670
456 1382 41 36 p.
556 1371 142 41 illus.,
730 1372 168 44 tables,
929 1371 178 47 diagrs.
1166 1371 112 39 19cm.

151 1424 1998 51 © Oct. 13, 1933; 1c. Jan. 9, 1934; A -Foreign 23272; Akademischer
217 1486 162 41 verein
411 1486 224 42 “Hütte”,
666 1497 36 29 e.
733 1496 55 37 v.,
819 1485 179 40 Berlin.

151 1591 313 53 American
492 1592 111 51 law
631 1592 297 54 institute.

220 1668 388 53 Restatement
648 1669 62 51 of
751 1669 94 52 the
886 1671 107 49 law
1033 1669 63 51 of
1137 1675 298 48 contracts,
1477 1689 58 32 as
1575 1671 248 67 adopted
1866 1672 111 51 and

149 1691 1973 123 promulgated
480 1748 73 67 by
591 1749 94 51 the
723 1748 307 52 American
1071 1749 108 51 law
1217 1748 278 52 institute.
1575 1749 352 69 Containing
1965 1753 181 51 Texas

150 1826 1973 146 annotations, prepared by Ira P. Hildebrand … under the auspices of the Texas state bar association. Volume I, II …
152 1982 81 55 St.
261 1984 164 66 Paul,
451 1983 306 52 American
787 1985 107 51 law
923 1983 260 53 institute
1211 1984 340 68 publishers,
1581 1989 149 48 1933.

215 2059 25 39 2
303 2091 7 7 v.
368 2058 144 40 22½cm.

217 2116 70 42 On
317 2126 139 30 cover:
515 2116 177 39 Pocket
723 2115 317 48 supplement.

150 2170 50 51 ©
227 2175 109 39 Dec.
364 2174 37 44 6,
428 2174 139 44 1933;
595 2173 65 39 2c.
688 2174 116 39 each
832 2174 93 37 and
952 2172 80 39 aff.
1061 2172 109 41 Jan.
1197 2172 67 42 19,
1293 2172 138 42 1934;
1463 2174 39 38 A
1528 2174 169 41 69070:
1730 2175 157 40 Amer.
1915 2177 93 37 law
2037 2176 109 38 inst.

150 2276 310 67 Appleton,
489 2276 224 65 Victor,
738 2276 197 67 pseud.

217 2356 143 51 Tom
396 2353 178 56 Swift
607 2355 113 52 and
755 2355 88 53 his
877 2372 170 35 ocean
1084 2354 249 68 airport;
1372 2372 82 48 or,
1489 2351 235 70 Foiling
1759 2352 95 53 the
148 2352 1978 149 Haargolanders,

416 2431 1734 71 by Victor Appleton … illustrated by Nat Falk. New
150 2513 177 67 York,
356 2512 236 54 Grosset
617 2513 45 51 &
689 2513 236 67 Dunlap
961 2514 177 65 [c1934]

215 2585 25 39 2
270 2598 40 36 p.
361 2617 7 7 l.,
413 2586 86 39 214
525 2597 41 37 p.
627 2585 150 42 front.
838 2585 145 40 19½cm.
1048 2584 106 49 [His
1181 2585 117 40 Tom
1330 2584 145 42 Swift
1503 2584 150 42 series]

150 2640 1998 51 © Feb. 5, 1934; 2c. Feb. 8 aff. Feb. 7; A 69348; Grosset & Dunlap, inc.
229 2701 250 48 (34-2279)

156 2807 276 63 Arntzen,
460 2805 236 54 Arnliot
724 2805 268 65 Mattias,
1023 2807 170 51 1857-

217 2882 120 52 The
368 2882 217 68 apostle
616 2881 64 53 of
706 2882 268 68 Norway,
1003 2882 166 52 Hans
1196 2881 230 54 Nielsen
1458 2882 208 68 Hauge;
1729 2882 95 52 the
1858 2880 292 70 farm-boy

151 2957 151 55 from
337 2960 200 53 Thune
575 2959 215 68 parish,
829 2959 368 55 Smaalenene
1235 2966 136 61 amt,
1408 2960 126 52 who
1574 2960 203 53 roused
1815 2960 95 53 the
1949 2959 200 68 people

149 3036 63 52 of
238 3036 252 70 Norway
520 3036 152 53 from
704 3056 30 33 a
765 3037 316 69 prolonged
1113 3036 268 69 spiritual
1414 3036 248 53 slumber
1695 3038 111 52 and
1841 3036 307 54 industrial

150 3113 301 71 inactivity
497 3121 58 47 to
602 3135 30 33 a
680 3115 267 69 vigorous
993 3114 338 70 awakening
1377 3115 128 53 that
1551 3115 346 53 culminated
1947 3116 57 52 in
2054 3114 97 53 the

149 3190 348 56 declaration
545 3192 64 54 of
655 3193 422 68 independence
1125 3191 63 54 of
1233 3192 139 69 May
1423 3193 149 67 17th,
1624 3196 151 64 1814,
1825 3193 73 69 by
1948 3194 68 51 A.
2068 3193 79 51 M.

149 3270 1235 69 Arntzen … Minneapolis, Minn., 1933.
217 3342 87 43 298
330 3355 43 37 p.
404 3344 108 40 incl.
542 3344 148 40 front,
720 3343 170 49 (port.)
959 3343 118 41 24cm.

220 3400 347 49 Bibliography
598 3400 224 41 included
855 3400 47 40 in
937 3399 208 49 preface.

152 3455 49 51 ©
230 3461 108 39 Dec.
368 3460 67 41 15,
463 3459 140 45 1933;
634 3459 65 40 2c.
729 3459 108 39 Jan.
865 3460 69 44 31,
963 3458 140 40 1934;
1135 3458 80 40 aff.
1245 3459 108 39 Jan.
1382 3458 82 40 30:
1496 3458 42 39 A
1565 3459 168 40 70074;
1767 3459 246 39 Lutheran
2050 3459 97 39 free

218 3517 180 40 church
431 3518 108 46 pub.
573 3528 66 28 co.,
743 3515 284 48 Minneapolis.
1099 3515 250 48 (34-2210)

153 3621 248 64 Babson,
433 3622 192 62 Roger
653 3621 199 62 Ward,
882 3617 172 56 1875-

220 3696 377 68 Washington
628 3695 112 53 and
768 3696 95 53 the
893 3695 451 66 revolutionists;
1378 3718 32 33 a
1440 3695 503 54 characterization
1975 3697 63 52 of

152 3717 1973 127 recovery
384 3774 230 70 policies
649 3774 110 52 and
797 3774 62 51 of
893 3774 95 53 the
1023 3775 198 66 people
1256 3774 126 52 who
1419 3792 93 35 are
1547 3772 200 70 giving
1779 3775 152 51 them
1967 3774 180 69 effect,

153 3851 1995 72 by: Roger W. Babson … New York and London, Harper &
153 3931 272 64 brothers,
458 3934 150 49 1934.

252 4002 595 42 x p ., 1 l., 337 p. 18½cm.
