2350 4196
1136 4008 134 49 1352

227 475 115 64 dix,
366 472 295 68 including
687 472 292 68 Scripture
1007 491 204 49 proper
1234 490 207 47 names,
1467 470 111 52 and
1602 471 392 66 pronouncing
225 471 1965 143 vocabulary
421 550 63 52 of
514 549 185 55 Greek
730 552 111 51 and
871 552 172 50 Latin
1075 568 205 49 proper
1309 567 207 45 names,
1545 553 57 47 to
1639 547 178 52 which
1849 547 46 53 is
1927 548 184 53 added
2143 567 71 33 an

230 628 317 52 invaluable
583 629 156 50 work
773 646 69 34 on
878 628 188 66 faulty
1101 628 229 51 diction.
1400 626 140 50 Now
1575 625 346 67 thoroughly
1958 645 110 33 rev.
2105 627 110 51 and

226 707 222 65 greatly
476 706 105 50 enl.
612 706 110 52 and
751 707 294 65 improved
1077 706 71 65 by
1177 722 130 33 over
1336 721 101 34 one
1467 702 258 52 hundred
1755 704 311 65 educators,
228 722 1963 113 specialists
465 783 111 51 and
602 784 246 51 eminent
872 784 247 51 scholars.
1162 782 177 51 under
1364 781 95 51 the
1485 780 263 52 editorial
1774 780 355 67 supervision
2154 780 62 54 of

228 858 1926 67 Thomas H. Bussell … A. C. Bean … and L. B. Vaughan …
230 937 134 51 with
397 939 214 50 several
643 937 281 55 thousand
956 936 391 52 illustrations,
1380 936 221 51 colored
1635 936 197 66 plates,
1865 937 110 51 and
2007 937 205 67 tables;

228 1015 277 65 prepared
548 1014 91 51 for
681 1015 350 65 publication
1069 1016 74 65 by
1182 1013 218 68 George
1437 1014 89 51 TV
1569 1012 243 68 Ogilvie.
1891 1013 325 69 Cleveland,

229 1090 49 55 Q.,
352 1092 137 51 New
529 1093 176 52 York.
803 1136 8 7 N.
853 1092 54 50 Y.,
980 1093 117 50 The
1133 1092 200 52 World
1373 1090 289 67 syndicate
1700 1092 331 68 publishing
230 1112 1961 124 company.
430 1173 147 47 1934.

299 1241 1914 51 1 p. l., v-xvii, [2], xviii-xxii. 1956, 3-820, [2] p. front., illus., maps. 28½cm.
299 1357 62 37 At
388 1356 122 38 head
539 1356 49 37 of
617 1356 130 39 title:
779 1356 115 39 This
923 1356 268 44 dictionary
1220 1355 40 38 is
1286 1358 82 35 not
1395 1353 254 49 published
1677 1356 59 46 by
1763 1356 80 39 the
1872 1355 206 49 original
231 1360 1967 90 publishers
430 1412 50 40 of
508 1412 258 39 Webster's
796 1412 268 45 dictionary
1095 1422 51 28 or
1175 1413 57 44 by
1262 1410 124 40 their
1416 1421 284 30 successors.

300 1468 69 40 On
395 1478 165 29 cover:
587 1469 98 39 The
711 1470 144 37 latest
881 1468 230 46 complete
1136 1466 269 47 dictionary
1429 1468 94 38 and
1549 1469 127 39 atlas
1702 1469 118 39 with
1845 1478 60 31 an
1930 1472 286 38 exhaustive

229 1525 251 46 appendix.

234 1578 50 50 ©
316 1583 120 37 June
463 1582 66 38 10,
558 1582 52 38 1934;
724 1583 63 38 2c.
816 1583 93 37 and
938 1581 79 39 aff.
1049 1583 95 37 Oct.
1175 1582 53 37 11;
1284 1581 40 38 A
1353 1581 140 39 75740;
1550 1582 175 40 Louise
1753 1584 51 37 A.
1836 1583 194 47 Cooper,

301 1584 1898 94 Alienhurst.
539 1669 6 6 N.
585 1640 41 37 J.
692 1638 279 47 [Copyright
1008 1638 39 38 is
1085 1637 201 40 claimed
1324 1649 58 28 on
1422 1639 180 46 change
1640 1639 51 38 of
1729 1639 119 47 title,
1888 1640 327 48 frontispiece,

301 1696 306 45 populations
635 1696 91 38 and
755 1696 216 37 addenda.
1016 1696 59 45 by
1103 1695 79 41 the
1208 1694 162 39 World
1400 1695 251 46 syndicate
1675 1698 108 45 pub.
1812 1707 82 39 co.]

312 1752 275 46 (34-33858)

225 1811 258 58 Winans,
516 1813 200 52 James
749 1812 225 64 Albert,
1010 1814 168 53 1872-

302 1889 1909 67 Speech-making … by James A. Winans … Part I. Rev.
231 1967 1310 65 ed. … [Ithaca. N. Y. ] The author, c 1934.
300 2040 83 39 181
414 2051 41 36 p.
513 2041 53 38 23
571 2043 42 19 cm
620 2073 7 6 .

299 2097 37 35 A
364 2096 248 39 rewritten
641 2098 110 45 part
779 2096 48 40 of
856 2097 78 39 the
960 2096 215 40 author's
1203 2096 165 40 Public
1396 2099 244 47 speaking.

233 2149 69 51 ©.
318 2154 123 47 Sept.
504 2185 6 7 6.
542 2154 112 38 1934;
713 2153 66 39 2c.
813 2153 124 46 Sept.
969 2154 79 38 15;
1083 2153 79 39 aff.
1195 2153 97 40 Oct.
1324 2155 24 38 3;
1409 2156 37 37 A
1479 2156 139 39 76335;
1680 2157 42 39 J.
1752 2158 52 37 A.
1837 2157 214 42 Winans,
302 2159 1893 90 Hanover.
499 2242 5 6 N.
530 2211 56 37 H.
660 2209 252 47 (34-33645)

227 2284 193 63 Wren,
453 2285 77 50 Per
569 2285 126 52 cival
749 2285 403 63 Christopher.

297 2361 272 66 Beggars’
601 2362 206 52 horses.
890 2362 354 64 [Instalment
1283 2367 79 62 13]

311 2434 83 46 (In
421 2431 210 50 Passing
660 2431 148 48 show,
840 2431 134 50 Sept.
1004 2433 40 45 8,
1076 2433 141 48 1934)

232 2485 1964 108 © 1c N ov. 3. 1934; A ad int. 19554; pubd. Sept. 7; P. C. Wren, Bournemouth, England.
223 2607 236 63 Yeates,
490 2607 202 53 Victor
723 2610 77 52 M.

295 2685 1917 74 Winged victory, by V. M. Yeates … New York, H. Smith
225 2764 45 48 &
296 2763 65 51 B.
394 2762 177 66 Haas,
601 2765 147 49 1934.

299 2835 639 48 4 p. l., 11-458 p. 21½ cm .
230 2888 51 51 ©
308 2892 100 40 Oct.
435 2892 37 45 1,
500 2890 112 41 1934;
666 2891 65 39 2c.
759 2893 93 37 and
879 2892 80 40 aff.
986 2892 99 41 Oct.
1111 2895 27 36 4;
1192 2895 39 37 A
1258 2896 166 46 75624;
1455 2898 241 40 Harrison
1727 2899 155 40 Smith
1909 2901 94 39 and
2031 2901 178 40 Robert

299 2948 149 40 Haas.
480 2948 87 39 inc.
641 2947 276 49 (34-32205)

223 3008 267 65 Zischka,
523 3010 272 54 Antoine.

227 3088 1957 148 … La guerre secrète pour l e coton; avec 21 gravures hors texte et 2 croquis. Paris, Payot, 1934.
231 3229 1980 120 2 p. l. , [9]-212. [2] p. illus. (Incl. maps) plates, ports. 23 cm . (Collection d’études. de documents et de témoignages pour servir à l'histoire
230 3349 56 38 de
313 3353 135 36 notre
480 3354 152 42 temps)

229 3401 1524 62 © Apr. 18. 1934; 1c. June 21; A- Foreign 24982; Payot.
308 3463 276 49 (34-28762)

220 3519 307 69 Zoethout,
560 3522 252 55 William
844 3525 267 64 Douwes,
1147 3527 166 53 1871-

300 3599 77 50 La
386 3599 129 51 bora
525 3604 124 62 tory
689 3601 373 65 experiments
1103 3602 54 51 in
1198 3605 355 70 physiology,
1592 3608 72 68 by
1700 3609 88 52 W.
1829 3610 69 50 D.
1937 3610 272 53 Zoethout

287 3677 1920 78 … with 95 illustrations. 2d ed. St. Louis, The C. V. Mosby
227 3771 293 50 company,
553 3757 148 49 1934.

297 3825 85 39 256
416 3837 42 36 p.
519 3826 140 46 illus.,
697 3828 176 46 diagrs.
936 3828 51 39 24
993 3831 43 21 cm
1042 3862 7 6 .

230 3877 51 51 ©
316 3883 124 46 Sept.
473 3884 66 39 18.
573 3882 111 41 1934;
744 3883 62 38 2c.
844 3887 124 44 Sept.
1001 3885 54 39 24;
1115 3888 78 40 aff.
1227 3889 127 48 Sept.
1387 3891 53 39 22;
1501 3895 38 37 A
1573 3896 166 41 75481;
1777 3897 46 40 C.
1856 3898 51 39 V.
1941 3899 134 37 Mosby
2139 3912 65 25 co.
