2350 4196
1119 3997 98 50 660

174 373 395 65 Huntington,
605 375 252 51 Edward
890 372 315 64 Vermilye,
1243 373 168 53 1874-

250 448 1804 69 Handbook of mathematics, by Edward V. Huntington …
181 527 1866 69 with tables of weights and measures by H. W. Bearce …
180 606 245 67 Reprint
450 607 63 52 of
540 606 237 55 sections
805 612 27 47 1
861 608 112 51 and
1001 610 31 47 2
1059 605 63 53 of
1146 606 62 51 L.
1239 605 54 55 S.
1322 604 242 52 Marks’s
1593 603 386 52 “Mechanical
177 604 1958 133 engineers’
383 684 351 52 handbook”.
810 684 72 52 2d
917 684 80 51 ed.
1073 684 136 51 New
1242 683 162 51 York
1436 682 111 51 and
1577 682 257 64 London,
179 681 1957 132 McGraw-Hill
338 762 147 52 book
513 778 294 49 company,

836 761 124 64 inc.,
994 764 148 49 1934.

252 832 80 49 vii,
360 834 83 39 193
469 844 42 36 p.
539 833 108 40 incl.
675 834 141 45 illus.,
846 834 167 44 tables,
1045 832 176 47 diagrs.
1282 832 112 39 19cm.

256 889 243 48 “Weights
528 890 93 39 and
645 900 246 30 measures
918 890 186 38 revised
1130 891 57 45 by
1214 889 59 39 H.
1299 889 69 39 W.
1393 889 182 38 Bearce
1612 887 295 48 (Originally
1931 890 232 45 prepared

185 946 58 46 by
271 946 144 40 Louis
442 946 53 39 A.
524 945 259 48 Fischer)”

185 1000 50 50 ©
271 1004 115 47 May
416 1004 38 46 5,
488 1003 113 40 1934;
662 1004 67 39 2c.
763 1005 94 38 and
890 1003 79 40 aff.
1005 1005 112 46 May
1151 1002 53 40 10;
1267 1003 41 38 A
1340 1002 141 39 71543;
1547 1001 350 40 McGraw-Hill
1930 1003 123 39 book
2085 1013 81 36 co.,

248 1060 90 39 inc.
410 1059 277 48 (34-14349)

178 1147 237 54 Illinois.
488 1150 184 66 Laws,
701 1154 256 62 statutes,
987 1156 98 47 etc.

339 1226 1832 68 … Tax laws, compiled and annotated, issued by Illinois state
178 1304 1988 69 tax commission, Scott W. Lucas, chairman … Compiled by
179 1381 1987 69 J. W. Huston … [Chicago, Printed by M. Kallis & co.] 1934.
252 1456 517 47 2 p. l., 532 p. 23cm.
253 1513 63 38 At
345 1513 124 38 head
499 1513 50 39 of
580 1512 106 39 title
705 1524 7 27 :
749 1512 136 40 State
916 1513 50 39 of
997 1511 201 48 Illinois,
1231 1512 167 47 Henry
1429 1512 205 45 Horner,
1668 1522 248 38 governor.

255 1569 227 39 “Printed
508 1569 60 47 by
596 1569 250 46 authority
873 1568 53 40 of
951 1570 81 38 the
1059 1570 128 38 state
1212 1569 51 38 of
1288 1567 231 41 Illinois.”

187 1622 50 50 ©
270 1626 113 46 May
411 1625 68 47 24,
511 1625 139 45 1934;
683 1625 65 39 2c.
781 1625 95 39 and
907 1624 79 40 aff.
1019 1626 113 45 May
1162 1625 53 39 26;
1276 1625 43 38 A
1347 1624 169 47 72509;
1553 1624 189 40 Illinois
1775 1626 127 38 state
1934 1627 85 37 tax
254 1635 1898 93 commission,
500 1681 299 48 Springfield,
831 1682 75 40 Ill.
977 1681 276 48 (34-14218)

182 1771 245 64 Jahnke,
458 1773 224 64 Eugen,
714 1777 322 49 1863-1921.

253 1848 551 53 Funktionentafeln
839 1849 108 52 mit
983 1849 244 52 formein
1264 1850 118 52 und
1420 1849 236 66 kurven,
1696 1868 108 34 von
1844 1849 83 53 dr.
1969 1849 201 67 Eugen

182 1926 1977 68 Jahnke … und Fritz Emde … 2., neubearb. aufl. (7. tausend)
182 2005 106 51 mit
314 2004 97 53 171
437 2004 358 68 textfiguren.
870 2005 239 67 Leipzig
1135 2006 115 52 und
1278 2005 216 67 Berlin,
1520 2006 67 51 B.
1617 2004 67 55 G.
1712 2005 277 66 Teubner,
2020 2008 148 49 1933.

249 2076 761 49 xviii, 330 p. diagrs. 24 ½ cm.
252 2134 206 40 German
484 2136 94 38 and
606 2134 201 48 English;
862 2135 153 39 added
1043 2137 96 45 t.-p.
1166 2134 49 39 in
1241 2134 214 48 English.

251 2191 411 47 Bibliographical
698 2190 268 40 references
1003 2193 48 37 to
1087 2191 269 39 text-books
1394 2193 93 38 and
1526 2191 160 40 “more
1721 2193 225 39 accurate
1983 2191 183 41 tables”

183 2246 337 49 interspersed.

186 2299 1874 52 © Nov. 6, 1933; 1c. Mar. 5, 1934; A-Foreign 23899; B. G. Teubner.
264 2360 277 48 (34-15277)

182 2449 298 64 Kayssler,
510 2448 321 64 Friedrich,
863 2450 168 53 1874-

356 2527 1815 69 … Von menschentun zu menschentum; vier vortr ä ge über
180 2604 504 67 Schauspielkunst.
760 2603 253 68 Leipzig,
1045 2605 63 51 P.
1141 2601 124 55 List
1301 2608 190 64 [c1933]

254 2676 396 51 64, [1 ] p. 19cm.
529 2757 59 4 CONTENTS.—
589 2735 98 39 Der
711 2734 341 47 Schauspieler.
1055 2736 173 39 —Was
1254 2737 139 39 sucht
1417 2737 86 40 das
1528 2737 251 48 publikum
1804 2738 64 38 im
1893 2735 280 43 theater?—

183 2791 335 47 Wandlungen
544 2791 83 39 der
654 2791 837 46 Schauspielkunst.—Vertrautheit
1518 2805 58 28 zn
1606 2794 195 40 Goethe.

188 2844 1982 53 © July 12, 1933; 1c. Mar. 13, 1934; A -Foreign 24018; Paul List verlag.
268 2903 276 48 (34-15293)

180 2991 260 64 Kitchin,
469 2993 301 52 Thurman
800 2994 202 62 Delna,
1036 3000 168 48 1885-

183 3070 1960 149 The doctor and citizenship, by Thurman D. Kitchin … Boston, The Christopher publishing house [c1934]
252 3220 64 47 ix,
350 3219 141 40 11-89
523 3231 42 37 p.
625 3219 115 41 2icm.

259 3276 154 40 “Most
443 3277 50 39 of
524 3278 80 39 the
633 3277 196 41 articles
860 3279 48 37 in
939 3279 97 39 this
1069 3279 147 40 series
1247 3281 124 40 have
1400 3284 240 46 appeared
1672 3284 48 38 in
1755 3283 239 41 Southern
183 3285 1968 89 medicine
316 3335 93 38 and
439 3334 434 48 surgery.”—Pref.

187 3388 50 50 ©
274 3393 113 45 May
420 3392 38 45 2,
495 3392 112 39 1934;
672 3392 65 38 2c.
774 3392 114 45 May
921 3391 53 39 16;
1040 3391 80 40 aff.
1157 3393 111 47 May
1303 3394 54 39 19;
1422 3396 41 38 A
1499 3397 141 40 72423;
1708 3397 316 47 Christopher
2059 3397 106 48 pnb.

255 3449 163 39 house.
488 3447 277 48 (34-14212)

180 3537 187 63 Klein,
396 3538 162 54 Jack.

254 3615 31 51 I
321 3633 89 33 am
446 3633 30 33 a
510 3616 293 58 salesman,
835 3615 75 63 by
948 3617 145 52 Jack
1127 3616 186 52 Klein.
1390 3619 136 53 New
1564 3622 161 51 York
1762 3623 111 51 and
1907 3623 255 64 London,

184 3690 230 67 Harper
440 3695 44 48 &
509 3692 273 65 brothers,
813 3696 147 49 1934.

257 3762 430 48 ix p., 1 l., 271 p.
259 3817 160 42 “First
449 3819 223 41 edition.”

188 3871 50 50 ©
266 3876 114 46 May
405 3876 68 43 21,
502 3876 138 45 1934;
671 3876 64 39 2c.
766 3877 112 46 May
906 3876 80 42 22;
1019 3877 80 40 aff.
1130 3879 111 46 May
1269 3879 80 46 23;
1380 3881 40 37 A
1449 3883 167 41 71737;
1649 3884 194 46 Harper
1870 3884 37 40 &
1932 3885 122 39 bros,

265 3931 275 47 (34-14219)
