2350 4196
1169 3998 98 49 320

201 376 238 64 Jacoby,
470 378 137 50 Mrs.
642 374 316 54 Catherine
991 374 303 63 (Murray)

273 453 92 54 On
417 453 209 65 special
683 452 232 52 mission
969 457 57 45 to
1079 451 326 65 Abyssinia,
1459 451 74 65 by
1591 450 302 54 Catherine
1947 450 239 64 Murray

200 527 1986 70 Jacoby … New York, Pub. priv., Printed by Argus graphic
201 613 115 47 arts
347 608 210 52 service
592 610 190 63 [c1933]

276 679 97 49 141,
400 680 54 39 iii
479 691 42 36 p.
549 679 107 40 incl.
682 679 163 46 front.,
872 680 168 45 plates,
1069 679 160 46 ports.,
1256 677 213 40 facsims.
1531 677 144 39 23½cm.

208 733 50 51 ©
298 738 108 38 Jan.
445 739 68 37 11.
551 736 140 40 1934;
731 737 66 38 2c.
837 737 94 38 and
970 734 78 40 aff.
1091 736 108 39 Feb.
1239 736 50 45 5;
1331 737 39 36 A
1410 734 167 40 70567:
1621 733 260 41 Catherine
1921 732 271 39 Fairbanks

276 795 201 46 Murray
509 793 194 46 Jacoby.
736 793 116 38 New
884 793 142 38 York.
1099 791 247 47 (34-6190)

242 896 234 50 Jaggers,
508 882 258 53 Richard
798 881 215 65 Elmer,
1047 885 168 49 1891-

208 955 1965 148 Administering the county school system [by] Richard E. Jaggers …
519 1035 135 52 New
705 1034 176 69 York,
927 1035 215 54 Boston
1192 1040 136 63 [etc.]
1380 1035 304 52 American
1729 1033 144 52 book
1920 1050 274 52 company

252 1116 150 64 [c1934]

274 1196 42 35 v,
338 1184 85 40 232
441 1195 42 37 p.
545 1184 177 48 diagrs.
783 1183 145 42 20½cm.

280 1242 247 40 “Selected
549 1241 298 40 references”
867 1252 8 28 :
910 1251 42 37 p.
976 1240 213 42 223-228.

211 1298 51 51 ©
293 1304 117 37 Mar.
442 1304 37 38 7.
508 1302 113 39 1934;
679 1302 65 39 2c.
776 1303 94 37 and
900 1301 80 39 aff.
1009 1302 121 38 Mar.
1159 1302 53 37 12
1231 1312 8 28 :
1271 1302 40 37 A
1341 1301 141 40 70591;
1540 1302 158 39 Amer.
1728 1302 122 38 book
1879 1311 66 31 co.

289 1359 249 47 (34-6141)

211 1448 254 65 Kerwin,
495 1451 137 51 Mrs.
662 1448 342 54 Madeleine.

281 1524 373 67 Partnership
688 1529 278 60 contract;
1000 1543 29 32 a
1061 1523 197 67 simple
1286 1524 170 67 guide
1484 1529 55 46 to
1572 1524 178 53 sound
1778 1531 145 46 team
1956 1525 156 50 work
2141 1523 58 52 in

212 1602 134 52 both
393 1601 243 68 bidding
681 1601 111 51 and
839 1601 153 68 play,
1035 1602 73 66 by
1152 1600 315 53 Madeleine
1511 1601 250 52 Kerwin.
1838 1601 136 52 New
2024 1602 176 69 York,

212 1680 85 51 W.
330 1680 246 51 Morrow
607 1679 111 52 and
748 1696 294 51 company,
1075 1681 145 49 1934.

277 1749 99 49 viii,
399 1750 86 40 180
505 1761 42 37 p.
608 1750 114 39 19cm.

215 1808 51 51 ©
299 1813 119 38 Mar.
450 1812 68 40 14.
549 1811 113 39 1934;
723 1811 66 39 2c.
822 1812 118 38 Mar.
974 1810 80 39 16:
1089 1810 79 41 aff.
1202 1812 121 38 Mar.
1356 1812 55 38 17;
1470 1811 43 39 A
1543 1811 141 40 70694;
1747 1813 60 37 M.
1841 1811 211 42 Kerwin.
2085 1812 117 41 New

282 1869 142 37 York.
497 1867 248 48 (34-6148)

214 1956 179 64 Koch,
425 1958 151 52 Fred
609 1957 247 63 Conrad,
890 1957 170 51 1876-

282 2032 1827 70 Practical methods in biochemistry, by Frederick C. Koch …
215 2110 329 67 Baltimore,
571 2110 89 53 W.
688 2111 184 52 Wood
900 2110 42 49 &
972 2129 294 50 company,
1296 2113 149 51 1934.

282 2185 79 46 vii,
392 2185 83 40 282
504 2195 42 37 p.
604 2185 142 46 illus.,
776 2184 151 48 diagr.
986 2186 144 40 23½cm.

288 2241 1318 50 Half-title to part III not included in the paging.
286 2299 275 46 “Although
596 2298 98 40 this
732 2299 197 38 manual
965 2298 42 40 is
1044 2299 227 40 intended
1309 2300 254 48 primarily
1602 2311 54 30 as
1695 2302 80 39 the
1813 2303 234 46 practical
215 2313 1972 89 companion
427 2358 47 36 to
509 2355 255 39 Professor
800 2356 52 39 A.
890 2356 48 37 P.
977 2356 249 40 Mathews’
1264 2357 243 45 textbook,
1543 2359 330 40 nevertheless
1908 2361 41 39 it
1984 2360 221 40 contains

214 2412 329 40 considerable
568 2413 319 46 explanatory
911 2415 178 37 matter
1111 2412 50 39 in
1184 2414 141 39 order
1348 2416 49 37 to
1420 2416 110 45 help
1554 2417 237 39 correlate
1816 2417 80 39 the
1920 2416 283 40 theoretical

216 2469 95 38 and
339 2469 280 46 laboratory
649 2473 189 43 aspects
868 2470 51 39 of
948 2469 80 40 the
1057 2470 189 47 subject
1274 2471 415 42 matter.”—Pref.

285 2525 410 48 Bibliographical
727 2526 275 39 foot-notes.

220 2576 50 51 ©
300 2583 120 37 Mar.
449 2582 67 40 10.
545 2582 139 39 1934;
715 2583 64 39 2c.
809 2584 94 38 and
932 2582 78 40 aff.
1042 2584 118 38 Mar.
1188 2584 55 39 19;
1300 2585 41 38 A
1371 2585 141 40 70708;
1570 2587 240 40 Williams
1840 2588 34 39 &
1903 2587 207 42 Wilkins
2139 2599 67 31 co.

297 2638 249 47 (34-6161)

216 2726 228 65 Kühne,
475 2729 209 63 Georg.

282 2803 327 53 Handbuch
646 2806 98 52 der
780 2807 711 59 landmaschinentechnik.
1527 2810 97 52 für
1660 2812 359 52 studierende
214 2813 1969 121 ingenieure

450 2884 116 51 und
610 2884 616 53 maschinentechnisch
1269 2888 406 52 unterrichtete
1719 2890 330 66 landwirte;
2097 2908 109 34 von

217 2960 1988 75 dr. phil. Georg Kühne … 2. lad., [2. lfg.] Die gerate und
216 3037 324 53 maschinen
587 3058 98 33 zur
734 3046 172 47 ernte,
952 3041 571 70 körnergewinnung,
1571 3046 637 68 Saatgutaufbereitung

217 3118 114 50 und
378 3118 497 67 futterbereitung.
951 3118 107 52 Die
1103 3119 356 54 technischen
1502 3122 330 54 hilfsmittel
1878 3143 97 32 zur
219 3125 1963 137 förderung

218 3195 1964 146 landwirtschaftlicher massengüter … Berlin, J. Springer, 1934.
293 3348 79 39 vii.
406 3346 235 49 [265]-386
668 3358 40 35 p.
767 3347 141 41 illus.,
939 3347 167 45 tables,
1137 3347 177 46 diagrs.
1371 3349 116 39 28cm.

226 3399 1812 57 © Jan. 1. 1934; 1c. Mar. 13; A -Foreign 24072; Julius Springer.
223 3491 260 64 Kuyper,
517 3492 323 63 Abraham,
877 3494 321 49 1837-1920.

222 3565 1989 146 Women of the Old Testament; fifty meditations, by Abraham Kuyper … translated from the Dutch by Prof. Henry
224 3724 237 50 Zylstra.
537 3722 120 52 The
692 3722 296 67 Scripture
1021 3722 261 53 selection
1315 3722 111 51 and
1459 3720 284 68 questions
1776 3720 93 52 for
1902 3720 310 53 discussion

224 3801 142 50 have
404 3800 136 52 been
581 3800 183 51 added
803 3800 74 65 by
917 3799 153 52 “The
1110 3798 318 68 preacher”.
1505 3797 199 54 Grand
1745 3797 238 68 Rapids,
2019 3797 193 67 Mich.,

225 3877 331 52 Zondervan
587 3876 332 68 publishing
947 3877 170 51 house
1170 3877 171 65 [c1933]
