2350 4196
1166 3994 99 50 854

217 377 148 65 Otis,
396 378 324 64 Raymond.

295 454 132 54 Fire
470 456 54 50 in
567 452 93 55 the
701 452 181 68 night,
921 451 74 69 by
1034 449 296 69 Raymond
1374 446 143 56 Otis.
1597 446 132 51 New
1775 447 176 54 York,
1995 447 207 51 Farrar

225 526 1083 74 and Rinehart, incorporated [ c 1934]
295 615 23 37 5
352 625 41 38 p.
462 645 8 15 l.,
502 614 141 41 3-303
677 625 42 37 p.
781 613 58 40 20
839 617 41 20 cm
887 646 7 7 .

295 672 192 39 London
521 671 180 40 edition
740 670 76 46 (V.
853 670 237 46 Gollancz,
1120 670 110 46 ltd.)
1271 671 88 38 has
1390 668 133 41 title:
1560 668 109 40 Fire
1699 669 210 48 brigade.

224 743 51 50 ©
309 746 122 41 June
458 746 40 41 8,
527 745 139 40 1934;
697 746 64 38 2c.
795 745 124 39 June
948 746 78 40 12:
1059 743 80 40 aff.
1171 744 124 39 June
1323 743 81 45 27;
1437 743 39 38 A
1506 742 168 41 73331;
1708 742 54 39 R.
1795 742 117 45 Otis,
1945 741 149 41 Santa
2126 742 76 47 Fe,

339 836 7 6 N.
373 804 60 37 M.
505 801 277 48 (34-18687)

218 907 123 61 Ott,
370 905 254 54 William
652 906 222 62 Henry.

288 983 274 67 Gateway
583 986 57 49 to
663 980 306 54 industrial
992 997 183 51 peace,
1196 979 74 68 by
1292 976 258 56 William
1571 978 203 67 Henry
1797 977 119 54 Ott.
1975 979 232 68 Boston,

219 1061 236 53 Meador
485 1058 333 70 publishing
849 1075 295 51 company,
1176 1060 148 48 1934.

291 1134 84 40 566
406 1145 42 37 p.
508 1136 23 36 1
565 1132 127 41 illus.
752 1132 56 39 20
811 1135 42 20 cm
860 1165 7 7 .

226 1201 50 50 ©
302 1203 113 49 Apr.
441 1204 67 40 27,
533 1202 138 42 1934;
701 1203 66 39 2c.
794 1203 112 48 May
931 1204 51 44 4;
1013 1201 76 40 aff.
1120 1202 112 47 May
1258 1201 51 45 5;
1339 1200 40 39 A
1404 1199 169 42 71499:
1603 1201 71 40 W.
1702 1201 58 39 H.
1791 1200 96 45 Ott,
1917 1198 288 43 Cincinnati.

305 1260 279 48 (34-18957)

220 1361 448 68 Prentice-Hall,
703 1362 127 63 inc.,
862 1362 138 53 New
1034 1361 173 53 York.

293 1438 302 56 Securities
619 1437 284 70 exchange
927 1444 89 46 act
1040 1437 63 52 of
1128 1440 149 64 1934,
1300 1435 296 69 including
1623 1433 384 58 amendments
2032 1443 57 46 to
2115 1437 91 52 the

224 1516 302 56 Securities
558 1522 90 48 act
678 1515 63 52 of
774 1518 150 64 1933,
956 1516 111 51 and
1099 1512 137 56 with
1271 1514 111 51 full
1413 1513 150 54 table
1594 1513 64 53 of
1687 1517 255 51 contents
1972 1516 111 52 and
220 1516 1964 132 detailed

427 1587 1552 75 index … [New York] Prentice-Hall, inc., c 1934.
291 1668 59 40 48
384 1679 42 37 p.
486 1668 54 39 23
545 1670 43 21 cm
594 1700 7 7 .

299 1725 231 41 Contains
555 1724 261 40 foot-notes
843 1735 59 28 on
928 1733 42 37 p.
997 1724 68 39 37.
1092 1723 67 45 38,
1186 1722 69 40 40.

228 1791 51 51 ©
310 1795 125 41 June
464 1796 38 39 7.
532 1793 139 42 1934;
702 1794 65 39 2c.
799 1794 125 39 June
953 1793 80 39 13:
1065 1792 82 40 aff.
1177 1793 125 38 June
1331 1792 81 45 14;
1445 1792 41 38 A
1516 1791 168 46 73078;
1718 1790 371 47 Prentice-Hall,
2118 1790 90 42 inc.

305 1851 277 48 (34-18968)

222 1953 200 55 Public
461 1952 240 54 utilities
742 1957 219 62 reports
994 1951 163 66 (New
1197 1952 223 66 series),
1461 1951 330 68 containing
1832 1951 274 54 decisions
2146 1952 64 52 of

292 2031 93 54 the
418 2033 328 65 regulatory
776 2029 383 55 commissions
1193 2030 109 51 and
1337 2030 61 52 of
1431 2035 142 48 state
1608 2029 110 52 and
1752 2030 218 52 federal
2004 2036 204 49 courts,

292 2102 1917 80 Henry C. Spurr … editor … v. 2, 1934. Washington,
292 2188 70 51 D.
400 2187 79 59 C.,
515 2185 318 59 Rochester,
865 2187 68 54 N.
971 2188 88 51 Y.,
1093 2185 199 55 Public
1328 2184 237 55 utilities
1598 2190 237 63 reports,
1868 2185 104 52 inc.
2013 2219 11 33 [
2031 2191 16 20 c
2054 2189 133 49 1934
2192 2219 10 32 ]

295 2261 150 40 xxxii.
477 2260 84 40 604
589 2271 41 36 p.
685 2260 55 37 25
744 2262 43 20 cm
792 2289 6 7 .

230 2327 51 51 ©
310 2331 115 48 July
452 2331 68 44 24,
550 2328 112 41 1934
681 2340 8 34 ;
720 2330 65 38 2c.
817 2329 118 47 July
959 2328 82 45 28;
1073 2328 80 40 aff.
1183 2328 115 47 July
1327 2328 81 46 30;
1441 2329 39 39 A
1512 2329 140 39 73657
1672 2339 8 36 ;
1710 2328 170 41 Public
1908 2326 205 44 utilities
296 2338 1898 97 reports,
475 2387 88 39 inc.

223 2486 220 55 Punch,
518 2508 49 34 v.
600 2493 115 62 186,
743 2509 86 34 no.
860 2491 151 54 4850.
1039 2491 136 64 May
1205 2491 81 62 30,
1320 2491 147 52 1934.

230 2567 1978 61 © 1c. July 27, 1934; A ad int. 19223; pubd. May 30; Herbert Heather,
297 2634 209 40 London.

226 2735 362 65 Rachbauer,
619 2737 171 62 Mary
819 2733 259 65 Aloysia,
1109 2734 177 54 sister.

356 2807 1853 77 … Wolfram von Eschenbach; a study of the relation of the
226 2894 227 50 content
485 2890 63 53 of
579 2889 172 54 books
782 2906 170 35 in-vi
985 2889 112 52 and
1128 2907 59 34 ix
1219 2890 63 52 of
1312 2890 96 52 the
1438 2891 269 52 Parzival
1736 2895 59 48 to
1824 2890 96 52 the
1953 2888 254 56 Crestien

227 2962 1954 150 manuscripts … by Sister Mary Aloysia Rachbauer … Washington,
477 3045 69 51 D.
582 3044 81 68 C.,
695 3045 119 51 The
848 3043 260 56 Catholic
1139 3043 315 72 university
1486 3046 61 53 of
1579 3045 282 67 America,
1894 3048 149 51 1934.

302 3117 81 47 xii,
420 3117 83 39 263
540 3128 41 36 p.
642 3117 53 39 23
701 3119 41 20 cm
748 3148 7 8 .
831 3116 121 48 (The
989 3114 217 44 Catholic
1242 3116 269 50 university
1549 3119 51 41 of
1635 3118 234 42 America.
1936 3117 193 44 Studies
2166 3121 43 37 in

228 3174 222 41 German,
508 3175 90 39 vol.
628 3175 73 47 iv)

300 3232 170 40 Thesis
513 3232 104 46 (PH.
683 3228 324 49 D.)—Catholic
1043 3229 267 51 university
1345 3233 49 39 of
1427 3231 232 50 America,
1694 3232 126 41 1934.

297 3288 122 42 Text
455 3288 350 49 lithographed.

303 3344 371 52 Bibliography:
709 3356 41 37 p.
784 3342 213 43 258-261.

234 3412 50 51 ©
312 3417 125 39 June
463 3418 67 45 14,
557 3415 139 41 1934;
724 3417 66 38 2c.
816 3415 95 40 and
937 3415 83 39 aff.
1046 3416 126 38 June
1195 3416 83 45 28;
1307 3417 39 38 A
1375 3417 166 47 74060;
1572 3417 218 43 Catholic
1820 3420 127 40 univ.
1976 3420 50 39 of
299 3420 1895 93 America.
461 3471 277 49 (34-18999)

227 3575 322 65 Raymond,
579 3575 189 64 Mary.

307 3650 307 68 Forgotten
641 3649 328 54 sweetheart
1017 3649 91 67 [by]
1136 3648 168 71 Mary
1332 3650 311 69 Raymond.
1711 3652 134 54 New
1877 3651 174 69 York,
235 3652 1947 140 Chicago.
419 3728 68 51 A.
522 3728 61 51 L.
617 3726 148 55 Burt
794 3743 274 53 company
1104 3761 12 33 [
1122 3734 16 21 c
1144 3729 148 66 1934]

305 3798 26 39 3
361 3809 41 38 p.
469 3829 7 16 l.,
505 3798 85 40 265
618 3808 41 38 p.
719 3797 55 40 20
775 3800 45 21 cm
824 3829 9 9 .

236 3868 51 51 ©
316 3872 113 49 July
456 3873 67 40 10.
552 3872 138 47 1934;
719 3873 64 39 2c.
814 3874 93 38 and
935 3872 79 40 aff.
1044 3874 114 46 July
1185 3873 52 38 13
1258 3884 6 28 :
1297 3873 38 38 A
1364 3874 167 45 73405;
1563 3876 51 40 A.
1645 3877 49 39 L.
1724 3877 122 39 Burt
1876 3887 65 29 co.

312 3928 276 49 (34-19183)
