2350 4196
1081 4049 28 47 371

265 461 1897 50 x p., 2 l., 230 p., 1 l., 231-236 p. 20½cm. (Lettered on cover: Report
162 519 52 39 of
239 520 81 38 the
345 517 318 42 Commission
689 529 59 29 on
775 519 81 39 the
883 518 149 39 social
1059 518 198 47 studies,
1285 519 258 40 American
1569 520 254 40 historical
1852 520 307 40 association.

162 578 65 45 pt.
288 586 40 28 VII
338 575 13 46 )

236 633 157 40 Series
421 633 108 39 title
555 633 50 37 in
632 634 113 45 part
770 635 51 37 at
848 633 124 38 head
1000 632 51 39 of
1078 634 96 45 t.-p.

216 699 1943 51 © Mar. 16, 1934; 2c. Apr. 7; aff. Apr. 6; A 71169; Charles Scribner's
230 770 124 29 sons.
429 759 280 48 (34-27077)

158 864 136 63 Bell,
321 863 154 53 John
502 863 274 55 William.

224 941 121 52 The
371 959 133 33 man
531 942 124 50 who
682 941 203 52 traded
914 942 59 50 in
1000 941 212 50 human
1239 941 154 51 lives.

239 1017 83 47 (In
347 1012 200 42 London
576 1012 201 50 Sunday
805 1024 221 38 express.
1054 1012 127 41 Mar.
1208 1011 40 50 4,
1280 1012 143 49 1934)

161 1083 1994 51 © 1c. Apr. 30, 1934; A ad int. 18895; pubd. Mar. 4; J. W. Bell, London.
157 1205 233 65 Bianco,
421 1207 137 52 Mrs.
590 1205 281 63 Margery
902 1201 347 68 (Williams)
1290 1206 172 49 1880-

224 1280 160 53 More
434 1280 170 53 about
654 1280 258 65 animals,
960 1280 74 68 by
1083 1279 273 69 Margery
1405 1278 216 53 Bianco;
1705 1279 325 54 illustrated
2080 1281 73 68 by

154 1358 182 53 Helen
375 1360 232 66 Torrey.
681 1358 138 52 New
855 1357 180 67 York,
1069 1357 119 52 The
1223 1356 337 53 Macmillan
1596 1375 299 52 company,
1934 1361 151 49 1934.

225 1432 82 48 xii,
340 1432 84 39 115
454 1441 44 37 p.
529 1432 109 40 incl.
669 1432 164 45 front.,
863 1431 143 47 illus.,
1040 1430 170 47 plates.
1270 1428 116 41 20cm.

227 1488 284 40 Illustrated
545 1488 349 47 lining-papers
929 1488 49 38 in
1011 1488 168 39 colors.

156 1558 51 51 ©
237 1563 120 39 Mar.
386 1562 68 46 27,
484 1561 140 42 1934;
655 1561 65 39 2c.
752 1560 94 40 and
876 1560 81 40 aff.
989 1561 120 38 Mar.
1139 1560 81 45 28;
1251 1560 41 38 A
1320 1559 171 47 70846;
1524 1561 282 39 Macmillan
1835 1572 67 30 co.

234 1618 250 49 (34-7153)

158 1723 191 65 Black,
382 1724 201 53 James
612 1722 387 64 Macdougall,
1034 1720 171 54 1879-

219 1799 1789 71 The boys play soldiers, by James Black … New York [etc.]
149 1879 266 69 Fleming
444 1879 76 53 H.
548 1879 200 52 Revell
776 1896 279 50 company
1165 1881 117 63 [c1934]

216 1953 60 42 39
304 1965 44 38 p.
410 1952 145 41 19½cm.

153 2024 51 51 ©
236 2028 121 38 Mar.
387 2027 68 45 17,
486 2024 114 41 1934;
660 2024 65 39 2c.
758 2025 96 38 and
883 2022 82 41 aff.
997 2023 121 39 Mar.
1149 2023 54 39 27;
1264 2023 41 38 A
1336 2024 143 39 71047;
1540 2024 220 48 Fleming
1791 2025 60 40 H.
1884 2025 147 39 Revell
2083 2037 65 29 co.

233 2083 251 49 (34-7144)

148 2184 353 67 Blanchard,
534 2184 205 65 Raoul,
776 2180 172 56 1877-

278 2260 1865 70 … L’Amérique du Nord; É tats-Unis, Canada et Alaska.
146 2342 184 67 Paris,
358 2343 70 52 A.
458 2343 232 64 Fayard
718 2344 45 49 &
790 2340 65 51 cie
942 2344 117 62 [1933]

219 2409 1862 54 2 p. l., [7]-398, [2] p. illus. (maps) 23cm. (Géographie pour tous)
220 2470 414 49 Bibliographical
669 2469 273 41 references
975 2469 49 38 in
1060 2468 411 48 “Avant-propos”
1517 2468 67 49 (p.
1623 2470 139 48 [7]-8)

149 2539 1997 54 © Nov. 17, 1933; 1c. Jan. 30, 1934; A- Foreign 23624; Arthème Fayard
216 2602 37 39 &
282 2601 84 40 cie.
437 2598 251 50 (34-6697)

138 2704 301 64 Bowman,
468 2702 219 64 Isaiah,
719 2701 173 54 1878-

277 2779 1862 70 … Geography in relation to the social sciences, by Isaiah
146 2857 1993 70 Bowman … [and] Geography in the schools of Europe, by
145 2935 1995 68 Rose B. Clark … New York, Chicago [etc.] C. Scribner’s
141 3033 128 36 sons
305 3019 190 64 [c1934]

216 3089 105 39 xxii
355 3099 57 37 p.,
446 3088 25 38 1
505 3089 44 45 1.;
582 3086 99 48 227,
716 3085 100 48 viii,
851 3085 202 41 229-382
1089 3097 42 37 p.
1192 3087 171 45 plates,
1399 3097 150 37 maps,
1586 3085 179 48 diagrs.
1824 3087 117 40 20cm.

147 3088 1975 98 (Lettered
311 3155 58 29 on
400 3154 162 30 cover:
591 3144 182 47 Report
804 3143 51 39 of
885 3143 81 39 the
996 3141 318 42 Commission
1345 3154 60 29 on
1438 3143 81 40 the
1549 3141 149 41 social
1729 3144 200 47 studies,

144 3144 1979 97 American
262 3201 253 40 historical
544 3198 309 42 association,
914 3201 66 47 pt.
1008 3198 54 48 v)

217 3258 159 40 Series
401 3257 108 40 title
536 3257 50 39 in
611 3259 111 45 part
748 3258 51 38 at
825 3257 124 40 head
976 3255 54 40 of
1056 3257 97 46 t.-p.

213 3312 349 50 Bibliography:
623 3324 44 37 p.
700 3311 217 42 345-355.

144 3368 51 51 ©
225 3373 120 38 Mar.
376 3371 68 47 16,
474 3370 113 40 1934;
646 3369 66 41 2c.
743 3370 94 39 and
868 3369 81 40 aff.
979 3370 114 47 Apr.
1124 3370 28 39 6;
1208 3370 41 38 A
1279 3369 143 41 71167;
1483 3370 201 41 Charles
1719 3371 263 42 Scribner’s
2015 3385 125 30 sons.

224 3428 280 48 (34-27078)

144 3529 339 67 Bridgman,
517 3532 187 62 Percy
736 3528 307 67 Williams,
1079 3532 170 51 1882-

208 3607 120 52 The
361 3605 520 69 thermodynamics
915 3605 64 53 of
1013 3605 282 54 electrical
1330 3606 353 68 phenomena
1720 3609 59 51 in
1812 3610 219 68 metals,
2065 3610 75 70 by

141 3685 61 54 P.
231 3685 90 53 W.
352 3684 338 67 Bridgman.
757 3683 139 52 New
926 3683 181 68 York,
1136 3684 121 51 The
1288 3683 336 54 Macmillan
1656 3704 299 53 company,
2022 3692 117 49 1934.

210 3755 1076 50 vi p., 1 l., 200 p. illus., diagrs. 22½cm.
210 3813 133 41 “List
368 3814 51 40 of
440 3823 175 37 papers
638 3812 53 40 of
713 3812 50 40 P.
788 3812 71 40 W.
884 3812 281 49 Bridgman,
1189 3813 82 40 the
1299 3812 257 42 substance
1582 3814 53 39 of
1660 3815 158 41 which
1844 3816 42 42 is
1911 3818 231 42 collected

138 3869 102 41 into
269 3871 100 39 this
397 3868 149 41 book”:
604 3879 44 37 p.
680 3868 84 39 195;
825 3868 319 41 “References
1175 3869 49 39 in
1254 3870 82 39 the
1366 3868 124 47 body
1522 3870 51 39 of
1602 3872 82 40 the
1715 3872 134 41 text”;
1909 3884 45 39 p.
1985 3873 100 42 197.

141 3925 51 51 ©
220 3930 119 38 Mar.
368 3928 68 40 27.
464 3927 139 47 1934;
632 3928 68 38 2c.
728 3927 94 39 and
850 3927 79 39 aff.
960 3928 121 39 Mar.
1110 3927 81 46 28;
1222 3928 38 37 A
1289 3926 170 49 70849;
1490 3929 283 41 Macmillan
1799 3943 66 31 co.

218 3985 250 48 (34-7157)
