2350 4196
1182 4020 133 49 1540

287 370 281 67 Chaucer,
603 373 292 64 Geoffrey,
972 418 8 8 d.
1017 378 148 49 1400.

412 451 1856 64 … Canterbury tales, rendered into modern English by J. IT.
283 527 284 68 Nicolson,
594 528 138 53 with
756 530 379 53 illustrations
1159 531 74 65 by
1257 530 288 54 Rockwell
1572 532 153 50 Kent
1753 532 110 51 and
1891 550 68 33 an
284 532 1964 126 introduction
453 606 75 53 by
576 606 233 54 Gordon
857 609 143 50 Hall
1049 608 266 54 Gerould.
1391 608 138 51 New
1581 608 176 54 York.
1807 609 212 60 Covici,
2068 610 203 51 Friede

288 717 12 32 [
306 686 17 21 c
328 686 135 49 1934
466 717 12 33 ]

353 755 84 39 xvi
461 765 57 37 p.,
545 757 24 37 1
630 787 7 9 l..
666 755 96 49 626,
792 757 53 50 [1]
874 767 42 36 p.
976 758 162 47 front.,
1166 758 167 47 plates.
1394 756 56 39 24½
1483 760 43 20 cm
1532 788 7 7 .

352 812 287 41 Illustrated
671 813 361 49 lining-papers.

352 868 139 40 Head
520 871 96 39 and
643 870 89 41 tail
760 870 170 48 pieces.

292 923 48 50 ©
413 937 67 29 Nov.
512 929 38 37 5.
580 927 113 40 1934:
749 929 63 39 2c.
844 928 115 39 Nov.
988 928 25 39 9:
1073 930 79 38 aff.
1181 929 117 39 Nov.
1328 929 24 38 6:
1410 931 40 35 A
1480 928 139 40 78005:
1680 929 174 39 Covici.
1887 929 185 40 Friede,
2103 932 89 39 inc.

367 984 277 47 (34-38314)

286 1060 272 65 Chicago.
643 1062 364 63 University.
1093 1064 259 52 Oriental
1396 1061 276 53 institute.
1755 1063 361 67 Epigraphic
2161 1063 111 52 and

354 1139 402 53 architectural·
787 1159 219 46 survey.

417 1217 1856 68 … The excavation of Medinet Habu … I. General plans
288 1294 1985 63 and views, by Uvo Hölscher. Chicago. Ill.. The University
285 1373 62 51 of
377 1372 249 68 Chicago
654 1392 155 48 press
842 1376 170 63 [1934]

286 1447 1989 103 xiv. 4 p.. 1 l. 37 numb. plates (part double, part col.) plans (part-double)
560 1502 141 40 60½cm.
780 1504 124 45 (The
940 1503 280 47 University
1259 1504 50 39 of
1348 1502 223 48 Chicago.
1640 1503 220 40 Oriental
1898 1503 225 40 institute
283 1505 1973 95 publications.
583 1561 89 39 vol.
801 1562 13 46 XXI)

354 1617 103 40 Uvo
483 1616 250 45 Hölscher,
762 1617 128 39 chief
917 1617 50 38 of
995 1617 80 38 the
1101 1615 359 40 Architectural
1487 1615 196 40 section.

288 1669 52 51 ©
368 1675 119 45 Aug.
517 1674 67 39 31.
613 1672 114 40 1934:
786 1674 65 39 2c.
884 1673 100 39 Oct.
1014 1672 54 38 29:
1128 1672 77 39 aff.
1237 1673 114 38 Nov.
1385 1673 55 38 17:
1501 1673 40 37 A
1572 1671 141 41 78179:
1774 1672 280 48 University
2084 1674 53 38 of

355 1675 1901 102 Chicago.
514 1730 219 47 Chicago.
800 1729 279 48 [Copyright
1109 1730 41 37 is
1177 1729 204 39 claimed
1408 1738 59 29 on
1497 1729 344 48 introduction]

365 1786 277 47 (34-38539)

285 1860 218 67 Childs,
535 1864 289 51 Harwood
854 1863 330 61 Lawrence,
1220 1865 167 48 1898-

285 1938 1962 132 … A reference guide to the study of public opinion, by Harwood L.
598 2016 1671 68 Childs … with a preface by Edward L. Bernays.
283 2096 324 67 Princeton,
637 2097 67 53 N.
737 2098 73 64 J.,
838 2097 306 52 Princeton
1174 2094 316 67 university
1519 2112 173 50 press,
1722 2097 148 49 1934.

353 2170 46 39 vi
428 2182 56 36 p.,
512 2172 26 37 1
599 2201 9 16 l.,
635 2169 84 40 105
746 2181 43 36 p.
844 2168 57 41 23½
932 2171 43 21 cm
980 2199 8 8 .

354 2229 63 38 At
445 2228 124 39 head
599 2227 50 39 of
679 2226 134 40 title:
844 2226 257 39 Princeton
1132 2224 295 48 university:
1463 2224 170 40 School
1664 2224 51 41 of
1745 2224 161 48 public
1935 2225 96 40 and
284 2223 1969 101 international
464 2283 184 41 affairs.

288 2337 51 51 ©
368 2342 124 38 .June
517 2341 67 39 30.
612 2339 139 40 1934:
780 2339 62 40 2c.
874 2341 94 37 and
997 2339 78 39 aff.
1103 2339 115 40 Nov.
1249 2337 79 39 12:
1359 2339 38 37 A
1427 2337 166 41 78058:
1626 2339 58 38 H.
1713 2339 49 38 L.
1791 2338 179 40 Childs.
1999 2339 271 39 Princeton.

403 2431 7 7 N.
438 2398 41 39 J.
552 2396 276 48 (34-38328)

286 2456 225 67 Clarke,
538 2460 50 53 J.
618 2456 237 66 Calvitt,
885 2462 169 49 1888-

284 2530 1986 149 Melissa, by J. Calvitt Clarke … New York, W. Godwin. inc. [ c 1934 ]
352 2683 87 41 288
464 2694 43 37 p.
563 2683 54 40 19½
650 2686 43 20 cm
700 2716 7 7 .

354 2740 102 39 “An
483 2741 208 39 Arcadia
723 2742 150 38 house
901 2739 338 49 publication."

287 2796 51 51 ©
367 2801 99 39 Oct.
496 2800 67 41 30.
589 2801 139 39 1934:
759 2800 63 40 2c.
855 2801 114 37 Nov.
1001 2801 23 37 5:
1082 2800 80 39 aff.
1191 2801 117 40 Nov.
1337 2803 50 37 1:
1419 2802 41 37 A
1490 2800 165 40 76916:
1687 2798 215 43 William
1934 2800 213 40 Godwin,
2177 2801 90 38 inc.

364 2858 277 46 (34-38518)

283 2919 259 53 Concord
573 2919 377 64 antiquarian
983 2920 240 64 society,
1260 2921 274 66 Concord,
1566 2915 169 59 Mass.

348 2993 343 68 Handbook,
717 2994 258 54 Concord
1000 2996 362 68 antiquarian
1386 2998 227 67 society,
1640 2994 279 67 Concord,
281 2992 1962 147 Massachusetts,
490 3074 75 66 by
619 3073 183 53 Hazel
859 3075 66 51 E.
985 3075 282 68 Cummin,
1323 3077 138 50 with
1519 3073 390 56 introduction
1966 3074 74 66 by
2095 3074 171 51 Allen

277 3148 241 68 French,
551 3149 289 68 president
876 3151 63 52 of
972 3152 94 52 the
1102 3153 223 67 society.
1404 3151 316 68 [Portland,
1754 3150 129 67 Me.,
1916 3148 242 54 Printed
2191 3147 76 69 by
278 3226 94 52 the
409 3226 370 55 Southworth
812 3247 158 49 press,
1028 3236 17 21 c
1050 3232 149 50 1932.

352 3297 67 46 57.
451 3301 54 48 [1]
533 3309 43 38 p.
635 3301 162 48 front.,
828 3302 126 40 illus.
984 3302 159 48 (plan)
1180 3303 169 47 plates.
1405 3302 56 40 25½
1494 3305 43 21 cm
1543 3335 7 7 .

281 3352 52 51 ©
359 3360 117 45 Aug.
503 3359 39 38 3.
570 3357 111 41 1932:
738 3359 65 40 2c.
832 3362 95 37 and
953 3360 79 40 aff.
1061 3362 116 41 Nov.
1205 3362 37 40 8.
1271 3362 113 39 1934:
1443 3363 40 37 A
1511 3361 140 39 77162:
1709 3360 215 40 Concord
1954 3356 313 48 antiquarian

348 3425 105 29 soc..
481 3415 227 40 Concord.
734 3417 142 39 Mass.
951 3417 276 48 (34-38351)

277 3472 271 69 Connett,
581 3478 240 63 Eugene
909 3477 267 64 Virginius.
1212 3485 170 49 1891-

342 3552 243 68 Fishing
616 3573 27 33 a
678 3559 154 47 trout
865 3561 223 47 stream,
1121 3556 73 67 by
1228 3558 235 67 Eugene
1493 3557 71 52 V.
1602 3555 263 63 Connett,
1898 3551 130 66 3rd;
272 3550 1969 146 photographs
526 3630 75 66 by

641 3630 300 53 Lawrence
983 3632 65 52 B.
1097 3632 203 55 Smith.
1376 3633 140 52 New
1561 3631 179 66 York,
1785 3629 121 53 The
1948 3628 315 65 Derrydale

270 3724 156 48 press
469 3740 12 33 [
486 3713 17 21 c
509 3710 150 63 1934]

340 3780 52 39 ix
416 3791 56 37 p.,
500 3782 25 38 1
587 3813 8 16 l.,
623 3782 185 48 13-137,
839 3784 53 48 [1]
922 3794 42 37 p.
1024 3785 161 46 front.,
1214 3786 127 38 illus.
1402 3784 58 39 25½
1493 3785 43 22 cm
1543 3815 7 7 .

345 3836 1460 52 “Nine hundred and fifty copies … have been printed.”
274 3887 52 51 ©
356 3892 100 40 Oct.
483 3892 67 40 19.
581 3893 138 40 1934:
752 3895 64 40 2c.
845 3896 117 39 Nov.
992 3897 50 40 5;
1078 3896 81 42 aff.
1187 3899 118 38 Nov.
1334 3900 52 44 1;
1422 3898 43 38 A
1495 3894 166 40 76926:
1696 3891 273 48 Derrydale
1995 3898 147 39 press,
2174 3889 88 39 inc.

351 3948 277 50 (34-38377)
