2350 4196
1154 4022 96 50 108

202 408 211 66 Smith,
443 412 127 62 Roy
598 412 236 64 Lemon,
866 412 159 52 1887-

271 484 1854 70 The real fundamentals; four sermons by Roy L. Smith …
206 565 128 67 [Los
364 564 262 67 Angeles,
655 571 16 21 c
677 567 131 48 1938]

271 636 281 46 cover-title,
582 636 55 39 64
663 646 41 37 p.
761 638 54 38 17½
849 639 42 20 cm
898 671 6 6 .
972 637 122 45 (The
1123 636 131 40 First
1282 637 178 39 church
1488 636 170 47 pulpit.
1714 636 203 40 Booklet
1945 647 74 30 no.
2048 636 49 47 5)

203 692 50 51 ©
329 707 71 29 Nov.
429 697 56 38 27,
528 697 112 38 1933;
699 697 65 39 2c.
797 697 106 39 Jan.
935 697 67 39 19.
1034 697 113 39 1934;
1207 696 80 39 aff.
1319 696 107 38 Jan.
1459 695 58 39 20;
1575 696 39 37 A
1644 694 142 40 68943;
1848 695 52 38 R.
1933 695 50 40 L.
2018 694 169 47 Smith,

269 754 91 38 Los
395 754 217 46 Angeles.
686 754 249 47 (34-2168)

225 858 189 63 Snow,
451 857 244 54 Charles
728 859 244 64 Horace]
1012 859 169 50 1877-

275 934 388 67 Cowpuncher
731 936 107 65 [by]
908 935 234 54 Charles
1202 936 216 51 Ballew
1502 935 177 65 [psnul.]
1813 935 136 51 New
2013 933 176 55 York,

280 1056 8 8 W.
318 1015 249 50 Morrow
596 1014 109 50 and
735 1031 294 49 company,
1060 1016 146 50 1934.

269 1086 555 48 3 p. l., 293 p. 19½ cm .
203 1140 52 51 ©
297 1145 110 39 Feb.
450 1145 67 39 14.
560 1144 114 39 1934;
744 1144 67 39 2c.
855 1144 109 40 Feb.
1007 1144 53 38 17;
1133 1143 78 39 aff.
1258 1144 107 37 Feb.
1410 1142 58 39 19;
1537 1143 40 39 A
1621 1141 140 40 69301;
1837 1142 48 39 C.
1930 1140 59 42 H.
2036 1141 153 46 Snow,

268 1201 153 47 Napa.
450 1200 142 41 Calif.

204 1300 187 54 South
428 1310 218 44 eastern
679 1307 271 62 reporter.
1022 1304 166 53 Cases
1225 1303 211 66 argued
1474 1303 110 50 and
1620 1302 348 52 determined
2002 1304 60 50 in
2097 1303 94 51 the

278 1379 272 69 Supreme
587 1386 185 48 courts
809 1380 62 53 of
908 1382 230 66 appeals
1172 1380 60 51 of
1265 1380 265 67 Virginia
1570 1381 109 50 and
1714 1383 157 51 West
1905 1380 286 68 Virginia,

277 1457 272 69 Supreme
580 1464 187 47 courts
796 1459 60 53 of
886 1460 187 51 North
1106 1460 264 53 Carolina
1405 1459 110 51 and
1548 1459 180 53 South
1763 1459 287 66 Carolina,
2081 1459 110 50 and

279 1537 273 67 Supreme
587 1543 158 46 court
784 1538 111 50 and
932 1539 180 53 Court
1146 1537 60 51 of
1243 1538 232 66 appeals
1511 1537 61 50 of
1609 1537 265 67 Georgia,
1911 1536 137 52 with
2085 1537 106 67 key

273 1617 236 50 number
553 1615 377 52 annotations,
1009 1634 49 32 v.
1103 1618 113 48 170.
1296 1614 702 67 September-November.
2043 1617 148 51 1933.

279 1693 80 55 St.
387 1694 164 53 Paul.
577 1696 157 52 West
761 1693 334 67 publishing
1123 1711 94 35 co.,
1247 1696 148 48 1933.

272 1769 96 44 xvi,
399 1769 112 38 1007
541 1779 41 36 p.
640 1768 55 38 26
699 1770 43 19 cm
748 1801 6 6 .

208 1822 50 51 ©
290 1828 109 38 Dec.
429 1826 67 38 27.
528 1825 111 38 1933;
699 1825 64 38 2c.
797 1825 93 38 and
920 1823 80 40 aff.
1031 1824 108 38 Jan.
1169 1823 66 41 19,
1266 1822 114 39 1934;
1439 1822 40 39 A
1508 1823 143 39 69100;
1711 1824 135 37 West
1875 1824 107 46 pub.
2014 1834 66 28 co.

206 1984 295 52 Southern
537 1988 269 63 reporter.
886 1983 166 53 Cases
1089 1984 211 66 argued
1337 1984 111 50 and
1484 1984 348 51 determined
1867 1984 59 50 in
1960 1985 95 50 the
277 1983 1893 146 Supreme
508 2067 185 46 courts
735 2062 62 50 of
840 2062 297 53 Alabama,
1181 2061 253 58 Florida,
1478 2062 325 54 Louisiana,
1845 2062 347 66 Mississippi

280 2141 110 51 and
428 2141 94 51 the
561 2146 186 45 courts
785 2140 61 52 of
886 2141 203 65 appeal
1127 2140 60 51 of
1225 2141 279 50 Alabama
1546 2141 110 50 and
1694 2139 324 56 Louisiana,
2056 2139 136 51 with

275 2219 105 65 key
434 2219 236 51 number
727 2220 376 50 annotations,
1179 2237 48 32 v.
1286 2222 112 48 149.
1476 2219 512 65 July-November.
2046 2220 146 49 1933.

279 2296 82 54 St.
389 2298 164 52 Paul,
577 2298 158 52 West
763 2296 333 68 publishing
1123 2316 95 34 co.,
1247 2299 148 49 1933.

275 2379 78 38 XX,
383 2371 113 39 1015
525 2382 40 35 p.
624 2369 54 40 26
683 2373 42 19 cm
731 2401 6 5 .

211 2425 49 50 ©
290 2430 112 38 Dec.
430 2429 68 45 21,
529 2427 111 39 1933;
700 2432 65 33 2c.
797 2428 94 37 and
921 2425 79 40 aff.
1033 2427 107 38 Jan.
1171 2426 66 41 19,
1269 2426 113 39 1934;
1442 2427 40 37 A
1512 2426 141 39 69102;
1714 2428 131 37 West
1877 2427 107 46 pub.
2015 2438 67 28 co.

209 2575 298 63 Spalding,
537 2576 203 61 Henry
768 2574 352 64 Stanislaus,
1152 2577 167 50 1865-

209 2651 1960 146 Arrows of Iron, by Henry S. Spalding … New York, Cincinnati [etc.] Benziger brothers, 1934.
278 2803 84 41 230
384 2814 41 38 p.
485 2803 163 46 front.,
669 2803 170 47 plates.
902 2802 54 39 19
960 2805 42 20 cm
1008 2835 7 7 .

213 2859 1983 51 © Jan. 29. 1934; 2c. Feb. 5; aff. Feb. 8; A 70164; Benziger brothers.
289 2918 247 49 (34-2149)

211 3010 299 63 Spengler,
547 3009 249 63 Oswald,
833 3011 171 49 1880-

213 3085 1982 135 … The hour of decision … pt. 1. Germany and world-historical evolution. Translated from the German for the first
213 3244 133 51 time
378 3243 71 54 by
482 3242 234 54 Charles
748 3242 235 51 Francis
1014 3242 300 52 Atkinson.
1392 3244 135 50 New
1564 3245 158 51 York,
1771 3247 66 49 A.
1871 3246 69 49 A.
1974 3243 222 68 Knopf,

214 3324 149 48 1934.

281 3396 23 35 3
334 3406 39 35 p.
403 3396 42 36 ]..
473 3393 155 39 v-xvi.
657 3393 97 38 230.
782 3393 101 39 xiii.
961 3413 9 28 [1]
999 3403 43 36 p.
1097 3394 26 38 21
1157 3396 14 19 cm
1204 3424 7 7 .

309 3451 130 38 "First
470 3450 183 38 edition."

216 3504 50 51 ©
302 3509 106 37 Feb.
443 3508 67 36 12.
542 3506 113 38 1934;
717 3507 63 38 2c.
816 3506 108 38 Feb.
958 3507 53 37 15;
1075 3507 79 38 aff.
1189 3507 109 38 Feb.
1333 3507 53 38 16;
1451 3509 38 37 A
1523 3508 167 43 69485;
1726 3509 171 39 Allied
1930 3510 53 38 A.
2019 3508 165 48 Knopf.

282 3564 88 39 inc.

215 3653 183 63 Stein,
428 3653 309 63 Gertrude,
766 3652 167 53 1874-

341 3729 1859 71 … The making of Americans: the Hersland family; preface
212 3808 72 66 by
321 3807 255 51 Bernard
617 3807 136 64 Fay.
831 3806 135 52 New
1006 3807 174 66 York,
1216 3808 306 67 Harcourt,
1560 3811 179 51 Brace
1775 3812 111 51 and
1921 3828 273 48 company

217 3918 11 32 [
235 3891 17 20 c
258 3888 150 61 1934]

283 3957 136 44 xxiii,
449 3957 86 39 416
564 3966 42 37 p.
665 3957 54 38 21
725 3960 42 20 cm
773 3988 7 8 .
