<alto xmlns="http://www.loc.gov/standards/alto/ns-v3#" xmlns:xsi="http://www.w3.org/2001/XMLSchema-instance" xsi:schemaLocation="http://www.loc.gov/standards/alto/ns-v3# http://www.loc.gov/alto/v3/alto-3-0.xsd"><Description>
<MeasurementUnit>pixel</MeasurementUnit>
<sourceImageInformation>
<fileName>1934_v1_Part1.pdf</fileName>
</sourceImageInformation>
<OCRProcessing ID="IdOcr">
<ocrProcessingStep>
<processingDateTime>2019-01-10</processingDateTime>
<processingSoftware>
<softwareCreator>ABBYY</softwareCreator>
<softwareName>ABBYY Recognition Server</softwareName>
<softwareVersion>4.0</softwareVersion>
</processingSoftware>
</ocrProcessingStep>
</OCRProcessing>
</Description>
<Styles>
<ParagraphStyle ALIGN="Left" FIRSTLINE="0." ID="StyleId-FFFFFFFF-FFFF-FFFF-FFFF-FFFFFFFFFFFF-" LEFT="0." RIGHT="0." />
<ParagraphStyle ALIGN="Right" FIRSTLINE="0." ID="StyleId-521E1FC6-FE7E-43A4-90E6-A9B61626A263-" LEFT="0." LINESPACE="13.30000019" RIGHT="0." />
<ParagraphStyle ALIGN="Left" FIRSTLINE="-27." ID="StyleId-639B624E-F6F5-47B6-BB1D-34E64B53022F-" LEFT="0." LINESPACE="13.43999958" RIGHT="0." />
<ParagraphStyle ALIGN="Left" FIRSTLINE="0." ID="StyleId-100905F9-D385-406B-A5BD-ED5B8FD85431-" LEFT="0." RIGHT="0." />
<ParagraphStyle ALIGN="Left" FIRSTLINE="-27." ID="StyleId-7C9F9BA2-EF3A-4B7F-8486-CCC7B7F49B39-" LEFT="0." LINESPACE="18.71999931" RIGHT="0." />
<ParagraphStyle ALIGN="Block" FIRSTLINE="-27." ID="StyleId-350780E3-60F2-4605-88F5-BB54F9B87091-" LEFT="0." LINESPACE="18.71999931" RIGHT="0." />
<ParagraphStyle ALIGN="Left" FIRSTLINE="0." ID="StyleId-90B16C58-D795-4C77-9B89-30378C515D40-" LEFT="0." LINESPACE="14.39999962" RIGHT="0." />
<ParagraphStyle ALIGN="Right" FIRSTLINE="-27." ID="StyleId-17090E09-AFAF-4086-BD9B-4E99FAE6B057-" LEFT="0." LINESPACE="14.39999962" RIGHT="0." />
<ParagraphStyle ALIGN="Left" FIRSTLINE="-27." ID="StyleId-8B87B633-89DB-4D72-B1FC-26E4ABD680BC-" LEFT="0." LINESPACE="18.47999954" RIGHT="0." />
<ParagraphStyle ALIGN="Left" FIRSTLINE="0." ID="StyleId-42DA7417-CA90-4D71-A57B-06556C38D752-" LEFT="0." LINESPACE="13.30000019" RIGHT="0." />
<ParagraphStyle ALIGN="Block" FIRSTLINE="0." ID="StyleId-D8EE2A7E-42AE-4E35-98DB-F0F935637AA0-" LEFT="0." LINESPACE="6.599999905" RIGHT="0." />
<ParagraphStyle ALIGN="Left" FIRSTLINE="0." ID="StyleId-33CD3121-D4F5-43B6-BA96-6382D166E6B8-" LEFT="0." LINESPACE="15.5" RIGHT="0." />
<ParagraphStyle ALIGN="Block" FIRSTLINE="-21." ID="StyleId-1CE52AFA-C319-4DD9-B4B1-F0EBFA2B3F0B-" LEFT="0." LINESPACE="18.71999931" RIGHT="0." />
<ParagraphStyle ALIGN="Left" FIRSTLINE="0." ID="StyleId-B74F1B65-92F1-49C5-A5FA-D20442F031F2-" LEFT="0." LINESPACE="17.70006076" RIGHT="0." />
<ParagraphStyle ALIGN="Center" FIRSTLINE="0." ID="StyleId-79E2924A-215C-40B7-B577-7236BFBAA25E-" LEFT="0." LINESPACE="7.199999809" RIGHT="0." />
</Styles>
<Layout>
<Page HEIGHT="4196" ID="Page34" PHYSICAL_IMG_NR="34" WIDTH="2350">
<TopMargin HEIGHT="367" HPOS="0" VPOS="0" WIDTH="2350">
</TopMargin>
<LeftMargin HEIGHT="3571" HPOS="0" VPOS="367" WIDTH="221">
</LeftMargin>
<RightMargin HEIGHT="3571" HPOS="2233" VPOS="367" WIDTH="117">
</RightMargin>
<BottomMargin HEIGHT="258" HPOS="0" VPOS="3938" WIDTH="2350">
<TextBlock HEIGHT="61" HPOS="1183" ID="Page34_Block1" LANG="en-US" STYLEREFS="StyleId-BB808B01-80E8-467F-AA50-156297539776-" VPOS="3984" WIDTH="79">
<TextLine HEIGHT="49" HPOS="1189" VPOS="3990" WIDTH="67">
<String CONTENT="34" HEIGHT="49" HPOS="1189" VPOS="3990" WIDTH="67" />
</TextLine>
</TextBlock>
</BottomMargin>
<PrintSpace HEIGHT="3571" HPOS="221" VPOS="367" WIDTH="2012">
<TextBlock CS="1" HEIGHT="3571" HPOS="221" ID="Page34_Block2" LANG="en-US" STYLEREFS="StyleId-6C6E0D16-73D1-439C-A15B-EFD1FA698CA9-" VPOS="367" WIDTH="2012">
<TextLine HEIGHT="65" HPOS="227" STYLEREFS="StyleId-84896439-ECF3-4BA9-A4DA-9509DFF82C05-" VPOS="373" WIDTH="726">
<String CONTENT="Bevis," HEIGHT="64" HPOS="227" VPOS="374" WIDTH="193" />
<SP HEIGHT="64" HPOS="421" VPOS="374" WIDTH="24" />
<String CONTENT="Leura" HEIGHT="52" HPOS="446" VPOS="374" WIDTH="193" />
<SP HEIGHT="52" HPOS="640" VPOS="374" WIDTH="24" />
<String CONTENT="Dorothy." HEIGHT="63" HPOS="665" VPOS="373" WIDTH="288" />
</TextLine>
<TextLine HEIGHT="75" HPOS="297" STYLEREFS="StyleId-96CFFEE7-E7DC-4D73-A454-5FFE07D1E426-" VPOS="442" WIDTH="1913">
<String CONTENT="Silver" HEIGHT="55" HPOS="297" VPOS="448" WIDTH="188" />
<SP HEIGHT="52" HPOS="486" VPOS="448" WIDTH="30" />
<String CONTENT="farthing," HEIGHT="69" HPOS="517" VPOS="448" WIDTH="280" />
<SP HEIGHT="67" HPOS="798" VPOS="448" WIDTH="31" />
<String CONTENT="by" HEIGHT="69" HPOS="830" VPOS="448" WIDTH="73" />
<SP HEIGHT="68" HPOS="904" VPOS="449" WIDTH="32" />
<String CONTENT="Leura" HEIGHT="50" HPOS="937" VPOS="449" WIDTH="183" />
<SP HEIGHT="51" HPOS="1121" VPOS="448" WIDTH="34" />
<String CONTENT="Dorothy" HEIGHT="68" HPOS="1156" VPOS="446" WIDTH="262" />
<SP HEIGHT="67" HPOS="1419" VPOS="447" WIDTH="34" />
<String CONTENT="Bevis." HEIGHT="54" HPOS="1454" VPOS="443" WIDTH="185" />
<SP HEIGHT="33" HPOS="1640" VPOS="478" WIDTH="76" />
<String CONTENT="[San" HEIGHT="69" HPOS="1717" VPOS="442" WIDTH="137" />
<SP HEIGHT="52" HPOS="1855" VPOS="445" WIDTH="32" />
<String CONTENT="Francisco]" HEIGHT="65" HPOS="1888" VPOS="443" WIDTH="322" />
</TextLine>
<TextLine HEIGHT="71" HPOS="227" STYLEREFS="StyleId-96CFFEE7-E7DC-4D73-A454-5FFE07D1E426-" VPOS="520" WIDTH="1987">
<String CONTENT="Printed" HEIGHT="53" HPOS="227" VPOS="526" WIDTH="239" />
<SP HEIGHT="53" HPOS="467" VPOS="526" WIDTH="27" />
<String CONTENT="for" HEIGHT="53" HPOS="495" VPOS="526" WIDTH="92" />
<SP HEIGHT="53" HPOS="588" VPOS="525" WIDTH="26" />
<String CONTENT="E." HEIGHT="53" HPOS="615" VPOS="525" WIDTH="67" />
<SP HEIGHT="52" HPOS="683" VPOS="526" WIDTH="24" />
<String CONTENT="Dawson" HEIGHT="52" HPOS="708" VPOS="526" WIDTH="249" />
<SP HEIGHT="34" HPOS="958" VPOS="543" WIDTH="27" />
<String CONTENT="of" HEIGHT="53" HPOS="986" VPOS="524" WIDTH="63" />
<SP HEIGHT="52" HPOS="1050" VPOS="524" WIDTH="24" />
<String CONTENT="Los" HEIGHT="52" HPOS="1075" VPOS="525" WIDTH="109" />
<SP HEIGHT="53" HPOS="1185" VPOS="524" WIDTH="26" />
<String CONTENT="Angeles" HEIGHT="67" HPOS="1212" VPOS="524" WIDTH="246" />
<SP HEIGHT="52" HPOS="1459" VPOS="523" WIDTH="27" />
<String CONTENT="by" HEIGHT="68" HPOS="1487" VPOS="523" WIDTH="73" />
<SP HEIGHT="63" HPOS="1561" VPOS="528" WIDTH="26" />
<String CONTENT="the" HEIGHT="52" HPOS="1588" VPOS="523" WIDTH="96" />
<SP HEIGHT="55" HPOS="1685" VPOS="521" WIDTH="24" />
<String CONTENT="Grabhorn" HEIGHT="56" HPOS="1710" VPOS="520" WIDTH="304" />
<SP HEIGHT="50" HPOS="2015" VPOS="540" WIDTH="27" />
<String CONTENT="press," HEIGHT="52" HPOS="2043" VPOS="538" WIDTH="171" />
</TextLine>
<TextLine HEIGHT="55" HPOS="229" STYLEREFS="StyleId-96CFFEE7-E7DC-4D73-A454-5FFE07D1E426-" VPOS="605" WIDTH="150">
<String CONTENT="1933." HEIGHT="55" HPOS="229" VPOS="605" WIDTH="150" />
</TextLine>
<TextLine CS="1" HEIGHT="49" HPOS="293" VPOS="675" WIDTH="650">
<String CONTENT="4" HEIGHT="38" HPOS="293" VPOS="677" WIDTH="26" />
<SP />
<String CONTENT="p." HEIGHT="37" HPOS="344" VPOS="687" WIDTH="44" />
<SP HEIGHT="39" HPOS="389" VPOS="678" WIDTH="26" />
<String CONTENT="l.," CS="1" HEIGHT="16" HPOS="450" VPOS="708" WIDTH="9" />
<SP HEIGHT="47" HPOS="460" VPOS="677" WIDTH="28" />
<String CONTENT="71" HEIGHT="38" HPOS="489" VPOS="677" WIDTH="53" />
<SP HEIGHT="45" HPOS="543" VPOS="678" WIDTH="24" />
<String CONTENT="p.," HEIGHT="38" HPOS="568" VPOS="686" WIDTH="56" />
<SP HEIGHT="47" HPOS="625" VPOS="677" WIDTH="27" />
<String CONTENT="1" HEIGHT="37" HPOS="653" VPOS="677" WIDTH="24" />
<SP />
<String CONTENT="l." CS="1" />
<SP HEIGHT="39" HPOS="735" VPOS="677" WIDTH="63" />
<String CONTENT="19&#189;" CS="1" HEIGHT="40" HPOS="799" VPOS="675" WIDTH="53" />
<String CONTENT="cm" CS="1" HEIGHT="20" HPOS="886" STYLE="superscript" VPOS="678" WIDTH="15" />
<String CONTENT="." HEIGHT="7" HPOS="935" VPOS="708" WIDTH="8" />
</TextLine>
<TextLine HEIGHT="54" HPOS="298" VPOS="725" WIDTH="1666">
<String CONTENT="&#8220;Limited" HEIGHT="41" HPOS="298" VPOS="732" WIDTH="235" />
<SP HEIGHT="38" HPOS="534" VPOS="734" WIDTH="30" />
<String CONTENT="to" HEIGHT="36" HPOS="565" VPOS="736" WIDTH="48" />
<SP HEIGHT="41" HPOS="614" VPOS="731" WIDTH="27" />
<String CONTENT="325" HEIGHT="40" HPOS="642" VPOS="731" WIDTH="85" />
<SP HEIGHT="39" HPOS="728" VPOS="732" WIDTH="28" />
<String CONTENT="signed" HEIGHT="48" HPOS="757" VPOS="731" WIDTH="165" />
<SP HEIGHT="39" HPOS="923" VPOS="732" WIDTH="29" />
<String CONTENT="copies" HEIGHT="47" HPOS="953" VPOS="731" WIDTH="157" />
<SP HEIGHT="28" HPOS="1111" VPOS="741" WIDTH="29" />
<String CONTENT="of" HEIGHT="39" HPOS="1141" VPOS="730" WIDTH="50" />
<SP HEIGHT="38" HPOS="1192" VPOS="730" WIDTH="28" />
<String CONTENT="which" HEIGHT="39" HPOS="1221" VPOS="729" WIDTH="156" />
<SP HEIGHT="39" HPOS="1378" VPOS="729" WIDTH="29" />
<String CONTENT="this" HEIGHT="40" HPOS="1408" VPOS="728" WIDTH="98" />
<SP HEIGHT="39" HPOS="1507" VPOS="729" WIDTH="29" />
<String CONTENT="is" HEIGHT="39" HPOS="1537" VPOS="729" WIDTH="40" />
<SP HEIGHT="28" HPOS="1578" VPOS="740" WIDTH="29" />
<String CONTENT="number" HEIGHT="41" HPOS="1608" VPOS="727" WIDTH="201" />
<SP HEIGHT="38" HPOS="1810" VPOS="728" WIDTH="28" />
<String CONTENT="127.&#8221;" HEIGHT="41" HPOS="1839" VPOS="725" WIDTH="125" />
</TextLine>
<TextLine HEIGHT="41" HPOS="298" VPOS="788" WIDTH="182">
<String CONTENT="Poems." HEIGHT="41" HPOS="298" VPOS="788" WIDTH="182" />
</TextLine>
<TextLine HEIGHT="54" HPOS="234" VPOS="853" WIDTH="1983">
<String CONTENT="&#169;" HEIGHT="51" HPOS="234" VPOS="856" WIDTH="50" />
<SP HEIGHT="51" HPOS="285" VPOS="856" WIDTH="34" />
<String CONTENT="Oct." HEIGHT="40" HPOS="320" VPOS="860" WIDTH="101" />
<SP HEIGHT="39" HPOS="422" VPOS="860" WIDTH="30" />
<String CONTENT="23," HEIGHT="46" HPOS="453" VPOS="860" WIDTH="69" />
<SP HEIGHT="45" HPOS="523" VPOS="861" WIDTH="32" />
<String CONTENT="1933;" HEIGHT="47" HPOS="556" VPOS="859" WIDTH="140" />
<SP HEIGHT="46" HPOS="697" VPOS="860" WIDTH="34" />
<String CONTENT="2c." HEIGHT="39" HPOS="732" VPOS="860" WIDTH="67" />
<SP HEIGHT="39" HPOS="800" VPOS="860" WIDTH="33" />
<String CONTENT="Jan." HEIGHT="38" HPOS="834" VPOS="860" WIDTH="106" />
<SP HEIGHT="37" HPOS="941" VPOS="860" WIDTH="34" />
<String CONTENT="11." HEIGHT="39" HPOS="976" VPOS="859" WIDTH="68" />
<SP HEIGHT="40" HPOS="1045" VPOS="858" WIDTH="32" />
<String CONTENT="1934;" HEIGHT="47" HPOS="1078" VPOS="856" WIDTH="139" />
<SP HEIGHT="35" HPOS="1218" VPOS="868" WIDTH="36" />
<String CONTENT="aff." HEIGHT="40" HPOS="1255" VPOS="857" WIDTH="81" />
<SP HEIGHT="40" HPOS="1337" VPOS="857" WIDTH="34" />
<String CONTENT="Jan." HEIGHT="39" HPOS="1372" VPOS="857" WIDTH="107" />
<SP HEIGHT="39" HPOS="1480" VPOS="857" WIDTH="34" />
<String CONTENT="9:" HEIGHT="39" HPOS="1515" VPOS="857" WIDTH="51" />
<SP HEIGHT="39" HPOS="1567" VPOS="856" WIDTH="35" />
<String CONTENT="A" HEIGHT="39" HPOS="1603" VPOS="856" WIDTH="42" />
<SP HEIGHT="39" HPOS="1646" VPOS="856" WIDTH="31" />
<String CONTENT="68832;" HEIGHT="46" HPOS="1678" VPOS="856" WIDTH="168" />
<SP HEIGHT="46" HPOS="1847" VPOS="856" WIDTH="36" />
<String CONTENT="L." HEIGHT="38" HPOS="1884" VPOS="856" WIDTH="50" />
<SP HEIGHT="37" HPOS="1935" VPOS="857" WIDTH="32" />
<String CONTENT="D." HEIGHT="37" HPOS="1968" VPOS="857" WIDTH="56" />
<SP HEIGHT="38" HPOS="2025" VPOS="856" WIDTH="35" />
<String CONTENT="Bevis," HEIGHT="49" HPOS="2061" VPOS="853" WIDTH="156" />
</TextLine>
<TextLine HEIGHT="49" HPOS="301" VPOS="915" WIDTH="719">
<String CONTENT="Arcadia," HEIGHT="45" HPOS="301" VPOS="917" WIDTH="225" />
<SP HEIGHT="45" HPOS="527" VPOS="917" WIDTH="29" />
<String CONTENT="Calif." HEIGHT="41" HPOS="557" VPOS="916" WIDTH="144" />
<SP HEIGHT="48" HPOS="702" VPOS="916" WIDTH="68" />
<String CONTENT="(34-1249)" HEIGHT="49" HPOS="771" VPOS="915" WIDTH="249" />
</TextLine>
<TextLine HEIGHT="66" HPOS="230" STYLEREFS="StyleId-84896439-ECF3-4BA9-A4DA-9509DFF82C05-" VPOS="1030" WIDTH="1319">
<String CONTENT="Bittle," HEIGHT="66" HPOS="230" VPOS="1030" WIDTH="200" />
<SP HEIGHT="62" HPOS="431" VPOS="1034" WIDTH="28" />
<String CONTENT="Ceiestine" HEIGHT="53" HPOS="460" VPOS="1033" WIDTH="291" />
<SP HEIGHT="52" HPOS="752" VPOS="1034" WIDTH="25" />
<String CONTENT="Nicholas" HEIGHT="53" HPOS="778" VPOS="1032" WIDTH="280" />
<SP HEIGHT="52" HPOS="1059" VPOS="1032" WIDTH="28" />
<String CONTENT="Charles," HEIGHT="63" HPOS="1088" VPOS="1031" WIDTH="260" />
<SP HEIGHT="58" HPOS="1349" VPOS="1036" WIDTH="29" />
<String CONTENT="1884&#8212;" HEIGHT="49" HPOS="1379" VPOS="1034" WIDTH="170" />
</TextLine>
<TextLine HEIGHT="70" HPOS="303" STYLEREFS="StyleId-96CFFEE7-E7DC-4D73-A454-5FFE07D1E426-" VPOS="1106" WIDTH="1914">
<String CONTENT="A" HEIGHT="52" HPOS="303" VPOS="1108" WIDTH="52" />
<SP HEIGHT="52" HPOS="356" VPOS="1108" WIDTH="39" />
<String CONTENT="romance" HEIGHT="36" HPOS="396" VPOS="1126" WIDTH="258" />
<SP HEIGHT="34" HPOS="655" VPOS="1128" WIDTH="38" />
<String CONTENT="of" HEIGHT="52" HPOS="694" VPOS="1108" WIDTH="62" />
<SP HEIGHT="51" HPOS="757" VPOS="1108" WIDTH="39" />
<String CONTENT="Lady" HEIGHT="68" HPOS="797" VPOS="1108" WIDTH="161" />
<SP HEIGHT="68" HPOS="959" VPOS="1108" WIDTH="41" />
<String CONTENT="Poverty;" HEIGHT="66" HPOS="1001" VPOS="1108" WIDTH="274" />
<SP HEIGHT="58" HPOS="1276" VPOS="1114" WIDTH="43" />
<String CONTENT="the" HEIGHT="53" HPOS="1320" VPOS="1107" WIDTH="94" />
<SP HEIGHT="53" HPOS="1415" VPOS="1107" WIDTH="38" />
<String CONTENT="history" HEIGHT="67" HPOS="1454" VPOS="1107" WIDTH="219" />
<SP HEIGHT="50" HPOS="1674" VPOS="1124" WIDTH="40" />
<String CONTENT="of" HEIGHT="52" HPOS="1715" VPOS="1106" WIDTH="62" />
<SP HEIGHT="51" HPOS="1778" VPOS="1106" WIDTH="37" />
<String CONTENT="the" HEIGHT="52" HPOS="1816" VPOS="1106" WIDTH="93" />
<SP HEIGHT="49" HPOS="1910" VPOS="1125" WIDTH="40" />
<String CONTENT="province" HEIGHT="68" HPOS="1951" VPOS="1106" WIDTH="266" />
</TextLine>
<TextLine HEIGHT="72" HPOS="233" STYLEREFS="StyleId-96CFFEE7-E7DC-4D73-A454-5FFE07D1E426-" VPOS="1183" WIDTH="1985">
<String CONTENT="of" HEIGHT="52" HPOS="233" VPOS="1186" WIDTH="62" />
<SP HEIGHT="54" HPOS="296" VPOS="1186" WIDTH="30" />
<String CONTENT="St." HEIGHT="54" HPOS="327" VPOS="1186" WIDTH="82" />
<SP HEIGHT="53" HPOS="410" VPOS="1187" WIDTH="33" />
<String CONTENT="Joseph" HEIGHT="69" HPOS="444" VPOS="1186" WIDTH="214" />
<SP HEIGHT="52" HPOS="659" VPOS="1186" WIDTH="31" />
<String CONTENT="of" HEIGHT="52" HPOS="691" VPOS="1186" WIDTH="62" />
<SP HEIGHT="51" HPOS="754" VPOS="1186" WIDTH="28" />
<String CONTENT="the" HEIGHT="51" HPOS="783" VPOS="1186" WIDTH="93" />
<SP HEIGHT="55" HPOS="877" VPOS="1184" WIDTH="32" />
<String CONTENT="Capuchin" HEIGHT="69" HPOS="910" VPOS="1184" WIDTH="296" />
<SP HEIGHT="34" HPOS="1207" VPOS="1202" WIDTH="31" />
<String CONTENT="order" HEIGHT="53" HPOS="1239" VPOS="1184" WIDTH="163" />
<SP HEIGHT="51" HPOS="1403" VPOS="1186" WIDTH="30" />
<String CONTENT="in" HEIGHT="51" HPOS="1434" VPOS="1186" WIDTH="61" />
<SP HEIGHT="46" HPOS="1496" VPOS="1188" WIDTH="31" />
<String CONTENT="the" HEIGHT="53" HPOS="1528" VPOS="1184" WIDTH="96" />
<SP HEIGHT="53" HPOS="1625" VPOS="1185" WIDTH="29" />
<String CONTENT="United" HEIGHT="53" HPOS="1655" VPOS="1185" WIDTH="215" />
<SP HEIGHT="54" HPOS="1871" VPOS="1183" WIDTH="34" />
<String CONTENT="States," HEIGHT="67" HPOS="1906" VPOS="1183" WIDTH="206" />
<SP HEIGHT="66" HPOS="2113" VPOS="1184" WIDTH="30" />
<String CONTENT="by" HEIGHT="68" HPOS="2144" VPOS="1184" WIDTH="74" />
</TextLine>
<TextLine CS="1" HEIGHT="69" HPOS="229" STYLEREFS="StyleId-96CFFEE7-E7DC-4D73-A454-5FFE07D1E426-" VPOS="1261" WIDTH="1985">
<String CONTENT="Rev." HEIGHT="53" HPOS="229" VPOS="1264" WIDTH="133" />
<SP HEIGHT="54" HPOS="363" VPOS="1264" WIDTH="25" />
<String CONTENT="Ceiestine" HEIGHT="54" HPOS="389" VPOS="1264" WIDTH="275" />
<SP HEIGHT="51" HPOS="665" VPOS="1264" WIDTH="24" />
<String CONTENT="N." HEIGHT="50" HPOS="690" VPOS="1264" WIDTH="68" />
<SP HEIGHT="50" HPOS="759" VPOS="1264" WIDTH="23" />
<String CONTENT="Bittle," HEIGHT="66" HPOS="783" VPOS="1264" WIDTH="197" />
<SP HEIGHT="49" HPOS="981" VPOS="1281" WIDTH="23" />
<String CONTENT="O." CS="1" HEIGHT="9" HPOS="1043" VPOS="1305" WIDTH="9" />
<SP HEIGHT="34" HPOS="1053" VPOS="1280" WIDTH="25" />
<String CONTENT="M." CS="1" HEIGHT="9" HPOS="1134" VPOS="1305" WIDTH="9" />
<SP HEIGHT="34" HPOS="1144" VPOS="1280" WIDTH="24" />
<String CONTENT="CAP." CS="1" HEIGHT="9" HPOS="1278" VPOS="1304" WIDTH="9" />
<SP HEIGHT="52" HPOS="1288" VPOS="1261" WIDTH="59" />
<String CONTENT="New" HEIGHT="53" HPOS="1348" VPOS="1261" WIDTH="135" />
<SP HEIGHT="51" HPOS="1484" VPOS="1262" WIDTH="26" />
<String CONTENT="York," HEIGHT="68" HPOS="1511" VPOS="1261" WIDTH="175" />
<SP HEIGHT="67" HPOS="1687" VPOS="1262" WIDTH="23" />
<String CONTENT="Milwaukee" HEIGHT="54" HPOS="1711" VPOS="1261" WIDTH="338" />
<SP HEIGHT="49" HPOS="2050" VPOS="1281" WIDTH="27" />
<String CONTENT="[etc.]" CS="1" HEIGHT="61" HPOS="2096" VPOS="1269" WIDTH="118" />
</TextLine>
<TextLine HEIGHT="69" HPOS="229" STYLEREFS="StyleId-96CFFEE7-E7DC-4D73-A454-5FFE07D1E426-" VPOS="1340" WIDTH="1240">
<String CONTENT="The" HEIGHT="52" HPOS="229" VPOS="1343" WIDTH="118" />
<SP HEIGHT="51" HPOS="348" VPOS="1342" WIDTH="32" />
<String CONTENT="Bruce" HEIGHT="52" HPOS="381" VPOS="1342" WIDTH="181" />
<SP HEIGHT="49" HPOS="563" VPOS="1360" WIDTH="32" />
<String CONTENT="publishing" HEIGHT="69" HPOS="596" VPOS="1340" WIDTH="331" />
<SP HEIGHT="49" HPOS="928" VPOS="1358" WIDTH="32" />
<String CONTENT="company" HEIGHT="52" HPOS="961" VPOS="1357" WIDTH="275" />
<SP HEIGHT="49" HPOS="1237" VPOS="1360" WIDTH="39" />
<String CONTENT="[" HEIGHT="34" HPOS="1277" STYLE="subscript" VPOS="1374" WIDTH="13" />
<String CONTENT="c" HEIGHT="21" HPOS="1295" STYLE="superscript" VPOS="1347" WIDTH="17" />
<String CONTENT="1933" HEIGHT="49" HPOS="1318" VPOS="1342" WIDTH="131" />
<String CONTENT="]" HEIGHT="33" HPOS="1456" STYLE="subscript" VPOS="1374" WIDTH="13" />
</TextLine>
<TextLine HEIGHT="48" HPOS="299" VPOS="1413" WIDTH="1085">
<String CONTENT="xxiv," HEIGHT="47" HPOS="299" VPOS="1413" WIDTH="129" />
<SP HEIGHT="47" HPOS="429" VPOS="1413" WIDTH="27" />
<String CONTENT="600" HEIGHT="39" HPOS="457" VPOS="1413" WIDTH="86" />
<SP HEIGHT="48" HPOS="544" VPOS="1413" WIDTH="24" />
<String CONTENT="p." HEIGHT="37" HPOS="569" VPOS="1424" WIDTH="42" />
<SP HEIGHT="39" HPOS="612" VPOS="1414" WIDTH="57" />
<String CONTENT="front.," HEIGHT="46" HPOS="670" VPOS="1414" WIDTH="162" />
<SP HEIGHT="37" HPOS="833" VPOS="1423" WIDTH="30" />
<String CONTENT="plates," HEIGHT="47" HPOS="864" VPOS="1413" WIDTH="168" />
<SP HEIGHT="37" HPOS="1033" VPOS="1423" WIDTH="29" />
<String CONTENT="ports." HEIGHT="45" HPOS="1063" VPOS="1415" WIDTH="146" />
<SP HEIGHT="40" HPOS="1210" VPOS="1413" WIDTH="57" />
<String CONTENT="24" HEIGHT="39" HPOS="1268" VPOS="1413" WIDTH="56" />
<String CONTENT="cm" HEIGHT="21" HPOS="1326" STYLE="superscript" VPOS="1414" WIDTH="44" />
<String CONTENT="." HEIGHT="7" HPOS="1376" VPOS="1446" WIDTH="8" />
</TextLine>
<TextLine HEIGHT="48" HPOS="301" VPOS="1469" WIDTH="1704">
<String CONTENT="&#8220;Critical" HEIGHT="41" HPOS="301" VPOS="1471" WIDTH="230" />
<SP HEIGHT="37" HPOS="532" VPOS="1472" WIDTH="24" />
<String CONTENT="notes&#8221;" HEIGHT="40" HPOS="557" VPOS="1470" WIDTH="165" />
<SP HEIGHT="47" HPOS="723" VPOS="1470" WIDTH="38" />
<String CONTENT="(p." HEIGHT="46" HPOS="762" VPOS="1471" WIDTH="66" />
<SP HEIGHT="39" HPOS="829" VPOS="1471" WIDTH="28" />
<String CONTENT="573-594)" HEIGHT="47" HPOS="858" VPOS="1469" WIDTH="225" />
<SP HEIGHT="46" HPOS="1084" VPOS="1470" WIDTH="34" />
<String CONTENT="include" HEIGHT="39" HPOS="1119" VPOS="1470" WIDTH="190" />
<SP HEIGHT="39" HPOS="1310" VPOS="1471" WIDTH="26" />
<String CONTENT="bibliographical" HEIGHT="48" HPOS="1337" VPOS="1469" WIDTH="401" />
<SP HEIGHT="38" HPOS="1739" VPOS="1472" WIDTH="24" />
<String CONTENT="material." HEIGHT="39" HPOS="1764" VPOS="1472" WIDTH="241" />
</TextLine>
<TextLine CS="1" HEIGHT="50" HPOS="234" VPOS="1542" WIDTH="1986">
<String CONTENT="&#169;" HEIGHT="50" HPOS="234" VPOS="1542" WIDTH="50" />
<SP HEIGHT="50" HPOS="285" VPOS="1542" WIDTH="37" />
<String CONTENT="Dec." HEIGHT="38" HPOS="323" VPOS="1547" WIDTH="110" />
<SP HEIGHT="39" HPOS="434" VPOS="1545" WIDTH="37" />
<String CONTENT="8," HEIGHT="47" HPOS="472" VPOS="1545" WIDTH="38" />
<SP HEIGHT="46" HPOS="511" VPOS="1546" WIDTH="36" />
<String CONTENT="1933;" HEIGHT="46" HPOS="548" VPOS="1545" WIDTH="140" />
<SP HEIGHT="47" HPOS="689" VPOS="1544" WIDTH="37" />
<String CONTENT="2c." HEIGHT="40" HPOS="727" VPOS="1544" WIDTH="66" />
<SP HEIGHT="39" HPOS="794" VPOS="1545" WIDTH="38" />
<String CONTENT="Jan." HEIGHT="38" HPOS="833" VPOS="1545" WIDTH="108" />
<SP HEIGHT="39" HPOS="942" VPOS="1544" WIDTH="37" />
<String CONTENT="6," HEIGHT="46" HPOS="980" VPOS="1544" WIDTH="38" />
<SP HEIGHT="45" HPOS="1019" VPOS="1545" WIDTH="37" />
<String CONTENT="1934;" HEIGHT="39" HPOS="1057" VPOS="1544" WIDTH="140" />
<SP HEIGHT="29" HPOS="1198" VPOS="1554" WIDTH="39" />
<String CONTENT="aff." HEIGHT="39" HPOS="1238" VPOS="1543" WIDTH="81" />
<SP HEIGHT="38" HPOS="1320" VPOS="1544" WIDTH="37" />
<String CONTENT="Jan." HEIGHT="39" HPOS="1358" VPOS="1544" WIDTH="107" />
<SP HEIGHT="40" HPOS="1466" VPOS="1543" WIDTH="38" />
<String CONTENT="5;" HEIGHT="46" HPOS="1505" VPOS="1543" WIDTH="51" />
<SP HEIGHT="45" HPOS="1557" VPOS="1544" WIDTH="38" />
<String CONTENT="A" HEIGHT="38" HPOS="1596" VPOS="1544" WIDTH="42" />
<SP HEIGHT="39" HPOS="1639" VPOS="1544" WIDTH="35" />
<String CONTENT="67866;" HEIGHT="47" HPOS="1675" VPOS="1544" WIDTH="169" />
<SP HEIGHT="46" HPOS="1845" VPOS="1545" WIDTH="41" />
<String CONTENT="Celestine" CS="1" HEIGHT="40" HPOS="1887" VPOS="1545" WIDTH="243" />
<SP HEIGHT="39" HPOS="2131" VPOS="1545" WIDTH="32" />
<String CONTENT="N." HEIGHT="39" HPOS="2164" VPOS="1545" WIDTH="56" />
</TextLine>
<TextLine HEIGHT="49" HPOS="300" VPOS="1600" WIDTH="819">
<String CONTENT="Bittle," HEIGHT="46" HPOS="300" VPOS="1603" WIDTH="164" />
<SP HEIGHT="46" HPOS="465" VPOS="1603" WIDTH="30" />
<String CONTENT="Milwaukee." HEIGHT="39" HPOS="496" VPOS="1602" WIDTH="301" />
<SP HEIGHT="46" HPOS="798" VPOS="1602" WIDTH="71" />
<String CONTENT="(34-1323)" HEIGHT="48" HPOS="870" VPOS="1600" WIDTH="249" />
</TextLine>
<TextLine HEIGHT="65" HPOS="232" STYLEREFS="StyleId-84896439-ECF3-4BA9-A4DA-9509DFF82C05-" VPOS="1720" WIDTH="751">
<String CONTENT="Brashear," HEIGHT="65" HPOS="232" VPOS="1720" WIDTH="315" />
<SP HEIGHT="64" HPOS="548" VPOS="1721" WIDTH="28" />
<String CONTENT="Minnie" HEIGHT="52" HPOS="577" VPOS="1720" WIDTH="221" />
<SP HEIGHT="51" HPOS="799" VPOS="1721" WIDTH="26" />
<String CONTENT="May." HEIGHT="62" HPOS="826" VPOS="1721" WIDTH="157" />
</TextLine>
<TextLine HEIGHT="67" HPOS="299" STYLEREFS="StyleId-96CFFEE7-E7DC-4D73-A454-5FFE07D1E426-" VPOS="1796" WIDTH="1924">
<String CONTENT="Mark" HEIGHT="52" HPOS="299" VPOS="1796" WIDTH="171" />
<SP HEIGHT="51" HPOS="471" VPOS="1796" WIDTH="50" />
<String CONTENT="Twain," HEIGHT="66" HPOS="522" VPOS="1796" WIDTH="218" />
<SP HEIGHT="47" HPOS="741" VPOS="1815" WIDTH="49" />
<String CONTENT="son" HEIGHT="33" HPOS="791" VPOS="1815" WIDTH="100" />
<SP HEIGHT="33" HPOS="892" VPOS="1815" WIDTH="51" />
<String CONTENT="of" HEIGHT="52" HPOS="944" VPOS="1796" WIDTH="63" />
<SP HEIGHT="51" HPOS="1008" VPOS="1796" WIDTH="49" />
<String CONTENT="Missouri," HEIGHT="66" HPOS="1058" VPOS="1796" WIDTH="286" />
<SP HEIGHT="65" HPOS="1345" VPOS="1797" WIDTH="49" />
<String CONTENT="by" HEIGHT="66" HPOS="1395" VPOS="1797" WIDTH="73" />
<SP HEIGHT="66" HPOS="1469" VPOS="1797" WIDTH="49" />
<String CONTENT="Minnie" HEIGHT="53" HPOS="1519" VPOS="1796" WIDTH="221" />
<SP HEIGHT="52" HPOS="1741" VPOS="1797" WIDTH="47" />
<String CONTENT="M." HEIGHT="51" HPOS="1789" VPOS="1797" WIDTH="79" />
<SP HEIGHT="50" HPOS="1869" VPOS="1798" WIDTH="52" />
<String CONTENT="Brashear." HEIGHT="53" HPOS="1922" VPOS="1797" WIDTH="301" />
</TextLine>
<TextLine HEIGHT="68" HPOS="233" STYLEREFS="StyleId-96CFFEE7-E7DC-4D73-A454-5FFE07D1E426-" VPOS="1873" WIDTH="1920">
<String CONTENT="Chapel" HEIGHT="68" HPOS="233" VPOS="1873" WIDTH="216" />
<SP HEIGHT="51" HPOS="450" VPOS="1874" WIDTH="31" />
<String CONTENT="Hill," HEIGHT="67" HPOS="482" VPOS="1874" WIDTH="146" />
<SP HEIGHT="66" HPOS="629" VPOS="1875" WIDTH="30" />
<String CONTENT="The" HEIGHT="53" HPOS="660" VPOS="1874" WIDTH="120" />
<SP HEIGHT="53" HPOS="781" VPOS="1874" WIDTH="32" />
<String CONTENT="University" HEIGHT="67" HPOS="814" VPOS="1874" WIDTH="334" />
<SP HEIGHT="49" HPOS="1149" VPOS="1892" WIDTH="30" />
<String CONTENT="of" HEIGHT="52" HPOS="1180" VPOS="1873" WIDTH="62" />
<SP HEIGHT="52" HPOS="1243" VPOS="1873" WIDTH="30" />
<String CONTENT="North" HEIGHT="51" HPOS="1274" VPOS="1874" WIDTH="185" />
<SP HEIGHT="54" HPOS="1460" VPOS="1873" WIDTH="33" />
<String CONTENT="Carolina" HEIGHT="54" HPOS="1494" VPOS="1873" WIDTH="268" />
<SP HEIGHT="49" HPOS="1763" VPOS="1892" WIDTH="32" />
<String CONTENT="press," HEIGHT="49" HPOS="1796" VPOS="1892" WIDTH="173" />
<SP HEIGHT="62" HPOS="1970" VPOS="1879" WIDTH="33" />
<String CONTENT="1934." HEIGHT="49" HPOS="2004" VPOS="1877" WIDTH="149" />
</TextLine>
<TextLine CS="1" HEIGHT="49" HPOS="299" VPOS="1946" WIDTH="1345">
<String CONTENT="xvi," HEIGHT="48" HPOS="299" VPOS="1947" WIDTH="95" />
<SP HEIGHT="47" HPOS="395" VPOS="1948" WIDTH="30" />
<String CONTENT="294" HEIGHT="40" HPOS="426" VPOS="1947" WIDTH="87" />
<SP HEIGHT="46" HPOS="514" VPOS="1949" WIDTH="29" />
<String CONTENT="p." HEIGHT="36" HPOS="544" VPOS="1959" WIDTH="43" />
<SP HEIGHT="40" HPOS="588" VPOS="1947" WIDTH="57" />
<String CONTENT="front.," HEIGHT="47" HPOS="646" VPOS="1947" WIDTH="163" />
<SP HEIGHT="46" HPOS="810" VPOS="1948" WIDTH="31" />
<String CONTENT="illus." HEIGHT="39" HPOS="842" VPOS="1948" WIDTH="127" />
<SP HEIGHT="46" HPOS="970" VPOS="1947" WIDTH="29" />
<String CONTENT="(maps)" HEIGHT="47" HPOS="1000" VPOS="1947" WIDTH="184" />
<SP HEIGHT="45" HPOS="1185" VPOS="1947" WIDTH="39" />
<String CONTENT="facsims." HEIGHT="40" HPOS="1225" VPOS="1946" WIDTH="214" />
<SP HEIGHT="39" HPOS="1440" VPOS="1947" WIDTH="58" />
<String CONTENT="23&#189;" CS="1" HEIGHT="39" HPOS="1499" VPOS="1947" WIDTH="55" />
<String CONTENT="cm" HEIGHT="20" HPOS="1588" STYLE="superscript" VPOS="1950" WIDTH="41" />
<String CONTENT="." HEIGHT="7" HPOS="1637" VPOS="1980" WIDTH="7" />
</TextLine>
<TextLine HEIGHT="48" HPOS="300" VPOS="2004" WIDTH="679">
<String CONTENT="Illustrated" HEIGHT="41" HPOS="300" VPOS="2006" WIDTH="286" />
<SP HEIGHT="41" HPOS="587" VPOS="2006" WIDTH="28" />
<String CONTENT="lining-papers." HEIGHT="48" HPOS="616" VPOS="2004" WIDTH="363" />
</TextLine>
<TextLine CS="1" HEIGHT="48" HPOS="303" VPOS="2060" WIDTH="996">
<String CONTENT="&#8220;Selected" HEIGHT="41" HPOS="303" VPOS="2061" WIDTH="245" />
<SP HEIGHT="39" HPOS="549" VPOS="2061" WIDTH="31" />
<String CONTENT="bibliography&#8221;" HEIGHT="48" HPOS="581" VPOS="2060" WIDTH="365" />
<SP HEIGHT="40" HPOS="947" VPOS="2060" WIDTH="18" />
<String CONTENT=":" HEIGHT="27" HPOS="966" VPOS="2073" WIDTH="8" />
<SP HEIGHT="36" HPOS="975" VPOS="2072" WIDTH="33" />
<String CONTENT="p." HEIGHT="36" HPOS="1009" VPOS="2072" WIDTH="40" />
<SP HEIGHT="39" HPOS="1050" VPOS="2061" WIDTH="33" />
<String CONTENT="264-284." CS="1" HEIGHT="40" HPOS="1084" VPOS="2060" WIDTH="215" />
</TextLine>
<TextLine HEIGHT="51" HPOS="234" VPOS="2128" WIDTH="1988">
<String CONTENT="&#169;" HEIGHT="51" HPOS="234" VPOS="2128" WIDTH="50" />
<SP HEIGHT="51" HPOS="285" VPOS="2128" WIDTH="26" />
<String CONTENT="Jan." HEIGHT="39" HPOS="312" VPOS="2133" WIDTH="109" />
<SP HEIGHT="39" HPOS="422" VPOS="2133" WIDTH="24" />
<String CONTENT="13." HEIGHT="39" HPOS="447" VPOS="2133" WIDTH="67" />
<SP HEIGHT="37" HPOS="515" VPOS="2133" WIDTH="26" />
<String CONTENT="1934;" HEIGHT="47" HPOS="542" VPOS="2131" WIDTH="140" />
<SP HEIGHT="46" HPOS="683" VPOS="2132" WIDTH="27" />
<String CONTENT="2c." HEIGHT="39" HPOS="711" VPOS="2132" WIDTH="65" />
<SP HEIGHT="38" HPOS="777" VPOS="2132" WIDTH="28" />
<String CONTENT="Jan." HEIGHT="39" HPOS="806" VPOS="2132" WIDTH="109" />
<SP HEIGHT="39" HPOS="916" VPOS="2132" WIDTH="24" />
<String CONTENT="12;" HEIGHT="46" HPOS="941" VPOS="2132" WIDTH="82" />
<SP HEIGHT="36" HPOS="1024" VPOS="2142" WIDTH="28" />
<String CONTENT="aff." HEIGHT="40" HPOS="1053" VPOS="2131" WIDTH="81" />
<SP HEIGHT="39" HPOS="1135" VPOS="2132" WIDTH="27" />
<String CONTENT="Jan." HEIGHT="38" HPOS="1163" VPOS="2132" WIDTH="106" />
<SP HEIGHT="38" HPOS="1270" VPOS="2132" WIDTH="28" />
<String CONTENT="16;" HEIGHT="46" HPOS="1299" VPOS="2131" WIDTH="80" />
<SP HEIGHT="47" HPOS="1380" VPOS="2130" WIDTH="29" />
<String CONTENT="A" HEIGHT="39" HPOS="1410" VPOS="2130" WIDTH="42" />
<SP HEIGHT="40" HPOS="1453" VPOS="2130" WIDTH="24" />
<String CONTENT="68885;" HEIGHT="46" HPOS="1478" VPOS="2131" WIDTH="168" />
<SP HEIGHT="45" HPOS="1647" VPOS="2132" WIDTH="30" />
<String CONTENT="University" HEIGHT="48" HPOS="1678" VPOS="2131" WIDTH="282" />
<SP HEIGHT="36" HPOS="1961" VPOS="2143" WIDTH="25" />
<String CONTENT="of" HEIGHT="38" HPOS="1987" VPOS="2133" WIDTH="51" />
<SP HEIGHT="38" HPOS="2039" VPOS="2132" WIDTH="25" />
<String CONTENT="North" HEIGHT="39" HPOS="2065" VPOS="2131" WIDTH="157" />
</TextLine>
<TextLine HEIGHT="49" HPOS="302" VPOS="2188" WIDTH="725">
<String CONTENT="Carolina" HEIGHT="41" HPOS="302" VPOS="2188" WIDTH="228" />
<SP HEIGHT="38" HPOS="531" VPOS="2199" WIDTH="25" />
<String CONTENT="press." HEIGHT="37" HPOS="557" VPOS="2200" WIDTH="150" />
<SP HEIGHT="48" HPOS="708" VPOS="2188" WIDTH="68" />
<String CONTENT="(34-1259)" HEIGHT="48" HPOS="777" VPOS="2188" WIDTH="250" />
</TextLine>
<TextLine CS="1" HEIGHT="66" HPOS="233" STYLEREFS="StyleId-84896439-ECF3-4BA9-A4DA-9509DFF82C05-" VPOS="2305" WIDTH="851">
<String CONTENT="Br&#225;zdov&#225;," CS="1" HEIGHT="64" HPOS="233" VPOS="2306" WIDTH="322" />
<SP HEIGHT="64" HPOS="556" VPOS="2306" WIDTH="29" />
<String CONTENT="Amelie" HEIGHT="54" HPOS="586" VPOS="2305" WIDTH="226" />
<SP HEIGHT="63" HPOS="813" VPOS="2308" WIDTH="30" />
<String CONTENT="(Posse)" HEIGHT="64" HPOS="844" VPOS="2307" WIDTH="240" />
</TextLine>
<TextLine CS="1" HEIGHT="130" HPOS="232" STYLEREFS="StyleId-96CFFEE7-E7DC-4D73-A454-5FFE07D1E426-" VPOS="2381" WIDTH="1966">
<String CONTENT="Roman" HEIGHT="53" HPOS="302" VPOS="2381" WIDTH="220" />
<SP HEIGHT="32" HPOS="523" VPOS="2401" WIDTH="48" />
<String CONTENT="roundabout," HEIGHT="67" HPOS="572" VPOS="2382" WIDTH="375" />
<SP HEIGHT="66" HPOS="948" VPOS="2383" WIDTH="45" />
<String CONTENT="by" HEIGHT="67" HPOS="994" VPOS="2383" WIDTH="72" />
<SP HEIGHT="68" HPOS="1067" VPOS="2382" WIDTH="44" />
<String CONTENT="Amelie" HEIGHT="53" HPOS="1112" VPOS="2382" WIDTH="220" />
<SP HEIGHT="52" HPOS="1333" VPOS="2383" WIDTH="46" />
<String CONTENT="Posse-Br&#225;zdov&#225;" CS="1" HEIGHT="53" HPOS="1380" VPOS="2383" WIDTH="464" />
<SP HEIGHT="34" HPOS="1881" VPOS="2401" WIDTH="51" />
<String CONTENT="&#8230;" CS="1" />
<SP HEIGHT="47" HPOS="1989" VPOS="2388" WIDTH="51" />
<String CONTENT="translated" HEIGHT="123" HPOS="232" VPOS="2388" WIDTH="1966" />
</TextLine>
<TextLine CS="1" HEIGHT="70" HPOS="419" STYLEREFS="StyleId-96CFFEE7-E7DC-4D73-A454-5FFE07D1E426-" VPOS="2458" WIDTH="1804">
<String CONTENT="from" HEIGHT="52" HPOS="419" VPOS="2459" WIDTH="151" />
<SP HEIGHT="47" HPOS="571" VPOS="2465" WIDTH="31" />
<String CONTENT="the" HEIGHT="52" HPOS="603" VPOS="2460" WIDTH="94" />
<SP HEIGHT="56" HPOS="698" VPOS="2458" WIDTH="33" />
<String CONTENT="Swedish" HEIGHT="56" HPOS="732" VPOS="2458" WIDTH="258" />
<SP HEIGHT="52" HPOS="991" VPOS="2460" WIDTH="31" />
<String CONTENT="by" HEIGHT="68" HPOS="1023" VPOS="2460" WIDTH="74" />
<SP HEIGHT="67" HPOS="1098" VPOS="2461" WIDTH="32" />
<String CONTENT="F." HEIGHT="51" HPOS="1131" VPOS="2461" WIDTH="62" />
<SP HEIGHT="52" HPOS="1194" VPOS="2460" WIDTH="34" />
<String CONTENT="H." HEIGHT="51" HPOS="1229" VPOS="2460" WIDTH="74" />
<SP HEIGHT="50" HPOS="1304" VPOS="2461" WIDTH="34" />
<String CONTENT="Lyon" HEIGHT="67" HPOS="1339" VPOS="2461" WIDTH="161" />
<SP HEIGHT="34" HPOS="1501" VPOS="2478" WIDTH="38" />
<String CONTENT="&#8230;" CS="1" />
<SP HEIGHT="51" HPOS="1596" VPOS="2461" WIDTH="72" />
<String CONTENT="New" HEIGHT="51" HPOS="1669" VPOS="2461" WIDTH="138" />
<SP HEIGHT="52" HPOS="1808" VPOS="2461" WIDTH="34" />
<String CONTENT="York," HEIGHT="68" HPOS="1843" VPOS="2460" WIDTH="179" />
<SP HEIGHT="67" HPOS="2023" VPOS="2461" WIDTH="33" />
<String CONTENT="E." HEIGHT="52" HPOS="2057" VPOS="2461" WIDTH="66" />
<SP HEIGHT="52" HPOS="2124" VPOS="2461" WIDTH="33" />
<String CONTENT="P." HEIGHT="51" HPOS="2158" VPOS="2461" WIDTH="65" />
</TextLine>
<TextLine HEIGHT="70" HPOS="230" STYLEREFS="StyleId-96CFFEE7-E7DC-4D73-A454-5FFE07D1E426-" VPOS="2534" WIDTH="786">
<String CONTENT="Dutton" HEIGHT="56" HPOS="230" VPOS="2534" WIDTH="224" />
<SP HEIGHT="49" HPOS="455" VPOS="2540" WIDTH="27" />
<String CONTENT="&amp;" HEIGHT="49" HPOS="483" VPOS="2540" WIDTH="45" />
<SP HEIGHT="49" HPOS="529" VPOS="2540" WIDTH="26" />
<String CONTENT="co.," HEIGHT="48" HPOS="556" VPOS="2556" WIDTH="98" />
<SP HEIGHT="66" HPOS="655" VPOS="2538" WIDTH="27" />
<String CONTENT="inc." HEIGHT="51" HPOS="683" VPOS="2538" WIDTH="106" />
<SP HEIGHT="34" HPOS="790" VPOS="2570" WIDTH="34" />
<String CONTENT="[" HEIGHT="34" HPOS="825" VPOS="2570" WIDTH="12" />
<String CONTENT="c" HEIGHT="21" HPOS="843" STYLE="superscript" VPOS="2543" WIDTH="16" />
<String CONTENT="1934]" HEIGHT="64" HPOS="865" VPOS="2540" WIDTH="151" />
</TextLine>
<TextLine CS="1" HEIGHT="48" HPOS="301" VPOS="2609" WIDTH="745">
<String CONTENT="v," HEIGHT="37" HPOS="301" VPOS="2619" WIDTH="39" />
<SP />
<String CONTENT="266" HEIGHT="41" HPOS="371" VPOS="2609" WIDTH="86" />
<SP HEIGHT="47" HPOS="458" VPOS="2610" WIDTH="25" />
<String CONTENT="p." HEIGHT="37" HPOS="484" VPOS="2620" WIDTH="42" />
<SP HEIGHT="39" HPOS="527" VPOS="2610" WIDTH="28" />
<String CONTENT="incl." HEIGHT="40" HPOS="556" VPOS="2610" WIDTH="108" />
<SP HEIGHT="40" HPOS="665" VPOS="2610" WIDTH="27" />
<String CONTENT="front." HEIGHT="40" HPOS="693" VPOS="2610" WIDTH="148" />
<SP HEIGHT="39" HPOS="842" VPOS="2610" WIDTH="58" />
<String CONTENT="22&#189;" CS="1" HEIGHT="39" HPOS="901" VPOS="2610" WIDTH="56" />
<String CONTENT="cm" HEIGHT="21" HPOS="989" STYLE="superscript" VPOS="2613" WIDTH="44" />
<String CONTENT="." HEIGHT="7" HPOS="1038" VPOS="2643" WIDTH="8" />
</TextLine>
<TextLine HEIGHT="41" HPOS="303" VPOS="2665" WIDTH="414">
<String CONTENT="&#8220;First" HEIGHT="41" HPOS="303" VPOS="2665" WIDTH="161" />
<SP HEIGHT="36" HPOS="465" VPOS="2670" WIDTH="26" />
<String CONTENT="edition.&#8221;" HEIGHT="40" HPOS="492" VPOS="2666" WIDTH="225" />
</TextLine>
<TextLine HEIGHT="52" HPOS="236" VPOS="2733" WIDTH="1984">
<String CONTENT="&#169;" HEIGHT="51" HPOS="236" VPOS="2733" WIDTH="50" />
<SP HEIGHT="51" HPOS="287" VPOS="2733" WIDTH="29" />
<String CONTENT="Jan." HEIGHT="40" HPOS="317" VPOS="2738" WIDTH="107" />
<SP HEIGHT="40" HPOS="425" VPOS="2738" WIDTH="27" />
<String CONTENT="24," HEIGHT="47" HPOS="453" VPOS="2738" WIDTH="67" />
<SP HEIGHT="46" HPOS="521" VPOS="2739" WIDTH="28" />
<String CONTENT="1934;" HEIGHT="46" HPOS="550" VPOS="2738" WIDTH="141" />
<SP HEIGHT="45" HPOS="692" VPOS="2739" WIDTH="28" />
<String CONTENT="2c." HEIGHT="40" HPOS="721" VPOS="2739" WIDTH="67" />
<SP HEIGHT="40" HPOS="789" VPOS="2739" WIDTH="28" />
<String CONTENT="Jan." HEIGHT="39" HPOS="818" VPOS="2739" WIDTH="106" />
<SP HEIGHT="37" HPOS="925" VPOS="2740" WIDTH="29" />
<String CONTENT="26;" HEIGHT="46" HPOS="955" VPOS="2738" WIDTH="81" />
<SP HEIGHT="35" HPOS="1037" VPOS="2749" WIDTH="30" />
<String CONTENT="aff." HEIGHT="39" HPOS="1068" VPOS="2739" WIDTH="82" />
<SP HEIGHT="39" HPOS="1151" VPOS="2739" WIDTH="27" />
<String CONTENT="Jan." HEIGHT="39" HPOS="1179" VPOS="2739" WIDTH="107" />
<SP HEIGHT="39" HPOS="1287" VPOS="2739" WIDTH="28" />
<String CONTENT="25;" HEIGHT="46" HPOS="1316" VPOS="2738" WIDTH="81" />
<SP HEIGHT="46" HPOS="1398" VPOS="2738" WIDTH="30" />
<String CONTENT="A" HEIGHT="39" HPOS="1429" VPOS="2738" WIDTH="40" />
<SP HEIGHT="39" HPOS="1470" VPOS="2738" WIDTH="27" />
<String CONTENT="69191;" HEIGHT="47" HPOS="1498" VPOS="2738" WIDTH="168" />
<SP HEIGHT="45" HPOS="1667" VPOS="2740" WIDTH="31" />
<String CONTENT="E." HEIGHT="38" HPOS="1699" VPOS="2740" WIDTH="51" />
<SP HEIGHT="38" HPOS="1751" VPOS="2740" WIDTH="30" />
<String CONTENT="P." HEIGHT="37" HPOS="1782" VPOS="2740" WIDTH="49" />
<SP HEIGHT="37" HPOS="1832" VPOS="2740" WIDTH="29" />
<String CONTENT="Dutton" HEIGHT="38" HPOS="1862" VPOS="2740" WIDTH="185" />
<SP HEIGHT="38" HPOS="2048" VPOS="2740" WIDTH="28" />
<String CONTENT="&amp;" HEIGHT="38" HPOS="2077" VPOS="2740" WIDTH="36" />
<SP HEIGHT="39" HPOS="2114" VPOS="2740" WIDTH="25" />
<String CONTENT="co.," HEIGHT="30" HPOS="2140" VPOS="2749" WIDTH="80" />
</TextLine>
<TextLine HEIGHT="49" HPOS="300" VPOS="2793" WIDTH="440">
<String CONTENT="inc." HEIGHT="41" HPOS="300" VPOS="2793" WIDTH="89" />
<SP HEIGHT="46" HPOS="390" VPOS="2796" WIDTH="71" />
<String CONTENT="(33-27497)" HEIGHT="47" HPOS="462" VPOS="2795" WIDTH="278" />
</TextLine>
<TextLine HEIGHT="67" HPOS="238" STYLEREFS="StyleId-84896439-ECF3-4BA9-A4DA-9509DFF82C05-" VPOS="2911" WIDTH="899">
<String CONTENT="Brown," HEIGHT="65" HPOS="238" VPOS="2911" WIDTH="227" />
<SP HEIGHT="62" HPOS="466" VPOS="2914" WIDTH="26" />
<String CONTENT="Thomas" HEIGHT="55" HPOS="493" VPOS="2912" WIDTH="258" />
<SP HEIGHT="52" HPOS="752" VPOS="2915" WIDTH="25" />
<String CONTENT="Kite," HEIGHT="65" HPOS="778" VPOS="2913" WIDTH="157" />
<SP HEIGHT="59" HPOS="936" VPOS="2919" WIDTH="30" />
<String CONTENT="1885-" HEIGHT="48" HPOS="967" VPOS="2919" WIDTH="170" />
</TextLine>
<TextLine CS="1" HEIGHT="129" HPOS="236" STYLEREFS="StyleId-96CFFEE7-E7DC-4D73-A454-5FFE07D1E426-" VPOS="2990" WIDTH="1965">
<String CONTENT="The" HEIGHT="53" HPOS="304" VPOS="2990" WIDTH="119" />
<SP HEIGHT="34" HPOS="424" VPOS="3009" WIDTH="33" />
<String CONTENT="secretary&#8217;s" HEIGHT="68" HPOS="458" VPOS="2991" WIDTH="327" />
<SP HEIGHT="52" HPOS="786" VPOS="2992" WIDTH="34" />
<String CONTENT="desk" HEIGHT="51" HPOS="821" VPOS="2992" WIDTH="136" />
<SP HEIGHT="52" HPOS="958" VPOS="2992" WIDTH="32" />
<String CONTENT="book," HEIGHT="66" HPOS="991" VPOS="2993" WIDTH="162" />
<SP HEIGHT="47" HPOS="1154" VPOS="3012" WIDTH="35" />
<String CONTENT="a" HEIGHT="33" HPOS="1190" VPOS="3012" WIDTH="30" />
<SP HEIGHT="33" HPOS="1221" VPOS="3012" WIDTH="32" />
<String CONTENT="modern" HEIGHT="52" HPOS="1254" VPOS="2993" WIDTH="233" />
<SP HEIGHT="49" HPOS="1488" VPOS="3012" WIDTH="32" />
<String CONTENT="guide" HEIGHT="68" HPOS="1521" VPOS="2993" WIDTH="172" />
<SP HEIGHT="47" HPOS="1694" VPOS="2998" WIDTH="33" />
<String CONTENT="to" HEIGHT="48" HPOS="1728" VPOS="2998" WIDTH="59" />
<SP HEIGHT="34" HPOS="1788" VPOS="3012" WIDTH="33" />
<String CONTENT="correct" HEIGHT="48" HPOS="1822" VPOS="2997" WIDTH="213" />
<SP HEIGHT="51" HPOS="2036" VPOS="2993" WIDTH="31" />
<String CONTENT="English" HEIGHT="126" HPOS="236" VPOS="2993" WIDTH="1965" />
</TextLine>
<TextLine CS="1" HEIGHT="143" HPOS="234" STYLEREFS="StyleId-96CFFEE7-E7DC-4D73-A454-5FFE07D1E426-" VPOS="3069" WIDTH="1966">
<String CONTENT="with" HEIGHT="51" HPOS="379" VPOS="3069" WIDTH="138" />
<SP HEIGHT="52" HPOS="518" VPOS="3069" WIDTH="31" />
<String CONTENT="approved" HEIGHT="66" HPOS="550" VPOS="3070" WIDTH="291" />
<SP HEIGHT="53" HPOS="842" VPOS="3069" WIDTH="32" />
<String CONTENT="forms" HEIGHT="54" HPOS="875" VPOS="3069" WIDTH="180" />
<SP HEIGHT="53" HPOS="1056" VPOS="3070" WIDTH="30" />
<String CONTENT="for" HEIGHT="53" HPOS="1087" VPOS="3070" WIDTH="92" />
<SP HEIGHT="52" HPOS="1180" VPOS="3071" WIDTH="29" />
<String CONTENT="business," HEIGHT="66" HPOS="1210" VPOS="3071" WIDTH="268" />
<SP HEIGHT="46" HPOS="1479" VPOS="3091" WIDTH="30" />
<String CONTENT="official," HEIGHT="65" HPOS="1510" VPOS="3071" WIDTH="215" />
<SP HEIGHT="46" HPOS="1726" VPOS="3090" WIDTH="32" />
<String CONTENT="and" HEIGHT="52" HPOS="1759" VPOS="3071" WIDTH="110" />
<SP HEIGHT="51" HPOS="1870" VPOS="3071" WIDTH="33" />
<String CONTENT="social" HEIGHT="52" HPOS="1904" VPOS="3070" WIDTH="169" />
<SP HEIGHT="49" HPOS="2074" VPOS="3072" WIDTH="33" />
<String CONTENT="correspondence," HEIGHT="124" HPOS="234" VPOS="3088" WIDTH="1966" />
</TextLine>
<TextLine CS="1" HEIGHT="69" HPOS="660" STYLEREFS="StyleId-96CFFEE7-E7DC-4D73-A454-5FFE07D1E426-" VPOS="3148" WIDTH="1562">
<String CONTENT="by" HEIGHT="66" HPOS="660" VPOS="3148" WIDTH="73" />
<SP HEIGHT="66" HPOS="734" VPOS="3148" WIDTH="32" />
<String CONTENT="Thomas" HEIGHT="54" HPOS="767" VPOS="3148" WIDTH="246" />
<SP HEIGHT="53" HPOS="1014" VPOS="3149" WIDTH="31" />
<String CONTENT="Kite" HEIGHT="52" HPOS="1046" VPOS="3149" WIDTH="137" />
<SP HEIGHT="51" HPOS="1184" VPOS="3150" WIDTH="30" />
<String CONTENT="Brown," HEIGHT="65" HPOS="1215" VPOS="3150" WIDTH="227" />
<SP HEIGHT="68" HPOS="1443" VPOS="3149" WIDTH="31" />
<String CONTENT="jr." HEIGHT="68" HPOS="1475" VPOS="3149" WIDTH="70" />
<SP HEIGHT="9" HPOS="1546" VPOS="3191" WIDTH="37" />
<String CONTENT="&#8230;" CS="1" />
<SP HEIGHT="52" HPOS="1640" VPOS="3150" WIDTH="34" />
<String CONTENT="W." HEIGHT="52" HPOS="1675" VPOS="3150" WIDTH="89" />
<SP HEIGHT="54" HPOS="1765" VPOS="3149" WIDTH="33" />
<String CONTENT="J." HEIGHT="54" HPOS="1799" VPOS="3149" WIDTH="55" />
<SP HEIGHT="50" HPOS="1855" VPOS="3150" WIDTH="31" />
<String CONTENT="Pelo," HEIGHT="64" HPOS="1887" VPOS="3150" WIDTH="155" />
<SP HEIGHT="47" HPOS="2043" VPOS="3167" WIDTH="30" />
<String CONTENT="A." CS="1" HEIGHT="10" HPOS="2114" VPOS="3190" WIDTH="9" />
<SP HEIGHT="34" HPOS="2124" VPOS="3166" WIDTH="32" />
<String CONTENT="M." CS="1" HEIGHT="10" HPOS="2213" VPOS="3189" WIDTH="9" />
</TextLine>
<TextLine CS="1" HEIGHT="71" HPOS="236" STYLEREFS="StyleId-96CFFEE7-E7DC-4D73-A454-5FFE07D1E426-" VPOS="3224" WIDTH="1986">
<String CONTENT="and" HEIGHT="51" HPOS="236" VPOS="3224" WIDTH="111" />
<SP HEIGHT="53" HPOS="348" VPOS="3224" WIDTH="38" />
<String CONTENT="Violet" HEIGHT="53" HPOS="387" VPOS="3225" WIDTH="193" />
<SP HEIGHT="52" HPOS="581" VPOS="3226" WIDTH="36" />
<String CONTENT="Bender," HEIGHT="65" HPOS="618" VPOS="3225" WIDTH="242" />
<SP HEIGHT="45" HPOS="861" VPOS="3245" WIDTH="36" />
<String CONTENT="A." CS="1" HEIGHT="9" HPOS="939" VPOS="3269" WIDTH="9" />
<SP HEIGHT="33" HPOS="949" VPOS="3245" WIDTH="38" />
<String CONTENT="B." CS="1" HEIGHT="8" HPOS="1026" VPOS="3269" WIDTH="9" />
<SP HEIGHT="50" HPOS="1036" VPOS="3229" WIDTH="74" />
<String CONTENT="Including" HEIGHT="68" HPOS="1111" VPOS="3227" WIDTH="309" />
<SP HEIGHT="66" HPOS="1421" VPOS="3229" WIDTH="37" />
<String CONTENT="The" HEIGHT="51" HPOS="1459" VPOS="3228" WIDTH="120" />
<SP HEIGHT="52" HPOS="1580" VPOS="3229" WIDTH="34" />
<String CONTENT="Winston" HEIGHT="53" HPOS="1615" VPOS="3228" WIDTH="263" />
<SP HEIGHT="34" HPOS="1879" VPOS="3245" WIDTH="38" />
<String CONTENT="simplified" HEIGHT="69" HPOS="1918" VPOS="3226" WIDTH="304" />
</TextLine>
<TextLine CS="1" HEIGHT="72" HPOS="236" STYLEREFS="StyleId-96CFFEE7-E7DC-4D73-A454-5FFE07D1E426-" VPOS="3301" WIDTH="1986">
<String CONTENT="dictionary," HEIGHT="68" HPOS="236" VPOS="3301" WIDTH="339" />
<SP HEIGHT="46" HPOS="576" VPOS="3322" WIDTH="44" />
<String CONTENT="edited" HEIGHT="53" HPOS="621" VPOS="3303" WIDTH="189" />
<SP HEIGHT="52" HPOS="811" VPOS="3304" WIDTH="47" />
<String CONTENT="by" HEIGHT="67" HPOS="859" VPOS="3305" WIDTH="73" />
<SP HEIGHT="67" HPOS="933" VPOS="3305" WIDTH="45" />
<String CONTENT="William" HEIGHT="52" HPOS="979" VPOS="3305" WIDTH="257" />
<SP HEIGHT="50" HPOS="1237" VPOS="3306" WIDTH="46" />
<String CONTENT="D." HEIGHT="50" HPOS="1284" VPOS="3306" WIDTH="71" />
<SP HEIGHT="50" HPOS="1356" VPOS="3306" WIDTH="44" />
<String CONTENT="Lewis" HEIGHT="52" HPOS="1401" VPOS="3306" WIDTH="184" />
<SP HEIGHT="33" HPOS="1586" VPOS="3325" WIDTH="51" />
<String CONTENT="&#8230;" CS="1" />
<SP HEIGHT="34" HPOS="1693" VPOS="3324" WIDTH="51" />
<String CONTENT="and" HEIGHT="52" HPOS="1745" VPOS="3306" WIDTH="109" />
<SP HEIGHT="51" HPOS="1855" VPOS="3306" WIDTH="50" />
<String CONTENT="Edgar" HEIGHT="67" HPOS="1906" VPOS="3306" WIDTH="199" />
<SP HEIGHT="52" HPOS="2106" VPOS="3305" WIDTH="46" />
<String CONTENT="A." HEIGHT="52" HPOS="2153" VPOS="3305" WIDTH="69" />
</TextLine>
<TextLine CS="1" HEIGHT="73" HPOS="237" STYLEREFS="StyleId-96CFFEE7-E7DC-4D73-A454-5FFE07D1E426-" VPOS="3377" WIDTH="1985">
<String CONTENT="Singer" HEIGHT="68" HPOS="237" VPOS="3377" WIDTH="204" />
<SP HEIGHT="33" HPOS="442" VPOS="3398" WIDTH="37" />
<String CONTENT="&#8230;" CS="1" />
<SP HEIGHT="51" HPOS="535" VPOS="3381" WIDTH="73" />
<String CONTENT="Philadelphia," HEIGHT="69" HPOS="609" VPOS="3380" WIDTH="424" />
<SP HEIGHT="67" HPOS="1034" VPOS="3382" WIDTH="30" />
<String CONTENT="Chicago" HEIGHT="68" HPOS="1065" VPOS="3382" WIDTH="252" />
<SP HEIGHT="47" HPOS="1318" VPOS="3402" WIDTH="33" />
<String CONTENT="[etc.]" HEIGHT="61" HPOS="1352" VPOS="3388" WIDTH="137" />
<SP HEIGHT="63" HPOS="1490" VPOS="3386" WIDTH="36" />
<String CONTENT="The" HEIGHT="51" HPOS="1527" VPOS="3385" WIDTH="119" />
<SP HEIGHT="53" HPOS="1647" VPOS="3385" WIDTH="30" />
<String CONTENT="John" HEIGHT="54" HPOS="1678" VPOS="3384" WIDTH="153" />
<SP HEIGHT="55" HPOS="1832" VPOS="3383" WIDTH="33" />
<String CONTENT="C." HEIGHT="55" HPOS="1866" VPOS="3383" WIDTH="63" />
<SP HEIGHT="52" HPOS="1930" VPOS="3385" WIDTH="28" />
<String CONTENT="Winston" HEIGHT="52" HPOS="1959" VPOS="3385" WIDTH="263" />
</TextLine>
<TextLine CS="1" HEIGHT="62" HPOS="232" STYLEREFS="StyleId-96CFFEE7-E7DC-4D73-A454-5FFE07D1E426-" VPOS="3462" WIDTH="492">
<String CONTENT="company" HEIGHT="49" HPOS="232" VPOS="3474" WIDTH="277" />
<SP HEIGHT="48" HPOS="510" VPOS="3476" WIDTH="41" />
<String CONTENT="[" HEIGHT="33" HPOS="552" STYLE="subscript" VPOS="3491" WIDTH="11" />
<String CONTENT="c" HEIGHT="21" HPOS="570" STYLE="superscript" VPOS="3465" WIDTH="16" />
<String CONTENT="1933]" CS="1" HEIGHT="48" HPOS="593" VPOS="3462" WIDTH="131" />
</TextLine>
<TextLine CS="1" HEIGHT="52" HPOS="301" VPOS="3529" WIDTH="1161">
<String CONTENT="vi," HEIGHT="44" HPOS="301" VPOS="3529" WIDTH="60" />
<SP />
<String CONTENT="327." HEIGHT="41" HPOS="389" VPOS="3530" WIDTH="98" />
<SP HEIGHT="29" HPOS="488" VPOS="3542" WIDTH="26" />
<String CONTENT="xx," HEIGHT="35" HPOS="515" VPOS="3542" WIDTH="80" />
<SP HEIGHT="46" HPOS="596" VPOS="3531" WIDTH="26" />
<String CONTENT="940" HEIGHT="40" HPOS="623" VPOS="3531" WIDTH="84" />
<SP HEIGHT="48" HPOS="708" VPOS="3532" WIDTH="26" />
<String CONTENT="p." HEIGHT="37" HPOS="735" VPOS="3543" WIDTH="42" />
<SP HEIGHT="38" HPOS="778" VPOS="3533" WIDTH="54" />
<String CONTENT="illus.," HEIGHT="45" HPOS="833" VPOS="3533" WIDTH="143" />
<SP HEIGHT="33" HPOS="977" VPOS="3545" WIDTH="27" />
<String CONTENT="col." HEIGHT="39" HPOS="1005" VPOS="3535" WIDTH="84" />
<SP HEIGHT="36" HPOS="1090" VPOS="3545" WIDTH="29" />
<String CONTENT="plates." HEIGHT="46" HPOS="1120" VPOS="3535" WIDTH="167" />
<SP HEIGHT="39" HPOS="1288" VPOS="3534" WIDTH="57" />
<String CONTENT="20" HEIGHT="40" HPOS="1346" VPOS="3534" WIDTH="56" />
<String CONTENT="cm" HEIGHT="21" HPOS="1404" STYLE="superscript" VPOS="3537" WIDTH="44" />
<String CONTENT="." HEIGHT="7" HPOS="1455" VPOS="3567" WIDTH="7" />
</TextLine>
<TextLine HEIGHT="54" HPOS="298" VPOS="3585" WIDTH="1925">
<String CONTENT="The" HEIGHT="41" HPOS="298" VPOS="3585" WIDTH="101" />
<SP HEIGHT="39" HPOS="400" VPOS="3587" WIDTH="46" />
<String CONTENT="Winston" HEIGHT="40" HPOS="447" VPOS="3587" WIDTH="221" />
<SP HEIGHT="29" HPOS="669" VPOS="3598" WIDTH="47" />
<String CONTENT="simplified" HEIGHT="47" HPOS="717" VPOS="3589" WIDTH="258" />
<SP HEIGHT="38" HPOS="976" VPOS="3592" WIDTH="47" />
<String CONTENT="dictionary" HEIGHT="47" HPOS="1024" VPOS="3590" WIDTH="271" />
<SP HEIGHT="46" HPOS="1296" VPOS="3591" WIDTH="47" />
<String CONTENT="has" HEIGHT="40" HPOS="1344" VPOS="3591" WIDTH="88" />
<SP HEIGHT="28" HPOS="1433" VPOS="3603" WIDTH="48" />
<String CONTENT="special" HEIGHT="48" HPOS="1482" VPOS="3591" WIDTH="179" />
<SP HEIGHT="38" HPOS="1662" VPOS="3593" WIDTH="48" />
<String CONTENT="t.-p." HEIGHT="45" HPOS="1711" VPOS="3593" WIDTH="95" />
<SP HEIGHT="29" HPOS="1807" VPOS="3601" WIDTH="50" />
<String CONTENT="and" HEIGHT="38" HPOS="1858" VPOS="3592" WIDTH="93" />
<SP HEIGHT="38" HPOS="1952" VPOS="3592" WIDTH="48" />
<String CONTENT="separate" HEIGHT="45" HPOS="2001" VPOS="3593" WIDTH="222" />
</TextLine>
<TextLine HEIGHT="46" HPOS="227" VPOS="3641" WIDTH="295">
<String CONTENT="pagination." HEIGHT="46" HPOS="227" VPOS="3641" WIDTH="295" />
</TextLine>
<TextLine HEIGHT="53" HPOS="307" VPOS="3698" WIDTH="1920">
<String CONTENT="Published" HEIGHT="41" HPOS="307" VPOS="3698" WIDTH="257" />
<SP HEIGHT="38" HPOS="565" VPOS="3701" WIDTH="39" />
<String CONTENT="also" HEIGHT="39" HPOS="605" VPOS="3701" WIDTH="103" />
<SP HEIGHT="42" HPOS="709" VPOS="3701" WIDTH="48" />
<String CONTENT="(without" HEIGHT="42" HPOS="758" VPOS="3701" WIDTH="230" />
<SP HEIGHT="39" HPOS="989" VPOS="3703" WIDTH="38" />
<String CONTENT="The" HEIGHT="39" HPOS="1028" VPOS="3702" WIDTH="100" />
<SP HEIGHT="38" HPOS="1129" VPOS="3703" WIDTH="37" />
<String CONTENT="Winston" HEIGHT="41" HPOS="1167" VPOS="3702" WIDTH="219" />
<SP HEIGHT="29" HPOS="1387" VPOS="3714" WIDTH="41" />
<String CONTENT="simplified" HEIGHT="48" HPOS="1429" VPOS="3703" WIDTH="256" />
<SP HEIGHT="39" HPOS="1686" VPOS="3704" WIDTH="40" />
<String CONTENT="dictionary)" HEIGHT="48" HPOS="1727" VPOS="3702" WIDTH="297" />
<SP HEIGHT="45" HPOS="2025" VPOS="3703" WIDTH="49" />
<String CONTENT="under" HEIGHT="40" HPOS="2075" VPOS="3702" WIDTH="152" />
</TextLine>
<TextLine CS="1" HEIGHT="47" HPOS="337" VPOS="3755" WIDTH="749">
<String CONTENT="title" CS="1" />
<SP HEIGHT="36" HPOS="337" VPOS="3755" WIDTH="31" />
<String CONTENT="&#8220;The" HEIGHT="39" HPOS="369" VPOS="3755" WIDTH="126" />
<SP HEIGHT="30" HPOS="496" VPOS="3765" WIDTH="28" />
<String CONTENT="secretary&#8217;s" HEIGHT="45" HPOS="525" VPOS="3757" WIDTH="288" />
<SP HEIGHT="28" HPOS="814" VPOS="3769" WIDTH="30" />
<String CONTENT="manual&#8221;." HEIGHT="40" HPOS="845" VPOS="3757" WIDTH="241" />
</TextLine>
<TextLine HEIGHT="56" HPOS="236" VPOS="3817" WIDTH="1986">
<String CONTENT="&#169;" HEIGHT="51" HPOS="236" VPOS="3817" WIDTH="50" />
<SP HEIGHT="51" HPOS="287" VPOS="3817" WIDTH="29" />
<String CONTENT="Oct." HEIGHT="40" HPOS="317" VPOS="3822" WIDTH="100" />
<SP HEIGHT="38" HPOS="418" VPOS="3825" WIDTH="26" />
<String CONTENT="3." HEIGHT="40" HPOS="445" VPOS="3825" WIDTH="39" />
<SP HEIGHT="40" HPOS="485" VPOS="3825" WIDTH="28" />
<String CONTENT="1933;" HEIGHT="41" HPOS="514" VPOS="3824" WIDTH="139" />
<SP HEIGHT="39" HPOS="654" VPOS="3826" WIDTH="30" />
<String CONTENT="2c." HEIGHT="39" HPOS="685" VPOS="3826" WIDTH="67" />
<SP HEIGHT="28" HPOS="753" VPOS="3837" WIDTH="27" />
<String CONTENT="and" HEIGHT="38" HPOS="781" VPOS="3828" WIDTH="94" />
<SP HEIGHT="38" HPOS="876" VPOS="3828" WIDTH="28" />
<String CONTENT="aff." HEIGHT="40" HPOS="905" VPOS="3826" WIDTH="79" />
<SP HEIGHT="39" HPOS="985" VPOS="3827" WIDTH="30" />
<String CONTENT="Jan." HEIGHT="39" HPOS="1016" VPOS="3827" WIDTH="108" />
<SP HEIGHT="39" HPOS="1125" VPOS="3827" WIDTH="29" />
<String CONTENT="6," HEIGHT="46" HPOS="1155" VPOS="3827" WIDTH="36" />
<SP HEIGHT="45" HPOS="1192" VPOS="3828" WIDTH="30" />
<String CONTENT="1934;" HEIGHT="46" HPOS="1223" VPOS="3827" WIDTH="138" />
<SP HEIGHT="45" HPOS="1362" VPOS="3828" WIDTH="31" />
<String CONTENT="A" HEIGHT="39" HPOS="1394" VPOS="3828" WIDTH="43" />
<SP HEIGHT="39" HPOS="1438" VPOS="3828" WIDTH="25" />
<String CONTENT="68770:" HEIGHT="40" HPOS="1464" VPOS="3828" WIDTH="170" />
<SP HEIGHT="39" HPOS="1635" VPOS="3829" WIDTH="32" />
<String CONTENT="John" HEIGHT="38" HPOS="1668" VPOS="3829" WIDTH="126" />
<SP HEIGHT="38" HPOS="1795" VPOS="3829" WIDTH="28" />
<String CONTENT="C." HEIGHT="38" HPOS="1824" VPOS="3829" WIDTH="47" />
<SP HEIGHT="38" HPOS="1872" VPOS="3829" WIDTH="29" />
<String CONTENT="Winston" HEIGHT="39" HPOS="1902" VPOS="3828" WIDTH="223" />
<SP HEIGHT="29" HPOS="2126" VPOS="3838" WIDTH="28" />
<String CONTENT="co." HEIGHT="30" HPOS="2155" VPOS="3837" WIDTH="67" />
</TextLine>
<TextLine HEIGHT="58" HPOS="304" VPOS="3874" WIDTH="1075">
<String CONTENT="[&#169;" HEIGHT="55" HPOS="304" VPOS="3874" WIDTH="67" />
<SP HEIGHT="51" HPOS="372" VPOS="3874" WIDTH="31" />
<String CONTENT="revisions" HEIGHT="40" HPOS="404" VPOS="3880" WIDTH="235" />
<SP HEIGHT="29" HPOS="640" VPOS="3892" WIDTH="31" />
<String CONTENT="and" HEIGHT="38" HPOS="672" VPOS="3884" WIDTH="94" />
<SP HEIGHT="38" HPOS="767" VPOS="3884" WIDTH="32" />
<String CONTENT="additions]" HEIGHT="49" HPOS="800" VPOS="3883" WIDTH="259" />
<SP HEIGHT="46" HPOS="1060" VPOS="3886" WIDTH="71" />
<String CONTENT="(34-1210)" HEIGHT="48" HPOS="1132" VPOS="3884" WIDTH="247" />
</TextLine>
</TextBlock>
</PrintSpace>
</Page>
</Layout>
</alto>