2350 4196
1093 3991 97 48 135

159 355 159 64 Hoel,
348 353 235 65 Sigurd,
615 356 170 50 1890-

284 425 1795 69 … Veien til verdens ende; roman. Oslo, Gyldendal, 1933.
222 503 742 51 4 p. l., 11-390 p., 1 l. 20 cm .
222 576 205 46 “Fjerde
457 574 182 41 tusen.”

153 641 1994 51 © Nov. 8, 1933; 1c. Dec. 27; A-Foreign 23244; Gyldendal norsk forlag.
232 702 249 50 (34-3482)

156 805 225 64 Horler,
408 805 257 63 Sydney.

223 883 119 53 The
373 883 198 67 prince
599 882 63 54 of
691 883 262 67 plunder.

251 971 59 38 (In
337 967 221 50 Tit-bits,
586 967 110 43 Jan.
726 969 70 48 27,
825 967 117 42 Feb.
970 968 40 48 3,
1041 967 70 49 10,
1142 967 69 49 17,
1241 967 71 47 24,
1344 967 144 49 1934)

156 1036 1995 51 © 1c. each Mar. 15, 1934; A ad int. 18739; pubd. Jan. 20, 26, Feb. 3, 10,
219 1098 81 46 17;
341 1097 42 41 S.
420 1098 190 46 Horler,
646 1097 377 47 Bournemouth,
1062 1098 234 46 England.

152 1201 288 64 Houston,
467 1202 187 62 Percy
680 1202 222 54 Hazen.

220 1277 163 52 Main
410 1284 255 49 currents
694 1279 64 52 of
787 1278 246 68 English
1062 1277 322 69 literature;
1418 1298 30 33 a
1477 1278 153 52 brief
1661 1278 238 67 literary
1929 1280 218 66 history

151 1355 1994 68 of the English people, by Percy Hazen Houston … A new
149 1434 101 66 ed.,
282 1434 337 67 completely
651 1452 111 35 rev.
801 1434 139 53 with
972 1436 96 53 the
1102 1435 303 52 assistance
1437 1434 64 53 of
1535 1433 237 57 Charles
1803 1436 89 52 W.
1928 1434 222 68 Cooper

210 1511 1201 68 … New York, F. S. Crofts & co., 1934.
215 1585 618 49 4 p. l., 3-526 p. 20½c m .
221 1656 1765 48 “First printing, June, 1926 … Revised edition, January, 1934.”
221 1713 247 48 “Reading
496 1715 95 38 and
618 1716 149 45 study
795 1714 110 40 list”:
967 1725 42 37 p.
1038 1715 217 40 453-477.

152 1780 51 51 ©
233 1785 108 40 Feb.
372 1785 36 47 5,
439 1785 140 46 1934;
611 1785 66 40 2c.
707 1786 96 39 and
906 1818 7 7 aff.
943 1786 109 39 Feb.
1085 1785 51 47 8;
1168 1786 42 38 A
1236 1785 171 47 70163;
1441 1786 49 39 F.
1525 1786 43 40 S.
1600 1786 166 40 Crofts
1797 1786 36 40 &
1863 1796 81 36 co.,
1976 1785 91 40 inc.

221 1838 68 53 [©
320 1842 211 40 revision
561 1844 95 40 and
686 1843 250 48 resetting]
1010 1842 250 48 (34-2490)

151 1945 505 56 Houston-Mount
689 1949 251 51 Everest
972 1946 356 65 expedition,
1360 1950 151 50 1933.

217 2022 157 53 First
413 2041 132 34 over
587 2024 267 52 Everest!
936 2024 122 53 The
1097 2024 504 52 Houston-Mount
1642 2023 238 53 Everest
147 2021 1980 147 expedition,
332 2103 151 66 1933,

526 2102 75 68 by
645 2100 514 56 Air-Commodore
1206 2102 65 52 P.
1319 2102 65 52 F.
1432 2102 79 52 M.
1559 2101 295 69 Fellowes,
1899 2120 48 34 d.
1996 2119 41 35 s.
2083 2118 69 50 o.,

149 2175 300 70 Squadron
496 2178 218 54 Leader
761 2180 96 52 the
902 2180 260 68 Marquis
1209 2179 64 54 of
1321 2178 259 70 Douglas
1628 2181 114 51 and
1792 2177 360 70 Clydesdale,

147 2273 65 35 m.
261 2275 68 48 p.,
375 2257 65 53 L.
487 2258 71 53 Y.
609 2257 245 54 Stewart
901 2258 262 68 Blacker,
1248 2300 9 9 O.
1343 2302 9 9 B.
1441 2299 28 27 E.,
1519 2258 113 53 and
1683 2256 236 56 Colonel
1967 2258 66 52 P.
2083 2257 66 52 T.

148 2333 2002 71 Ether ton; foreword by John Buchan … with illustrations
148 2410 151 55 from
333 2413 412 68 photographs.
821 2414 139 53 New
996 2414 179 67 York,
1213 2414 275 53 National
1522 2414 184 53 travel
1743 2413 146 69 club,
1929 2415 149 50 1934.

217 2485 1820 50 3 p. l., 9-264 p. front., plates, ports., maps (part double) 24½c m .
218 2543 286 40 Illustrated
536 2542 360 49 lining-papers.

219 2597 161 43 “First
412 2598 227 41 edition.”

150 2666 1997 54 © Jan. 19, 1934; 2c. and aff. Jan. 31; A 70077; Robert M. McBride &
217 2739 65 29 co.
354 2729 250 49 (34-2505)

149 2832 236 64 Howell,
418 2832 256 55 William
705 2832 356 66 Thompson,
1098 2832 324 53 1873-1916.

149 2910 1990 147 The Hudson highlands; William Thompson Howell. Volume II … [New York, Printed by Lenz & Riecker, inc., c 1934]
217 3063 98 46 viii,
344 3062 83 40 167
454 3074 39 35 p.
551 3063 163 47 front.,
744 3064 23 37 1
796 3065 229 37 mounted
1053 3063 140 46 illus.,
1223 3064 170 46 plates,
1423 3065 149 46 ports.
1630 3062 53 40 23½
1718 3064 44 20 cm
1767 3093 7 8 .

218 3120 225 39 Lettered
468 3131 59 28 on
552 3129 165 36 cover.:
744 3121 99 38 The
869 3121 205 38 Hudson
1099 3120 286 47 highlands;
1413 3120 218 40 William
1656 3120 275 46 Thompson
1958 3118 189 39 Howell

147 3177 264 40 memorial,
467 3186 40 31 v.
536 3178 38 38 2.

151 3243 1994 51 © Jan. 26, 1934; 2c. and aff. Jan. 29; A 69232; F'rederic Delano Weekes,
216 3304 117 40 New
360 3305 143 39 York.

152 3405 265 65 Hulbert,
446 3407 228 53 Archer
701 3410 225 60 Butler,
957 3408 171 53 1873-
1341 3408 84 53 ed.

277 3477 1870 76 … Where rolls the Oregon; prophet and pessimist look
148 3558 352 70 Northwest;
536 3561 206 68 edited,
774 3562 140 52 with
946 3561 482 70 bibliographical
1459 3578 187 36 résumé
1711 3559 329 67 1825-1830,
2068 3556 78 70 by

151 3636 214 54 Archer
402 3639 201 51 Butler
639 3639 278 68 Hulbert;
958 3639 139 53 with
1135 3658 162 49 maps
1335 3639 113 53 and
1486 3636 397 55 illustrations.

150 3633 1971 134 [Colorado
330 3715 263 69 Springs]
641 3717 121 52 The
808 3716 245 55 Stewart
1096 3716 359 54 commission
1499 3715 64 53 of
1607 3714 284 55 Colorado
1934 3712 212 70 college

148 3794 112 51 and
304 3793 262 68 [Denver]
612 3794 121 53 The
771 3795 229 52 Denver
1039 3794 193 68 public
1271 3793 220 69 library
1557 3795 154 64 [1933]

215 3873 77 39 xv,
335 3866 86 39 244
463 3877 42 37 p.
569 3867 162 48 front.,
779 3867 129 41 illus.
939 3868 182 48 (maps)
1175 3867 171 47 plates.
1421 3864 56 41 24½
1510 3868 44 21 cm
1559 3897 9 9 .
1654 3863 269 50 (Overland
1968 3864 49 41 to
2062 3861 83 42 the

150 3918 187 43 Pacific,
398 3932 42 30 v.
468 3920 52 48 3)
