2350 4196
1113 3989 131 49 1103

165 368 176 67 Judy,
371 367 254 57 William
657 368 209 66 Lewis,
901 371 170 50 1891-

239 445 321 68 Principles
600 445 65 53 of
703 447 113 67 dog
852 444 302 68 breeding;
1196 460 31 34 a
1268 439 388 70 presentation
1697 439 65 52 of
1803 438 263 70 heredity
2105 438 62 53 in

171 523 158 68 dogs,
354 524 94 52 the
477 527 269 65 anatomy
773 523 113 53 and
915 520 368 68 functioning
1309 517 65 56 of
1401 517 195 55 sexual
1623 534 225 51 organs,
1877 516 94 54 the
171 516 1972 138 selection
335 601 65 53 of
442 601 333 67 bloodlines,
817 602 112 51 and
972 599 96 53 the
1112 595 440 70 interpretation
1599 595 64 53 of
1705 595 295 69 pedigrees
2068 593 95 70 [by]

171 672 1996 76 Will Judy … illustrations by Bert Hanor. Chicago, Judy
172 756 334 69 publishing
541 774 298 51 company,
873 757 151 51 1934.

239 829 83 47 xii,
357 828 171 41 13-142
560 839 43 38 p.
663 830 127 40 illus.
850 827 146 41 22½cm.

247 885 212 41 “Second
490 886 227 41 edition.”

175 955 53 51 ©
257 960 120 47 Aug.
407 960 39 46 1,
479 958 113 41 1934;
652 959 66 41 2c.
751 960 93 40 and
877 958 80 40 aff.
989 959 119 45 Aug.
1141 957 53 38 25;
1257 956 39 38 A
1329 955 146 40 74645;
1534 954 113 41 Will
1682 956 144 47 Judy,
1859 953 223 49 Chicago.

254 1015 280 50 (34-28994)

168 1131 177 68 Jung,
386 1133 261 66 Eugène,
690 1138 171 49 1863-

300 1207 1637 68 … L’Islam se defend … Paris, Chez l’auteur, 1934.
241 1285 478 48 105 p., 2 l. 23 cm .
177 1353 50 51 ©
259 1358 114 47 May
401 1357 69 47 11,
502 1356 141 48 1934;
707 1368 35 28 1c.
776 1358 113 46 May
920 1357 80 45 18;
1035 1354 310 46 A-Foreign
1376 1354 171 47 24685;
1583 1356 51 37 E.
1669 1355 143 47 Jung,
1845 1352 154 42 Paris.

254 1413 280 50 (34-29145)

171 1529 227 67 Keeler,
434 1532 201 64 Harry
669 1532 280 65 Stephen,
987 1534 170 50 1890-

236 1604 1939 151 The riddle of the traveling skull, by Harry Stephen Keeler … New York,
690 1685 979 67 E. P. Dutton & co., inc. [ c 1934]
245 1757 85 42 288
361 1769 44 38 p.
466 1757 56 41 19½
555 1760 45 22 cm
604 1791 9 9 .

247 1813 72 42 On
350 1818 96 44 t.-p.:
511 1815 187 41 Dutton
729 1815 104 41 clue
861 1816 229 47 mystery.

247 1870 161 42 “First
443 1871 227 41 edition.”

180 1926 50 51 ©
264 1930 125 48 Sept.
421 1931 38 44 1,
489 1928 114 40 1934;
663 1929 64 40 2c.
761 1931 94 38 and
887 1929 81 40 aff.
1002 1929 127 48 Sept.
1160 1929 24 39 5;
1245 1929 40 38 A
1314 1929 143 39 75165:
1519 1929 52 38 E.
1604 1930 50 39 P.
1687 1929 187 39 Dutton
1906 1929 34 38 &
1972 1938 81 37 co.,
2085 1928 89 39 inc.

257 1986 279 48 (34-25936)

172 2105 181 64 Ladd,
384 2105 227 53 Walter
639 2106 353 54 Alexander.

242 2182 211 54 Ladd’s
500 2183 444 52 Massachusetts
992 2182 199 67 digest.
1274 2183 242 53 Volume
1641 2225 8 8 III.
1733 2182 443 53 Massachusetts

177 2259 273 69 Supreme
478 2267 166 48 court
675 2267 239 62 reports,
948 2261 249 52 volumes
1229 2261 241 53 277-283
1504 2261 290 52 inclusive.
1868 2264 147 49 1934.
2087 2264 89 64 By

172 2339 2005 69 Walter Alexander Ladd … Limited ed. Boston, Eugene W.
173 2417 296 68 Hildreth,
500 2421 149 50 1934.

251 2492 522 49 3 p. l. , 180 p. 26 cm .
252 2550 159 39 Blank
440 2559 146 38 pages
616 2551 52 37 at
694 2550 94 38 end
817 2549 79 39 for
924 2552 150 37 notes.

185 2603 50 51 ©
276 2607 127 47 Sept.
442 2605 67 41 12,
548 2605 139 46 1934;
727 2604 66 40 2c.
836 2605 125 48 Sept.
1000 2607 81 44 17;
1123 2605 79 40 aff.
1245 2606 128 47 Sept.
1412 2605 82 47 19;
1536 2607 39 38 A
1614 2605 170 48 76004;
1825 2606 70 40 W.
1935 2605 53 39 A.
2028 2605 150 48 Ladd,

253 2665 196 38 Boston.

180 2780 183 66 Lally,
394 2780 155 54 John
580 2780 262 56 Patrick.

182 2853 1976 149 Anne Herrick [by] John Patrick Lally … New York, Chicago, A. L. Burt company ;[c1934]
258 3008 520 49 2 p. l. , 251 p. 20 cm .
258 3065 1923 42 “Part II of this book was serialized under the titles of ‘Anne and
184 3123 156 40 Peter’
369 3124 95 38 and
494 3121 189 41 ‘Anne’s
711 3121 266 41 mistake’.”

189 3176 1713 109 © Sept. l. 1934; 2c. and aff. Sept. 5; A 74754; A. L. Burt co. (34-25929)
183 3354 81 53 La
297 3355 207 62 Motte,
538 3352 166 54 Ellen
735 3352 300 67 Newbold,
1069 3354 170 53 1873-

254 3432 119 51 The
408 3430 300 53 backwash
745 3429 65 53 of
845 3448 134 45 war,
1013 3430 76 68 by
1126 3431 167 53 Ellen
1330 3432 71 53 N.
1437 3432 83 51 La
1556 3431 199 52 Motte.
1830 3429 139 53 New
2007 3429 179 65 York,
183 3508 67 53 G.
286 3509 64 52 P.
384 3507 296 54 Putnam’s
712 3525 128 36 sons
878 3540 12 34 [
894 3514 19 21 c
919 3510 150 64 1934]

260 3583 49 39 ix
335 3594 57 37 p.,
417 3582 30 40 2
505 3613 8 16 l.,
539 3582 174 41 15-204
737 3593 43 38 p.
835 3583 57 40 18
893 3584 45 22 cm
942 3612 9 9 .

261 3638 1925 51 “First published in the autumn of 1916 … suppressed in the summer
190 3695 1997 47 of 1918 … The sketches were written in 1915 and 1916, when the
192 3753 165 40 writer
383 3763 100 29 was
509 3752 49 40 in
585 3763 27 29 a
642 3753 186 40 French
856 3753 219 49 military
1101 3754 110 40 field
1237 3754 508 49 hospital.”—Introd.

193 3806 50 51 ©
276 3811 118 47 Aug.
428 3810 69 47 24,
530 3809 139 46 1934;
705 3809 65 41 2c.
805 3810 117 47 Aug.
957 3810 81 47 27;
1075 3810 81 41 aff.
1188 3811 119 48 Aug.
1341 3812 81 47 25;
1458 3812 40 39 A
1532 3812 168 46 74665;
1739 3812 53 38 E.
1826 3812 53 38 N.
1916 3810 68 39 La
2020 3810 167 47 Motte,

263 3866 333 45 Washington.
663 3866 278 48 [Copyright
982 3868 40 39 is
1065 3868 201 40 claimed
1309 3880 59 28 on
1409 3869 243 39 foreword
1695 3868 95 39 and
1830 3869 97 38 last
1970 3868 215 47 chapter]

274 3922 279 49 (34-28952)
