2350 4196
1129 4017 131 48 1686

290 453 94 45 xiv,
412 452 84 39 250
524 463 40 35 p.
627 453 141 47 illus.,
798 455 175 46 diagrs.
1039 455 113 39 26cm.

222 504 50 51 ©
298 510 118 45 Aug.
440 507 68 42 29,
536 508 113 40 1934
668 520 8 29 :
703 509 63 39 2c.
799 513 123 43 Sept.
951 512 53 37 17
1025 521 6 29 :
1062 521 78 28 aff.
1173 511 124 45 Sept,
1323 511 52 37 15
1395 521 8 29 :
1430 512 40 35 A
1497 509 141 40 75346
1657 521 8 28 :
1695 508 214 40 William
1937 510 35 39 &
2000 509 206 41 Wilkins

288 576 64 27 co.
425 565 276 46 (34-41795)

220 641 315 63 Manaugh,
571 642 242 53 Francis
846 643 272 53 Andrew.

288 717 207 67 Thirty
548 717 281 52 thousand
884 719 394 52 adventurers;
1335 736 70 32 an
1458 716 275 53 informal
1787 716 305 54 disclosure
2143 721 63 50 of

217 796 383 51 observations
648 796 109 51 and
805 796 352 66 experiences
1205 797 55 50 in
1309 796 249 50 research
1609 796 55 50 in
1711 796 94 50 the
1852 794 224 53 funeral
217 798 1961 141 industry
450 872 90 67 [by]
594 872 61 52 F.
684 874 69 51 A.
782 873 310 68 Manaugh.
1157 875 107 50 Los
1292 874 263 61 Angeles,
1583 872 423 54 Times-mirror
2035 891 170 50 press,

219 953 147 48 1934.

288 1024 951 48 5 p. l., 329 p. front. (port.) 20cm.
219 1075 1985 53 © Nov. 22. 1934: 2c. Nov. 30; aff. Nov, 26: A 77386; F. A. Manaugh,
285 1137 196 46 Laguna
560 1140 130 37 Beach.
725 1136 142 41 Calif.
940 1136 1177 46 (34-41796)10854

216 1209 227 65 Michel,
476 1212 187 63 Virgil
697 1214 243 63 George,
972 1216 209 61 father,
1217 1218 164 47 1890-

282 1288 1919 69 Jesus our Savior, by Dorn Virgil Michel … Dom Basil
216 1365 1987 66 Stegmann … and the Sisters of the Order of St. Dominic,
215 1442 348 67 Marywood,
620 1443 199 55 Grand
874 1445 239 66 Rapids,
1167 1445 323 64 Michigan;
1550 1445 321 51 illustrated
1930 1446 69 63 by
2057 1445 146 51 Kate

215 1521 229 50 Seredy.
520 1521 136 51 New
696 1521 177 64 York,
912 1522 119 51 The
1070 1522 329 52 Macmillan
1440 1540 295 46 company,
1777 1524 148 48 1934.

284 1593 59 39 vi.
375 1591 80 39 134
484 1604 40 35 p.
556 1593 106 39 incl.
692 1594 84 39 col.
805 1594 163 40 front.,
997 1595 85 38 col.
1112 1593 124 40 illus.
1299 1593 112 39 19cm.
1480 1593 296 46 (Half-title:
1804 1595 99 37 The
1932 1595 243 38 Christ-life

212 1650 146 38 series
388 1649 46 38 in
469 1650 214 48 religion,
776 1651 86 39 book
894 1650 49 45 2)

215 1701 51 49 ©
345 1716 70 30 Nov.
449 1706 67 41 20,
551 1704 139 42 1934:
726 1705 65 43 2c.
828 1707 91 38 and
957 1706 80 39 aff,
1073 1707 114 39 Nov.
1223 1705 81 39 21:
1342 1708 37 35 A
1415 1705 141 40 78200;
1621 1706 281 39 Macmillan
1936 1716 64 28 co.

293 1763 277 45 (34-41831)

281 1836 1862 66 The story of God’s love, by Dom Virgil Michel … Dom
210 1912 1967 220 Basil Stegmann … and the Sisters of the Order of St. Dominic, Marywood, Grand Rapids, Michigan; illustrated by Charlotte Becker. New York, The Macmillan company, 1934.
278 2139 80 46 vii,
393 2139 83 40 170
507 2151 41 37 p.
582 2140 108 39 incl.
721 2140 163 47 front.,
917 2139 126 39 illus.
1106 2140 111 38 19cm.
1289 2139 298 47 (half-title:
1615 2140 100 39 The
1747 2137 271 41 Christ-life
2050 2140 148 39 series

208 2197 47 38 in
288 2196 214 47 religion,
564 2197 121 39 book
714 2197 49 46 3)

213 2249 50 51 ©
293 2254 114 38 Nov.
434 2253 67 41 20.
531 2252 137 40 1934:
699 2252 64 39 2c.
795 2253 91 38 and
918 2251 80 41 aff.
1029 2252 116 39 Nov.
1174 2252 47 36 21
1246 2262 6 29 :
1286 2252 37 37 A
1355 2251 133 39 78201
1515 2263 6 29 :
1555 2252 278 38 Macmillan
1864 2262 65 30 co.

288 2308 277 47 (34-41830)

214 2383 252 64 Neilson,
506 2384 260 63 Francis,
807 2389 166 48 1867-

278 2458 342 55 Sociocratic
649 2460 316 66 escapades,
993 2460 72 67 by
1094 2459 237 52 Francis
1360 2459 248 51 Neilson.
1676 2460 135 49 New
1843 2458 179 52 York.
206 2457 1963 134 London.
364 2538 66 54 G.
462 2540 63 50 P.
558 2538 294 52 Putnam’s
880 2556 145 46 sons,
1056 2540 146 48 1934.

278 2608 85 41 319
395 2620 41 36 p.
499 2609 143 41 19½cm.

213 2664 50 50 ©
292 2668 114 39 Nov.
438 2667 66 45 18,
537 2666 136 43 1934;
704 2666 63 40 2c.
800 2666 108 39 Dec.
941 2666 51 41 3:
1025 2665 79 41 aff.
1136 2666 109 39 Dec.
1277 2669 16 35 1
1319 2677 9 28 :
1360 2667 39 37 A
1429 2665 167 41 78396:
1631 2666 51 42 G.
1712 2667 48 39 P.
1792 2664 249 40 Putnam’s
2074 2675 123 29 sons.

288 2725 277 46 (34-41775)

206 2798 205 64 Palon,
444 2798 252 53 William
730 2799 271 60 Andrew,
1038 2803 167 48 1889-
1417 2800 83 51 ed.

278 2874 1862 67 Accountants’ handbook. 2d ed. Edited by W. A. Paton …
211 2956 131 50 New
374 2953 177 62 York,
580 2954 120 51 The
726 2953 226 51 Ronald
982 2971 156 47 press
1168 2970 295 48 company,
1494 2955 148 49 1934.

281 3025 12 35 1
328 3035 39 36 p.
432 3057 6 6 l.,
469 3024 148 37 xxxvi
643 3033 57 37 p.,
726 3026 24 35 1
811 3056 6 6 l.,
848 3022 112 40 1742
989 3033 39 36 p.
1061 3024 104 38 incl.
1198 3023 121 38 illus.
1351 3025 183 44 (maps)
1573 3022 191 46 diagrs.,
1794 3022 164 38 forms.
2019 3018 114 40 19cm.

278 3081 277 39 “Fifteenth
589 3080 258 47 printing.”

277 3137 167 39 “Total
476 3137 130 39 issue
635 3134 228 47 131,000.”

282 3189 1914 49 “This second edition … supersedes the first edition issued in 1923
213 3245 1982 50 under the able editorship of Dr. Earl A. Saliers … the present book,
209 3304 231 47 although
485 3305 121 39 built
652 3315 122 35 upon
821 3305 78 38 the
943 3304 285 39 foundation
1275 3305 50 38 of
1369 3306 79 38 the
1492 3305 176 39 earlier
1714 3305 143 40 work,
1905 3305 38 36 is
1990 3303 43 38 in
2082 3302 112 39 both

208 3363 193 37 content
449 3362 92 37 and
593 3363 338 44 arrangement
979 3372 59 27 an
1090 3361 204 45 entirely
1343 3372 101 28 new
1498 3358 683 49 publication.”—Publishers’

208 3416 120 46 pref.

282 3472 131 39 “List
442 3473 51 37 of
519 3473 235 38 sections”
784 3483 56 28 on
872 3473 355 45 lining-papers.

212 3526 50 51 ©
307 3532 105 37 Dec.
450 3530 37 39 3,
529 3530 139 39 1934:
711 3533 64 38 2c.
818 3531 108 37 Dec.
970 3531 50 39 7:
1064 3532 79 36 aff.
1185 3532 109 39 Dec.
1337 3533 50 38 5:
1431 3533 38 37 A
1511 3532 166 41 77536;
1724 3531 186 40 Ronald
1952 3540 134 37 press
2126 3539 66 30 co.

280 3587 269 47 [Copyright
590 3588 38 36 is
657 3588 201 37 claimed
889 3598 57 26 on
977 3586 108 38 1934
1120 3588 222 46 revision)
1416 3588 278 42 (34-41781)

206 3660 286 62 Polevski,
521 3663 196 62 Jacob,
750 3668 168 48 1884-

206 3738 1963 222 The heart visible; a clinical study in cardiovascular roentgenology in health and disease, by J. Polevski … Philadelphia, F. A. Davis company, 1934.
