2350 4196
1158 4007 97 52 872

232 456 164 51 Koch
432 499 54 8 ...
559 461 44 48 1.
633 457 92 51 bd.
792 459 254 67 Leipzig.
1078 459 561 67 Bibliographisches
1670 461 233 52 institut
1932 481 105 47 ag.,
2069 466 147 49 1934.

306 530 82 46 xii,
415 529 97 47 427,
546 531 52 47 [1]
627 541 42 36 p.
724 533 227 38 mounted
979 533 81 38 col.
1089 532 161 46 front.,
1279 532 141 46 illus.,
1449 534 226 38 mounted
1705 534 85 38 col.
1818 536 161 45 ports.,
2006 534 213 40 facsims.

247 587 133 47 (part
406 588 240 45 mounted,
673 589 114 45 part
811 590 98 43 col.,
937 591 111 45 part
1073 588 142 46 fold.)
1279 588 54 40 26
1337 590 44 21 cm
1387 621 7 8 .

308 641 576 43 “Schriftennachweise”:
945 655 40 29 v.
1019 645 38 46 1,
1088 656 43 36 p.
1160 643 234 50 395-[422]

239 710 50 51 ©
318 716 115 38 Nov.
463 715 68 46 23,
561 715 140 45 1933;
791 748 8 7 1c.
829 716 112 46 May
969 716 39 45 1,
1037 715 138 46 1934;
1206 715 101 38 A-
1308 715 208 47 Foreign
1543 716 169 45 24516;
1746 716 476 48 Bibliographisches

306 772 210 47 institut,
545 782 105 37 a.-g.
720 770 278 51 (34-19005)

236 874 212 65 [Ward,
481 874 231 52 Arthur
743 874 293 67 Sarsfield]

301 950 1917 70 Trail of Fu Manchu, by Sax Rohmer [ pseud.] July 2-6,
232 1031 149 49 1934.

338 1104 62 37 (In
426 1098 201 43 London
654 1098 145 52 Daily
828 1099 198 49 sketch)

237 1169 50 51 ©1c.
412 1174 117 38 each
555 1173 117 47 Aug.
701 1174 39 46 4,
770 1173 139 45 1934;
940 1173 41 38 A
1008 1174 61 38 ad
1097 1173 83 39 int.
1210 1171 169 46 19248;
1410 1172 142 47 pubd.
1583 1172 115 47 July
1726 1173 39 46 2,
1796 1173 39 43 3,
1864 1174 40 46 4,
1936 1173 37 47 5,
2003 1173 52 46 6;
2088 1173 53 41 A.
2175 1176 42 40 S.

303 1231 162 44 Ward,
499 1230 210 39 London.

230 1331 390 64 Washington
650 1332 188 67 digest
862 1333 320 51 annotated.
1249 1335 135 50 1934
1409 1332 343 53 cumulative
1780 1334 209 50 annual
2016 1333 204 67 pocket

298 1415 158 60 parts
494 1453 54 8 ...
591 1410 128 66 [for]
756 1410 134 51 vols.
926 1413 134 48 1-12
1097 1453 54 8 ...
1226 1412 115 53 San
1372 1409 321 66 Francisco,
296 1409 1897 146 Bancroft-Whitney
437 1505 304 50 company;
781 1489 80 54 St.
895 1489 164 66 Paul,
1089 1490 160 52 West
1278 1487 335 68 publishing
1643 1505 76 35 сo.
1758 1521 12 33 [
1775 1493 18 21 c
1798 1489 150 64 1934]

305 1562 54 38 12
422 1594 7 6 v.
485 1562 55 39 25
545 1563 43 21 cm
594 1594 7 8 .

303 1619 154 39 These
486 1618 272 47 pamphlets
790 1628 81 29 are
904 1620 47 38 to
982 1619 59 38 be
1068 1617 136 40 fitted
1231 1617 103 40 into
1367 1618 82 39 the
1480 1618 196 47 pockets
1708 1619 53 38 at
1790 1618 83 39 the
1902 1617 122 39 back
2054 1617 51 41 of
2136 1617 82 41 the

232 1676 214 39 volumes
472 1675 52 39 of
550 1676 80 38 the
658 1677 71 37 set
756 1678 47 36 to
832 1674 156 40 which
1016 1676 113 46 they
1156 1675 180 47 belong.

235 1740 50 51 ©
315 1745 125 39 June
466 1745 67 46 13,
563 1744 140 41 1934;
732 1745 68 39 2c.
828 1745 115 39 each
972 1745 94 38 and
1095 1743 79 40 aff.
1204 1743 118 47 July
1347 1743 81 46 16;
1460 1744 41 38 A
1526 1743 169 46 74216;
1726 1744 133 39 West
1887 1744 109 46 pub.
2025 1754 66 28 сo.
2121 1744 96 38 and

302 1801 486 47 Bancroft-Whitney
813 1812 63 28 сo.

224 1905 164 52 West
421 1904 289 64 Virginia.
784 1906 182 63 Laws,
998 1910 254 60 statutes,
1285 1910 98 46 etc.

298 1984 134 49 1934
457 1981 361 68 supplement
841 1986 57 49 to
927 1982 95 52 the
1049 1984 158 52 West
1233 1980 270 68 Virginia
1531 1980 133 54 code
1692 1981 62 53 of
1784 1983 150 64 1932,
225 1979 1968 148 containing

359 2062 76 49 all
466 2060 96 51 the
593 2061 228 67 general
851 2062 136 50 laws
1020 2060 230 51 enacted
1283 2065 60 47 at
1372 2060 96 51 the
1501 2062 132 50 1933
1667 2059 201 53 second
223 2057 1966 148 extraordinary
402 2137 223 53 session.

697 2138 293 67 Complete
1024 2138 375 52 annotations.
1468 2137 198 54 Under
1700 2137 96 51 the
1829 2136 264 52 editorial
225 2154 1966 127 supervision
544 2215 63 52 of
637 2217 71 51 A.
741 2218 247 50 Hewson
1019 2214 228 67 Michie,
1280 2215 235 52 assisted,
1545 2216 74 65 by
1652 2215 165 55 Chas.
1849 2216 88 53 W.
1974 2213 236 55 Sublett.

227 2290 476 65 Charlottesville,
734 2294 124 61 Va.,
888 2294 120 51 The
1037 2292 210 54 Michie
1277 2311 294 44 company,
1603 2296 148 49 1934.

299 2368 55 40 87
379 2377 45 38 p.
481 2367 54 40 26
540 2369 43 21 cm
590 2399 6 7 .

232 2420 50 51 ©
314 2425 115 47 July
458 2423 67 40 26.
556 2424 113 39 1934;
727 2424 64 39 2c.
825 2425 93 38 and
949 2422 79 40 aff.
1061 2423 114 47 July
1204 2423 56 39 27;
1318 2423 41 38 A
1388 2422 143 41 73621;
1591 2421 177 41 Michie
1798 2433 66 28 сo.

230 2526 205 67 White,
469 2528 202 63 Agnes
700 2526 270 64 Romilly.

297 2604 162 68 Gape
498 2623 133 49 row,
671 2605 75 67 by
786 2603 192 68 Agnes
1018 2602 254 69 Romilly
1311 2604 212 53 White.
1598 2602 256 67 London,
1899 2601 228 68 Selwyn
2166 2604 46 51 &

225 2681 229 69 Blount,
488 2682 104 53 ltd.
631 2684 170 65 [1934]

294 2755 84 40 285
412 2766 43 37 p.
516 2754 55 40 19
574 2757 43 21 cm
622 2788 8 7 .

231 2809 50 51 ©1c.
397 2813 125 39 June
544 2812 38 47 9,
608 2811 114 41 1934;
774 2812 41 38 A
838 2813 60 38 ad
922 2811 85 41 int.
1033 2810 145 41 19020;
1228 2812 143 47 pubd.
1395 2811 113 48 Apr.
1534 2812 54 40 13;
1643 2811 53 40 A.
1722 2812 55 40 R.
1803 2810 175 49 White,
2004 2810 204 49 Belfast,

300 2871 208 38 Ireland.
580 2868 278 49 (34-19674)

225 2971 239 61 Willett,
494 2972 192 55 Hilda.

295 3049 205 52 Found
538 3050 143 66 shot,
719 3050 75 67 by
833 3049 181 52 Hilda
1052 3049 225 53 Willett
1319 3091 55 10 ...
1450 3049 256 67 London,
1748 3048 56 55 S.
1844 3048 147 52 Paul
2030 3050 45 50 &
2112 3065 95 48 сo.,

221 3127 101 52 ltd.
362 3130 170 64 [1934]

293 3199 85 40 288
410 3210 40 37 p.
511 3200 55 40 19
570 3201 44 22 cm
618 3231 9 9 .

229 3253 1976 52 © 1c. May 12, 1934; A ad int. 19030; pubd. Mar. 16; Hilda Mary Willett,
299 3314 318 46 Chislehurst,
647 3314 234 47 England.
952 3313 276 48 (34-19673)

226 3412 197 65 Willis,
453 3416 207 63 Henry
684 3415 241 63 Parker,
957 3417 166 51 1874-

294 3493 119 53 The
457 3493 253 67 banking
755 3490 298 69 situation;
1101 3493 303 52 American
1448 3499 272 61 post-war
1766 3493 279 67 problems
2092 3493 106 52 and

225 3570 435 67 developments,
690 3571 75 66 by
794 3571 74 51 H.
901 3569 216 53 Parker
1147 3570 190 55 Willis
1375 3615 53 9 ...
1465 3572 111 51 and
1608 3573 155 52 John
1792 3571 78 52 M.
1905 3570 296 68 Chapman

229 3689 55 10 ...
363 3647 137 53 New
536 3648 177 65 York,
745 3647 298 55 Columbia
1072 3647 316 68 university
1418 3667 172 48 press,
1623 3653 146 49 1934.

293 3722 129 43 xxvi,
451 3721 84 39 924
562 3732 56 36 p.,
647 3721 25 38 1
700 3721 27 38 1.
757 3721 110 39 incl.
895 3732 148 36 maps,
1073 3719 176 48 diagrs.
1305 3721 144 39 23½cm.

298 3778 161 38 “With
494 3778 80 39 the
609 3777 348 39 collaboration
993 3777 50 38 of
1079 3777 124 38 John
1241 3776 53 40 G.
1329 3777 197 44 Becker,
1563 3778 135 39 Jules
1736 3778 36 39 I.
1808 3778 159 45 Bogen
2009 3808 44 9 ...
2096 3778 106 48 [and

223 3833 314 48 others]”—p.
586 3833 50 47 [ii]

227 3886 50 52 ©
302 3891 124 39 June
449 3890 68 46 30,
542 3891 114 39 1934;
708 3891 64 39 2c.
798 3890 117 47 July
935 3890 55 39 11;
1044 3889 79 40 aff.
1149 3890 114 46 July
1288 3891 23 37 7;
1364 3890 41 38 A
1428 3890 142 39 74181;
1625 3889 250 41 Columbia
1900 3889 129 40 univ.
2054 3898 147 39 press.

305 3946 278 49 (34-19495)
