2350 4196
1144 4006 99 54 687

163 364 213 64 Smith,
409 364 314 64 Augustus
755 364 73 54 H.

233 440 361 66 Economics;
643 458 72 33 an
760 437 389 54 introduction
1192 442 58 46 to
1298 434 400 53 fundamental
1743 434 303 68 problems,
2090 434 74 68 by

166 512 1996 75 Augustus H. Smith … 1st ed. New York and London,
166 596 425 55 McGraw-Hill
621 596 146 52 book
797 612 295 49 company,
1122 594 124 63 inc.,
1281 593 149 50 1934.

235 682 76 36 xv,
353 671 83 39 542
478 681 42 37 p.
582 669 142 48 illus.,
768 669 177 47 diagrs.
1005 667 54 40 21
1064 668 43 21 cm
1113 697 7 8 .
1191 664 300 49 (Half-title:
1532 664 351 40 McGraw-Hill
1925 666 150 40 series
2117 666 50 40 in

166 728 149 41 social
348 729 95 38 and
473 726 305 41 commercial
809 725 210 46 studies)

237 784 376 48 Bibliography:
649 795 42 36 p.
725 783 216 40 503-512.

172 836 1995 54 © May 4, 1934 ; 2c. and aff. May 10; A 71544; McGraw-Hill book co.,
240 899 76 40 inc.
405 897 279 50 (34-15252)

168 1017 304 63 Snowden,
500 1016 193 64 Philip
723 1016 304 63 Snowden,
1057 1020 86 48 1st
1171 1014 274 51 viscount.

235 1094 102 68 My
371 1093 122 55 life.
574 1094 387 66 [Instalments
995 1095 138 63 l]-3.

252 1169 84 47 (In
360 1165 129 42 John
517 1164 125 51 Bull,
671 1164 144 51 April
845 1165 70 49 14,
945 1164 70 49 21,
1045 1163 70 49 28,
1148 1161 142 50 1934)

176 1218 1996 54 © 1c. each June 8, 1934; A ad int. 19018; pubd. Apr. 12, 19, 26; Philip
248 1282 249 46 Snowden,
523 1281 204 47 Tilford,
756 1281 191 46 Surrey,
974 1280 233 47 England.

169 1398 339 65 Somervell,
538 1401 99 52 Sir
666 1400 250 63 Arthur,
949 1401 171 49 1863-

241 1478 119 51 The
405 1478 284 66 compleat
728 1477 242 65 teacher,
1012 1477 74 66 by
1129 1476 225 52 Arthur
1400 1475 328 56 Somervell.
1806 1476 126 53 Vol.
2016 1518 11 25 B,

171 1478 1978 143 Junior 1 … [London] Boosey & co., ltd. [ c 1934]
247 1630 54 39 62
330 1640 42 37 p.
429 1629 130 39 illus.
590 1628 133 48 (incl.
753 1627 178 47 music)
999 1628 54 38 21½
1087 1629 45 21 cm
1137 1660 7 7 .

180 1683 1994 52 © 1c. Apr. 20, 1934; A ad int. 18864; pubd. Apr. 13 ; Boosey & co., ltd.
175 1805 279 66 Stimson,
485 1806 204 62 Henry
719 1805 208 61 Lewis,
961 1807 169 51 1867-

247 1884 350 65 Democracy
632 1884 111 51 and
777 1880 367 54 nationalism
1176 1880 61 51 in
1272 1882 248 66 Europe,
1553 1882 74 66 by
1663 1882 205 66 Henry
1898 1882 65 52 L.
178 1881 1972 133 Stimson.

370 1961 324 64 Princeton,
720 1961 308 52 Princeton
1051 1958 317 68 university
1394 1978 174 47 press,
1596 1962 150 50 1934.

253 2031 1918 50 3 p. l. , 88 p. 22 cm . (Half-title: The Stafford Little lectures for 1934)
252 2089 376 49 Bibliography:
660 2100 43 37 p.
737 2090 189 49 [87]-88.

184 2144 50 51 ©
271 2149 113 46 May
419 2148 69 46 25,
525 2147 140 46 1934;
703 2147 66 39 2c.
808 2148 114 47 May
957 2147 80 42 28;
1077 2147 80 39 aff.
1196 2148 115 46 May
1346 2147 81 45 26;
1467 2148 40 38 A
1544 2147 142 40 72528
1706 2158 8 36 ;
1754 2146 263 42 Princeton
2051 2148 128 40 univ.

252 2215 147 37 press.
476 2204 279 48 (34-15087)

177 2323 223 64 Storer,
435 2323 180 63 Clyde
648 2322 71 55 A.

253 2401 121 51 The
416 2401 274 66 complete
734 2399 427 55 fundamentals
1201 2401 63 52 of
1308 2400 281 67 billiards,
1628 2403 76 65 by
1746 2402 61 55 C.
1853 2402 68 53 A.
1967 2402 211 55 Storer.

188 2477 287 69 [Chicago]
514 2479 272 51 National
819 2479 233 52 billiard
1085 2478 338 54 association
1455 2479 62 52 of
1550 2480 264 52 America
1852 2514 12 33 [
1869 2487 18 20 c
1893 2484 150 63 1934]

257 2549 84 40 112
369 2562 42 37 p.
473 2551 127 39 illus.
631 2551 132 47 (incl.
793 2551 147 48 port.)
977 2552 178 47 diagrs.
1216 2552 55 39 17
1273 2554 44 21 cm
1323 2584 8 8 .

189 2605 50 51 ©
273 2609 113 47 May
417 2609 68 45 23,
519 2608 140 45 1934;
693 2608 67 40 2c.
794 2610 94 38 and
921 2609 82 39 aff.
1037 2610 112 46 May
1180 2610 82 46 28;
1297 2610 41 38 A
1371 2609 171 47 71829;
1577 2611 117 39 Natl.
1741 2609 198 42 billiard
1973 2620 114 30 assn.
2134 2611 52 41 of

258 2665 236 40 America.
569 2664 280 49 (34-15078)

182 2769 324 64 Sullenger,
536 2771 257 52 Thomas
825 2770 157 56 Earl.

276 2846 1847 73 Studies in urban sociology, by T. Earl Sullenger …
193 2958 12 32 L
213 2924 241 67 Omaha]
500 2926 229 50 Bureau
771 2926 61 51 of
873 2926 171 53 social
1084 2928 274 68 research,
1398 2928 322 68 Municipal
1760 2929 322 68 university
2123 2929 62 53 of

191 3001 1893 74 Omaha; New York, N. Y., The Survey, distributors [ c 1933]
260 3076 1251 51 4 p. l. , 157, [1] p. illus. (maps) diagrs. 23 cm .
194 3129 51 51 ©
283 3135 109 38 Dec.
430 3135 39 45 4,
507 3133 141 47 1933;
688 3134 66 39 2c.
791 3135 112 39 Dec.
941 3135 81 46 16;
1062 3136 80 39 aff.
1179 3138 113 39 Dec.
1329 3139 82 45 11;
1452 3139 40 38 A
1529 3139 169 47 68506;
1740 3141 50 39 T.
1830 3142 50 37 E.
1924 3141 264 48 Sullenger,

263 3190 199 46 Omaha,
492 3191 112 38 Neb.
678 3190 280 49 (34-15108)

187 3294 210 63 Trend,
424 3294 155 53 John
607 3294 252 66 Brande,
893 3296 169 54 1887-

264 3372 1923 75 The origins of modern Spain, by J. B. Trend … New York,
195 3449 118 52 The
353 3449 334 52 Macmillan
727 3469 306 49 company;
1080 3453 361 69 Cambridge,
1483 3456 166 67 Eng.,
1690 3458 119 51 The
1851 3458 338 67 University

194 3542 171 51 press,
396 3530 148 50 1934.

269 3598 556 49 5 p. l. , 220 p. 22½ cm .
271 3655 117 40 This
421 3656 122 39 book
575 3657 138 39 takes
745 3667 63 37 up
840 3658 81 40 the
952 3660 173 39 thread
1159 3661 49 38 of
1240 3662 82 38 the
1352 3662 178 40 earlier
1560 3664 227 47 chapters
1822 3664 50 39 of
1907 3664 68 40 “A
2004 3665 188 48 picture

201 3710 50 39 of
283 3712 198 38 modern
519 3712 190 48 Spain”,
740 3714 254 46 published
1027 3716 49 39 in
1107 3717 127 41 1921.
1296 3719 45 39 It
1374 3720 42 39 is
1447 3730 27 29 a
1507 3721 252 39 collection
1792 3721 50 39 of
1872 3732 180 37 essays,
200 3724 1977 83 intimate

355 3770 224 44 personal
605 3769 221 41 sketches
852 3771 50 40 of
928 3772 80 40 the
1035 3774 261 40 reformers
1323 3777 95 39 and
1444 3777 257 40 educators
1727 3777 51 40 of
1804 3778 82 40 the
1912 3779 282 45 generation

200 3820 54 42 of
278 3823 129 42 1868.

203 3876 50 51 ©
282 3881 114 47 May
421 3881 68 40 29.
519 3882 139 46 1934;
689 3883 65 40 2c.
785 3886 95 38 and
908 3885 79 40 aff.
1018 3888 113 46 May
1159 3889 80 44 31;
1271 3890 40 38 A
1340 3890 169 46 71869;
1542 3892 282 40 Macmillan
1852 3904 67 30 co.

280 3937 278 49 (34-15086)
