2350 4196
1104 4004 132 45 1684

257 453 126 39 “The
410 452 221 40 sources”;
689 462 24 26 v.
756 452 39 39 1.
820 461 42 37 p.
969 450 114 49 [11]-19.

191 512 53 51 ©
320 526 70 30 Nov.
421 515 66 40 24.
520 516 136 38 1934:
692 517 63 36 2c.
790 515 116 40 Nov.
938 518 80 37 24:
1050 514 81 42 aff.
1208 524 70 29 Nov.
1310 513 81 40 27:
1424 515 39 36 A
1496 512 168 45 77360;
1701 513 47 38 F.
1785 512 252 47 Harrison,
258 512 1900 101 Belvoir.
446 582 39 29 Va.
559 571 276 46 (34-41772)

189 674 304 64 Harrison,
524 676 135 50 Mrs.
693 676 185 52 Marie
917 674 335 65 (Lemoine)
1293 680 166 48 1880-

258 752 163 51 Bible
457 752 150 66 light
641 770 70 34 on
747 752 282 66 everyday
1066 752 298 66 problems,
1396 751 74 64 by
1505 750 182 52 Marie
1729 750 261 52 Lemoine
188 750 1963 130 Harrison.
420 828 137 52 New
586 829 160 52 York
779 835 136 60 [etc.]
949 829 264 66 Fleming
1240 828 76 52 H.
1345 828 197 51 Revell
1573 844 278 49 company
1886 830 192 62 [c1934]

257 900 25 39 3
308 912 42 36 p.
379 902 13 37 l.,
447 899 156 45 5-245,
635 900 53 49 [2]
717 912 28 37 p
822 901 130 40 19½cm

245 953 1928 49 © Oct. 27. 1934: 2c·. and aff. Nov. 21; A 78210: Fleming H. Revell co.
269 1014 278 46 (34-41829)

191 1102 334 64 Hemleben,
556 1104 302 62 Sylvester
887 1104 172 54 John.

260 1179 262 53 Outlines
585 1180 64 51 of
712 1181 233 51 modern
1012 1180 304 66 European
1381 1179 238 66 history.
1688 1181 307 50 1500-1830
2066 1178 107 67 [by]

192 1256 1989 67 Sylvester John Hemleben, PH . D. (Intended to accompany
191 1333 1989 67 Carlton J. H . Hayes’ A political and cultural history of
191 1413 226 50 modern
462 1412 245 66 Europe,
746 1413 106 50 vol.
896 1412 72 66 1.)
1061 1412 154 66 [New
1254 1412 224 64 Raven,
1520 1410 283 55 Southern
1847 1412 134 51 New
191 1412 1967 128 England
350 1489 379 66 typographic
757 1491 227 52 service,
1015 1489 414 66 incorporated,
1458 1491 173 63 c1934]

258 1564 53 37 57
342 1574 41 35 p.
440 1561 144 41 22½cm.

261 1620 315 38 Interieaved.

260 1676 222 39 Includes
510 1675 390 47 bibliographies.

191 1727 1985 51 © Oct. 27 1934: 2c. and aff. Oct. 30: A 77022: S. J. Hemleben, New
258 1788 139 39 York.
472 1788 276 47 (34-41611)

188 1876 244 58 Horton,
467 1875 222 54 Walter
719 1876 301 64 Marshall,
1058 1883 166 48 1895-

257 1953 1915 66 Realistic theology [by] Waiter Marshall Horton … New
193 2029 155 51 York
378 2031 110 50 and
517 2031 257 54 London,
804 2030 228 67 Harper
1063 2034 43 49 &
1135 2032 272 54 brothers,
1439 2036 150 47 1934.

285 2102 598 47 x p., 1 l., 207 p. 9½cm.
259 2159 1910 47 “A series of lectures given … at the Andover Newton theological
186 2215 173 39 school,
402 2215 194 38 Newton
637 2214 186 41 Center.
863 2214 393 44 Massachusetts,
1295 2228 57 28 on
1391 2218 80 38 the
1510 2216 208 48 Stephen
1802 2229 137 28 Greene
188 2217 1964 93 foundation.”
395 2284 40 35 p.
484 2272 61 47 [vi]

291 2329 123 38 “First
448 2328 225 39 edition.”

192 2395 46 50 ©
316 2410 69 28 Nov.
443 2400 37 38 15.
509 2397 138 40 1934:
678 2403 64 34 2c.
773 2398 90 37 and
896 2396 78 39 aff.
1050 2408 70 30 Nov.
1149 2397 78 40 20:
1259 2401 37 35 A
1327 2397 133 41 77291
1487 2412 6 26 :
1525 2400 193 46 Harper
1744 2401 33 39 &
1839 2411 89 28 bros.

268 2455 276 43 (34-41827)

212 2545 269 60 Howard,
512 2545 256 51 Herbert
800 2544 290 66 Edmund]
1129 2550 166 48 1900-

251 2621 1917 69 Journey downstairs [by] R. Philmore [pseud.] … Garden
189 2700 149 65 City.
421 2744 7 7 N.
458 2700 86 64 Y.,
568 2698 139 52 Pub.
736 2698 92 51 for
851 2700 91 49 the
973 2697 187 54 Crime
1186 2700 140 54 club.
1356 2702 99 51 inc.,
1500 2702 72 66 by
1598 2702 353 54 Doubleday.
1975 2704 191 50 Doran

181 2781 43 47 &
251 2792 293 49 company,
574 2776 124 57 inc.,
728 2778 146 51 1934.

252 2847 547 47 4 p. l ., 312 p. 19½cm.
255 2905 158 38 “First
446 2905 223 38 edition.”

189 2957 51 51 ©
270 2963 107 38 Dec.
408 2963 36 37 5.
475 2962 136 38 1934:
642 2965 65 37 2c.
737 2962 91 38 and
860 2960 77 39 aff.
968 2962 110 39 Dec.
1106 2963 78 38 17:
1217 2964 37 37 A
1285 2963 167 41 77694:
1487 2965 58 42 H.
1577 2966 50 39 E.
1659 2966 227 41 Howard,
1918 2966 241 39 Leicester,

254 3019 230 42 England.
558 3017 277 43 (34-41603)

183 3105 232 64 Jensen,
449 3109 283 62 Bernard,
769 3113 168 49 1905-

253 3185 119 48 The
423 3185 87 65 joy
554 3184 62 49 of
660 3184 190 51 health
895 3186 105 50 and
1049 3185 124 51 how
1215 3192 56 45 to
1316 3189 178 51 attain
1543 3191 61 55 it,
1646 3190 33 51 by
1762 3190 101 53 Dr.
1910 3190 254 52 Bernard

185 3260 1064 68 Jensen … Oakland, Calif. [ 1934]
262 3333 79 39 125
374 3346 38 34 p.
478 3335 142 39 front.
652 3336 170 45 (port.)
865 3337 140 41 illus.,
1041 3339 166 44 plates.
1269 3339 143 40 22½cm.

257 3390 67 39 On
354 3400 164 29 cover:
548 3391 99 39 The
673 3392 79 44 joy
781 3392 51 38 of
860 3392 149 44 living
1036 3395 94 37 and
1159 3396 102 36 how
1291 3399 46 35 to
1365 3397 158 39 attain
1553 3399 50 38 it.

186 3448 1965 92 “Most of the material … I have taken from my radio talks.”—Foreword.
184 3552 51 51 ©
270 3559 108 44 May
459 3576 5 17 15,
512 3558 138 40 1934:
685 3562 63 35 2c.
788 3563 122 43 Sept.
948 3561 79 38 13:
1064 3560 79 40 aff.
1180 3565 123 44 Sept.
1342 3564 78 40 12:
1457 3567 35 37 A
1529 3565 168 42 74906:
1735 3568 174 45 Jorgen
1946 3568 217 38 Bernard

249 3613 190 41 Jensen.
473 3616 232 39 Oakland.
738 3616 141 38 Calif.
952 3617 276 42 (34-41794)

179 3701 183 65 Jesse,
394 3704 315 64 Fryniwyd
743 3707 328 61 Tennyson.

248 3781 43 48 A
335 3780 90 64 pin
464 3791 55 40 to
552 3799 84 36 see
670 3784 91 50 the
798 3784 313 64 peepshow,
1143 3786 69 64 by
1249 3789 62 51 F.
1348 3791 299 64 Tennyson
1683 3793 170 50 Jesse.
1932 3792 224 53 Garden

180 3853 148 67 City.
360 3857 65 50 N.
459 3858 66 51 Y.,
575 3860 351 55 Doubleday.
954 3862 192 50 Doran
1177 3868 40 47 &
1246 3883 293 49 company,
1569 3869 83 51 inc.,
1722 3873 148 48 1934.

246 3931 24 32 6
300 3938 37 35 p.
388 3961 5 6 l.,
434 3929 142 39 3-403
605 3942 39 35 p.
707 3930 143 44 20½cm.
