2350 4196
1117 3989 133 55 1786

287 449 53 41 53
372 461 42 37 p.
474 450 59 39 22½
562 453 44 21 cm
611 481 8 8 .

219 517 1966 109 © Dec. 21, 1934; 2c. and aff. Dec. 24; A 77836 ; A. J. Miller, Bridgehampton,
561 579 55 38 N.
646 579 53 39 Y.
771 578 219 48 (35-760)

219 681 379 65 Montagnon,
629 682 402 64 Barthelemy.

348 756 1856 57 … Néo-socialisrne? Ordre—autorité—nation. Préface et
217 836 1910 67 commentaires de Max Bonnafous. Paris, B. Grasset [ c 1933]
285 906 706 51 4 p. l., 3-140 p., 3 l. 19 cm .
287 979 63 40 At
378 980 124 39 head
532 979 53 40 of
611 979 134 40 title:
781 981 54 39 B.
866 981 308 46 Montagnon,
1204 978 181 40 Adrien
1415 979 237 47 Marqnet,
1685 979 180 39 Marcel
1895 978 140 41 Déat.

288 1036 92 40 “Le
411 1038 133 38 texte
573 1037 82 40 des
687 1037 217 40 discours
935 1046 264 38 prononcés
1226 1045 88 38 par
1342 1036 55 38 B.
1429 1036 309 46 Montagnon,
1766 1034 181 40 Adrien
1978 1036 225 47 Marqnet

217 1094 48 38 et
295 1093 181 40 Marcel
507 1092 128 41 D6at
664 1103 61 29 au
757 1093 208 48 Congrès
996 1093 243 40 socialiste
1270 1094 57 38 de
1355 1092 164 47 juillet
1548 1091 350 41 1933.”—Pref.

216 1160 50 51 ©
299 1164 100 40 Oct.
431 1164 38 47 5,
502 1164 139 48 1933;
675 1165 64 39 1c.
772 1165 107 39 Jan.
911 1164 68 49 23,
1010 1163 141 47 1934;
1183 1164 310 46 A-Foreign
1523 1162 170 48 23462;
1728 1163 222 40 Editions
1982 1163 222 40 Bernard

286 1221 213 40 Grasset.
571 1221 220 49 (35-650)

215 1322 367 67 Mottistone,
612 1325 154 53 John
793 1326 254 53 Edward
1075 1326 265 52 Bernard
1369 1323 188 66 Seely,
1588 1325 193 65 baron,
1811 1328 171 50 1868-

281 1401 102 67 My
436 1403 181 66 horse,
668 1403 279 67 Warrior,
998 1404 76 67 by
1126 1403 155 53 Lord
1333 1403 337 52 Mottistone
1733 1402 274 67 (General
2056 1401 148 55 Jack

216 1479 192 67 Seely)
489 1480 251 67 London,
773 1480 241 52 Hodder
1046 1482 45 49 &
1126 1479 341 68 Stoughton,
1497 1478 122 68 ltd.,
1652 1481 149 50 1934.

285 1553 85 40 160
401 1564 42 36 p.
503 1553 128 40 illus.
691 1554 54 38 21
750 1556 43 21 cm
799 1586 7 8 .

288 1606 1775 50 “The illustrations … are the work of Mr. A. J. Munnings, R. A.”
217 1676 1987 52 © 1c. Dec. 14, 1934; A ad int. 19733; pubd. Oct. 18; J. E. B. Seely, baron
284 1737 297 48 Mottistone,
616 1738 284 39 Mottistone
933 1739 184 46 Manor,
1151 1738 95 39 Isle
1280 1738 51 40 of
1361 1737 179 48 Wight,
1574 1737 234 48 England.

291 1794 220 48 (35-819)

213 1899 630 64 Nettmann-Neurode,
872 1898 183 57 Ruth.

280 1974 331 52 Fröhliches
637 1973 442 68 kinderturnen;
1112 1974 89 53 ein
1228 1974 291 68 purzelein
1548 1979 162 48 tumt
1738 1973 252 54 fröhlich
2018 1974 64 53 in
2109 1972 92 54 die

210 2052 131 52 welt
381 2052 214 68 hinein,
637 2070 111 34 von
790 2052 158 51 Ruth
993 2052 618 67 Neumann-Neurode;
1657 2051 388 69 abbildungen
2088 2068 111 35 von

211 2126 248 56 Christel
488 2127 239 69 Siegert.
789 2128 242 70 Leipzig
1062 2133 136 62 [etc.]
1231 2128 68 55 O.
1327 2129 185 69 Beyer
1545 2162 14 34 [
1563 2135 18 21 c
1587 2132 152 64 1934]

278 2200 57 41 44
359 2211 42 38 p.
465 2202 85 40 col.
578 2201 128 40 illus.
764 2200 58 41 26
825 2203 43 21 cm
872 2233 9 9 .

280 2257 182 41 Music:
489 2268 43 37 p.
559 2256 156 42 41-43.

214 2325 1902 54 © Sept, 6, 1934; 1c. Nov. 10; A-Foreign 26138; Verlag Otto Beyer.
290 2385 220 50 (35-625)

212 2487 178 66 Neve,
417 2489 259 63 Juergen
703 2486 264 66 Ludwig,
997 2494 170 49 1865-

281 2565 245 67 History
558 2565 63 52 of
652 2567 96 51 the
777 2567 293 51 Lutheran
1105 2567 208 52 church
1347 2567 59 50 in
1439 2568 281 66 America,
1751 2568 75 66 by
1857 2570 55 52 J.
1944 2569 63 51 L.
2042 2569 152 51 Neve

273 2641 1921 70 … Prepared for third edition by Willard D. Allbeck … 3d
210 2740 113 35 rev.
351 2723 83 51 ed.
510 2721 365 63 Burlington,
902 2722 103 62 la.,
1032 2722 121 51 The
1176 2723 292 52 Lutheran
1493 2722 238 62 literary
1753 2724 196 60 board,
1977 2728 149 48 1934.

281 2793 86 41 399
393 2805 43 37 p.
495 2793 55 41 19½
583 2796 44 21 cm
631 2823 8 9 .

212 2850 1968 164 “ ‘Brief history of the Lutheran church in America’, in its first edition, English and German, was published in 1903 and 1904 … The publication of the third edition is exclusively in English.”—Foreword.
283 3021 374 49 Bibliography:
691 3032 42 37 p.
766 3021 216 40 370-374.

213 3091 1966 108 © Nov. 1, 1934; 2c. and aff. Nov. 19; A 78618; Willard D. Allbeck, Pittsburgh. (35-777)
208 3249 259 68 Nichols,
495 3251 221 55 Robert
745 3250 207 54 Malise
979 3252 265 64 Bowyer,
1276 3258 170 49 1893-

277 3327 1857 71 Fisbo; or, The looking-glass loaned, by Robert Nichols …
207 3407 257 65 London,
495 3407 88 53 W.
616 3405 378 67 Heinemann,
1028 3408 147 50 1934.

279 3480 83 48 xii,
392 3481 97 46 177,
522 3481 53 49 [3]
607 3490 43 37 p.
712 3480 55 39 23
772 3482 43 21 cm
820 3511 7 8 .

285 3536 68 40 “A
379 3536 168 40 satiric
574 3546 138 36 poem
735 3536 50 39 in
811 3535 91 40 five
927 3535 190 40 books.”

282 3592 147 40 “This
457 3592 183 40 edition
668 3592 260 39 numbered
959 3593 94 38 and
1083 3591 165 48 signed
1277 3593 60 46 by
1367 3593 81 39 the
1478 3594 190 44 author,
1698 3593 42 39 is
1770 3591 188 41 limited
1988 3594 47 38 to
2066 3591 129 49 1,000

210 3649 157 48 copies
400 3648 80 40 for
511 3649 101 39 sale
645 3649 49 38 in
730 3648 149 40 Great
910 3647 194 40 Britain
1137 3650 94 38 and
1266 3649 210 39 Ireland.
1536 3649 212 39 Number
1782 3648 127 40 225.”

284 3704 287 40 “Erratum”
603 3703 94 48 slip
725 3706 228 39 mounted
983 3715 61 29 on
1073 3715 43 37 p.
1150 3704 53 48 G]

281 3761 128 40 “The
435 3761 158 39 works
621 3760 53 40 of
698 3760 182 41 Robert
903 3760 167 39 Nichol
1125 3765 30 35 4
1184 3770 43 37 p.
1257 3760 54 49 [2]
1342 3763 51 37 at
1420 3762 104 39 end.

211 3827 1980 52 © 1c. Dec. 10, 1934; A ad int. 19718; pubd. Oct. 15; Robert Nichols,
276 3888 317 45 Winchelsea,
626 3888 191 45 Sussex,
848 3888 233 45 England.
1153 3886 218 47 (35-873)
