2350 4196
1070 4068 130 48 1391

145 401 286 67 Fletcher,
465 405 205 63 Henry
703 401 333 67 Frederick,
1071 405 170 51 1871-

216 481 228 55 Studies
471 483 59 51 in
556 483 95 52 the
679 483 221 66 history
929 481 63 54 of
1019 480 245 66 Enfield,
1295 479 369 55 Connecticut
1719 481 91 67 [by]
1846 482 201 66 Henry
2083 480 58 51 F.

146 561 274 53 Fletcher.
515 559 324 69 Litchfield,
882 560 197 57 Conn.,
1120 559 242 52 Printed
1404 559 73 67 by
1519 560 94 51 the
1657 559 284 68 Enquirer
1985 577 156 49 press

145 642 191 64 [c1934]

216 712 729 49 2 p. l., 3-26 numb. l. 28cm.
215 772 225 39 Includes
473 771 362 40 “References".

145 827 1978 99 “A sketch of the history of East Wallop, district no. 11 , Enfield, Connecticut": leaves 18-26.
148 940 51 51 ©
230 944 101 39 Oct.
362 944 66 45 11,
460 942 112 40 1034;
630 943 64 39 2c.
728 944 95 38 and
854 954 78 27 aff.
965 942 100 40 Oct.
1097 942 78 39 13:
1209 942 36 38 A
1280 941 167 41 75762;
1533 974 4 5 H.
1574 941 50 41 F.
1657 941 235 46 Fletcher,
215 942 1909 98 Hazardville.
372 1000 145 40 Conn.
590 1000 278 46 (34-33127)

145 1104 300 61 Fontaine,
476 1104 233 53 Arthur
739 1104 332 62 Benjamin,

216 1177 378 71 Subterfuge:
635 1184 44 48 1.
721 1179 53 52 A
812 1180 239 67 critique
1089 1178 64 53 of
1192 1177 228 69 foreign
1457 1179 154 66 isms,
1651 1181 47 50 2.
1740 1179 56 51 A
1835 1178 308 68 developed

145 1258 237 66 parallel
420 1257 248 53 between
705 1259 96 51 the
840 1276 122 34 new
1000 1258 125 51 deal
1164 1256 111 53 and
1312 1257 95 52 the
1443 1256 338 53 communist
1820 1255 324 65 manifesto,

143 1338 46 50 3.
229 1335 94 53 An
364 1337 203 66 exposé
607 1335 63 52 of
708 1336 165 52 brain
914 1341 148 47 trust
1101 1333 617 54 socialist-communist
1760 1334 384 66 associations,

143 1416 46 50 4.
227 1413 55 53 A
319 1413 227 69 linking
586 1413 307 53 disclosure
933 1414 247 52 between
1219 1413 83 52 La
1344 1412 356 53 Folletteism
1740 1414 112 52 and
1893 1412 254 54 socialist

142 1492 338 52 communist
509 1492 425 68 organizations
964 1492 111 52 and
1105 1490 382 54 associations.
1555 1496 44 47 5.
1629 1491 93 52 An
1754 1491 388 53 introduction

141 1574 59 48 to
226 1571 255 52 atheism.
547 1571 90 60 By
665 1569 68 53 A.
763 1571 65 50 B.
857 1569 296 53 Fontaine.
1216 1568 185 55 Green
1431 1570 144 62 Bay,
1602 1570 159 58 Wis.,
1789 1570 120 52 The
1939 1570 205 54 author

148 1651 191 64 [c1934]

216 1719 528 49 3 p. l., 173 p. 20cm.
148 1777 51 50 ©
236 1781 125 47 Sept.
394 1780 69 45 23,
498 1780 140 40 1934:
672 1779 66 41 2c.
772 1781 93 38 and
900 1790 81 29 aff.
1017 1779 100 40 Oct.
1153 1780 49 38 3:
1241 1780 39 37 A
1315 1780 168 38 75634:
1522 1781 51 37 A.
1611 1781 51 37 B.
1700 1779 252 41 Fontaine.
1988 1780 155 40 Green

217 1839 118 46 Bay.
363 1838 114 39 Wis.
550 1837 280 46 (34-33098)

150 1929 244 53 Friends
423 1929 64 52 of
517 1929 116 52 Far
663 1929 257 51 Eastern
950 1932 115 51 art.

273 2005 1872 69 … Exhibition of Chinese art, the Art gallery, Mills college,
144 2085 244 55 October
418 2088 62 48 12
509 2092 57 45 to
596 2085 318 52 November
944 2088 84 63 25,
1060 2087 148 50 1934.
1285 2084 159 53 Mills
1475 2084 248 69 College,
1754 2084 175 55 Calif.
1968 2088 171 64 [1934]

221 2159 49 38 ix
298 2170 54 36 p.,
382 2161 19 36 1
465 2190 7 9 l.,
497 2158 143 39 13-72
666 2169 55 36 p.,
748 2160 23 36 1
820 2192 6 6 l.
887 2159 57 39 48
967 2167 61 37 pl.
1054 2167 59 29 on
1136 2157 54 39 24
1237 2190 6 7 l.
1306 2157 114 41 22cm.

222 2217 71 39 On
317 2227 166 29 cover:
516 2216 208 38 Friends
745 2216 51 38 of
822 2216 95 38 Far
944 2216 207 38 Eastern
1177 2216 90 38 art.
1325 2215 131 39 First
1483 2215 269 40 exhibition
1823 2215 203 41 Chinese
2055 2220 89 36 art.

222 2272 202 41 Preface
449 2272 165 45 signed:
675 2271 170 41 Alfred
874 2272 240 47 Salmony.

149 2327 1992 51 © Oct. 11. 1934: 2c. and aff. Oct. 17; A 75822: Friends of Far Eastern
216 2391 90 36 art.
338 2388 130 39 Mills
500 2389 203 43 College,
735 2387 144 40 Calif.
952 2387 277 46 (34-33688)

147 2476 310 66 Ginzberg,
492 2478 110 65 Eli,
638 2481 171 49 1911-

216 2555 119 52 The
373 2556 170 51 house
582 2554 64 53 of
684 2554 189 53 Adam
913 2553 207 69 Smith,
1160 2555 70 67 by
1272 2555 96 51 Eli
1408 2554 305 69 Ginzberg.
1789 2555 137 52 New
1974 2554 172 66 York,

148 2631 297 54 Columbia
476 2633 316 67 university
823 2651 174 49 press,
1029 2635 148 50 1934.

223 2706 82 39 viii
330 2717 29 36 p
381 2738 6 9 ,
416 2707 25 38 2
489 2738 6 6 l.,
544 2705 174 50 [8]-265
746 2716 55 37 p.,
832 2705 25 38 2
903 2738 7 7 l.
972 2705 148 40 front,
1151 2705 168 47 (port.)
1391 2704 144 41 22½cm.

215 2763 170 40 Issued
409 2764 102 39 also
539 2772 54 29 as
619 2763 152 39 thesis
809 2763 105 47 (PH.
973 2765 32 44 D.)
1045 2762 248 41 Columbia
1321 2762 285 47 university.

218 2819 86 40 “In
331 2823 110 44 part
469 2831 100 35 one,
600 2821 82 39 the
710 2821 207 45 attempt
944 2820 89 38 has
1063 2819 114 40 been
1204 2820 138 40 made
1374 2822 47 37 to
1454 2821 299 39 reconstruct
1785 2822 93 37 and
1911 2821 235 46 interpret

147 2877 79 40 the
314 2877 134 40 Wealth
478 2877 50 39 of
558 2876 431 40 nations.”—Pref.

250 2933 312 47 Bibliography
596 2934 219 39 included
849 2933 47 39 in
928 2933 204 40 “Notes”:
1193 2943 41 37 p.
1272 2932 246 51 (245]-265.

153 2989 50 50 ©
235 2993 99 39 Oct.
396 3024 7 10 6,
434 2993 139 38 1934:
606 2995 65 36 2c.
704 2992 99 38 Oct.
836 2993 47 36 11:
950 2992 80 39 aff.
1063 2992 99 40 Oct.
1239 3004 7 28 9:
1281 2994 39 36 A
1351 2992 167 42 75721;
1554 2993 250 40 Columbia
1838 2994 127 39 univ.
1997 3004 147 36 press.

228 3049 279 48 (34-33101)

150 3141 218 64 Govan,
402 3144 135 50 Mrs.
573 3141 301 53 Christine
905 3141 202 54 Noble.

219 3219 183 52 Those
439 3219 292 52 Plummer
769 3217 274 67 children,
1082 3220 71 65 by
1192 3219 288 55 Christine
1518 3220 181 52 Noble
1735 3219 230 65 Govan;
2007 3220 134 51 with

152 3295 374 55 illustrations
593 3297 72 66 by
735 3297 160 52 Alice
967 3296 216 68 Caddy.
1297 3300 213 50 Boston
1581 3299 111 51 and
1761 3299 137 51 New
1972 3298 173 67 York,

152 3376 313 66 Houghton
499 3373 202 55 Mifflin
733 3392 296 51 company,
1064 3379 145 49 1934.

220 3448 994 49 4 p. l. , 196 p. incl. front., illus. 21cm.
226 3508 90 38 Illu
323 3518 21 27 s
350 3510 18 37 t
377 3517 99 29 rate
483 3508 24 37 d
545 3506 32 38 li
584 3506 44 38 ni
636 3515 242 38 ng-paper.

154 3560 1970 107 © Oct. 10. 1034: 2c. Oct. 26: aff. Oct. 23: A 75942: C. N. Govan, Chattanooga. (34-35314)
153 3708 213 67 Gregg,
401 3711 257 53 Richard
690 3708 279 64 Bartlett,
1007 3714 168 48 1885-

223 3788 118 53 The
376 3806 189 50 power
603 3787 61 50 of
700 3785 403 68 non-violence,
1138 3785 72 69 by
1253 3785 243 53 Richard
1534 3786 64 53 B.
1640 3784 219 69 Gregg:
1899 3787 138 51 with
2075 3805 66 33 an

156 3863 1988 67 introduction by Rufus M. Jones … Philadelphia, London.
156 3942 53 53 J.
235 3943 65 51 B.
328 3942 334 68 Lippincott
689 3958 292 51 company,
1009 3944 150 48 1934.
