2350 4196
1110 4005 63 51 83

160 353 304 61 Chastain,
493 354 206 54 James
727 352 241 56 Garvin.
1000 355 172 50 1853-

224 433 55 51 A
317 430 153 54 brief
508 431 220 67 history
768 430 63 52 of
870 430 95 52 the
1005 429 339 69 Huguenots
1386 432 111 51 and
1537 430 158 52 three
1737 429 205 69 family
1981 437 144 47 trees:

156 506 1938 70 Chastain-Lochridge-Stockton, by James Garvin Chastain …
160 589 66 65 [El
281 589 164 63 Paso,
476 588 153 65 Tex.,
659 586 187 52 Print,
876 587 75 67 by
982 585 232 67 Baptist
1244 584 335 69 publishing
1608 586 190 67 house]
1837 590 150 49 1933.

223 659 1650 50 3 p. l., 11-372 p. front., plates, ports., coat of arms. 22cm.
159 715 49 51 ©
243 720 117 39 Nov.
394 718 68 48 30,
498 718 139 42 1933;
674 718 66 40 2c.
775 719 96 38 and
905 717 81 40 aff.
1022 717 109 39 Jan.
1166 717 67 47 20,
1270 716 140 46 1934;
1448 715 41 39 A
1523 715 170 47 68944;
1732 717 42 39 J.
1813 717 50 39 G.
1902 716 249 51 Chastain,

225 776 156 40 Shaw.
411 776 133 39 Miss.
616 774 249 47 (34-2091)

158 879 252 64 Church,
442 878 321 55 Jeremiah.

223 952 246 55 Journal
524 953 65 53 of
646 955 228 68 travels,
935 954 357 66 adventures,
1352 954 113 52 and
1527 953 271 69 remarks,
1859 953 64 55 of
1981 954 172 70 Jerry

156 1030 244 56 Church.
509 1032 247 68 〈Reprint
791 1030 65 54 of
894 1034 133 50 1845
1066 1031 217 53 edition〉
1391 1030 215 54 Edited
1645 1031 141 53 with
1822 1037 177 64 notes,
2036 1034 119 66 &c.,

154 1109 73 69 by
263 1109 69 54 A.
371 1109 237 54 Monroe
645 1109 261 68 Aurand,
945 1109 69 69 jr.
1089 1108 378 69 Harrisburg,
1505 1109 121 68 Pa.,
1666 1109 159 56 Priv.
1865 1110 176 69 print,
2079 1110 76 71 by

152 1188 95 52 the
274 1188 239 52 Aurand
545 1205 174 51 press,
751 1189 150 51 1933.

218 1260 623 51 2 p. l., [7]—89 p. 23½cm.
157 1316 49 51 ©
238 1321 107 38 Jan.
376 1321 68 46 23,
476 1320 114 40 1934;
648 1320 65 39 2c.
747 1321 94 38 and
871 1319 81 40 aff.
985 1319 107 39 Jan.
1124 1318 81 47 30;
1239 1318 40 39 A
1310 1318 170 47 70057;
1514 1319 52 38 A.
1600 1320 200 39 Monroe
1830 1320 214 45 Aurand,
2077 1321 74 47 jr.,

219 1377 315 47 Harrisburg.
616 1373 51 51 [©
703 1383 105 33 new
841 1376 242 48 material]
1158 1374 249 49 (34-2001)

155 1478 215 67 Cohen,
400 1481 261 54 Octavus
689 1482 147 62 Roy,
866 1483 170 49 1891-

224 1557 220 54 Scarlet
483 1576 237 50 woman,
757 1559 74 67 by
870 1557 250 55 Octavus
1159 1559 127 67 Roy
1325 1557 211 55 Cohen.
1611 1559 138 51 New
1790 1560 178 52 York.
153 1560 1970 142 London,

312 1637 70 51 D.
413 1636 581 68 Appleton-Century
1023 1655 295 49 company,
1350 1637 417 67 incorporated,
1802 1641 151 48 1934.

220 1708 532 50 3 p. l., 300 p. 19½cm.
224 1767 161 41 “First
405 1766 260 51 printing.”

153 1822 51 52 ©
230 1827 93 39 Jan
364 1826 68 43 29,
459 1826 112 39 1934;
627 1826 66 40 2c.
719 1828 95 37 and
841 1825 80 41 aff.
949 1826 109 39 Feb.
1085 1827 23 37 1;
1166 1826 40 38 A
1232 1825 142 40 70096;
1432 1826 50 40 O.
1512 1826 52 39 R.
1593 1826 176 46 Cohen,
1798 1827 349 47 Birmingham,

216 1884 106 39 Ala.
397 1883 249 47 (34-1947)

152 1983 273 68 Connett,
454 1988 241 62 Eugene
722 1985 327 65 Virginius,
1079 1990 169 50 1891-

220 2063 132 68 Any
382 2063 162 53 luck?
614 2063 89 69 By
733 2062 234 69 Eugene
998 2063 66 53 V.
1097 2062 260 69 Connett,
1386 2064 117 52 3rd.
1569 2062 161 53 With
1761 2081 71 36 an
152 2061 1975 133 introduction
303 2142 75 68 by

412 2141 218 69 George
660 2142 79 53 M.
772 2142 63 51 L.
867 2142 84 53 La
984 2142 274 52 Branche.
1329 2141 393 54 Illustrations
1753 2142 75 68 by
1861 2141 192 67 Ralph
2086 2141 63 51 L.

152 2219 199 68 Boyer.
417 2220 136 52 New
587 2220 177 68 York,
793 2220 338 53 Windward
1160 2220 170 52 house
1384 2223 174 65 [c1933]

218 2291 1342 50 4 p. l., vii-xv, 240 p. front., illus., plates. 21½cm.
155 2349 52 51 ©
234 2354 116 39 Nov.
381 2354 68 47 27,
478 2353 114 40 1933;
652 2354 66 39 2c.
749 2355 94 38 and
874 2353 81 40 aff.
987 2354 108 40 Jan.
1125 2354 67 46 27,
1224 2353 141 47 1934;
1399 2354 40 38 A
1469 2353 170 41 70044:
1672 2355 283 39 Windward
1987 2355 162 38 house,

213 2410 92 40 inc.
377 2411 250 47 (34-2007)

154 2512 267 65 Cornish,
454 2514 227 64 George
711 2513 273 55 William.

227 2588 264 68 [Cornish
540 2590 63 52 of
652 2590 129 54 “the
829 2592 214 53 Yard”.
1121 2593 344 51 Instalment
1515 2596 81 62 11]
1677 2595 221 50 Return
1945 2592 63 52 of
2054 2592 96 51 the

153 2686 260 49 gunmen.

223 2742 81 49 (In
332 2739 255 51 Answers,
616 2738 114 45 Dec.
763 2741 71 50 23,
866 2740 144 50 1933)

149 2794 49 52 ©
270 2812 35 28 1c.
349 2800 110 39 Feb.
503 2800 67 47 10,
614 2800 140 48 1934;
799 2801 41 39 A
882 2802 61 39 ad
985 2801 87 40 int.
1115 2800 169 48 18659;
1330 2802 141 47 pubd.
1516 2802 112 39 Dec.
1673 2800 68 48 15,
1785 2800 140 47 1933;
1973 2800 51 40 G.
2070 2801 70 39 W.

219 2856 219 48 Cornish,
469 2857 212 40 London.

154 2957 227 65 Corpus
417 2960 182 64 juris;
639 2961 172 69 being
848 2981 31 33 a
918 2964 274 66 complete
1232 2964 112 52 and
1381 2963 327 67 systematic

1746 2968 301 47 statement
2086 2960 63 53 of

221 3039 95 52 the
345 3038 181 53 whole
554 3040 151 67 body
735 3039 64 53 of
827 3041 96 52 the
951 3042 109 50 law
1092 3060 57 33 as
1176 3041 297 54 embodied
1501 3042 61 52 in
1593 3041 112 52 and
1736 3039 309 69 developed
2073 3039 76 68 by

217 3117 1901 133 all reported decisions; edited by William Mack … and Donald J.
456 3196 1686 68 Kiser … Volume LXV. [Trover and conversion to
216 3272 217 53 United
468 3274 188 54 States
692 3275 197 65 bonds]
970 3277 138 51 New
1144 3277 181 65 York,
1358 3277 122 52 The
1513 3275 307 54 American
1854 3276 109 50 law
1998 3274 147 52 book

216 3368 78 34 co.;
353 3352 257 67 London,
639 3354 143 51 Butt
788 3371 57 33 er
851 3355 183 50 worth
1062 3358 45 49 &
1132 3372 96 48 co.,
1258 3357 150 50 1933.

211 3424 152 42 xxxii,
393 3425 113 39 1431
536 3436 40 37 p.
635 3426 117 41 26cm.

148 3475 49 51 ©
222 3481 110 41 Dec.
359 3482 67 46 12,
452 3481 113 41 1933;
621 3484 65 39 2c.
713 3486 94 38 and
834 3484 80 40 aff.
942 3484 108 41 Jan.
1078 3484 67 47 19,
1172 3484 113 40 1934;
1342 3484 41 39 A
1407 3484 142 40 69093;
1606 3483 156 39 Amer.
1790 3484 96 37 law
1911 3483 122 37 book
2060 3493 80 32 co.,

211 3537 258 49 Brooklyn.

173 3627 169 65 [Cove,
373 3630 221 63 Joseph
624 3631 242 66 Walter]
906 3635 171 49 1891-

217 3704 319 56 Excursion
558 3714 60 47 to
643 3707 266 69 Lilliput,
933 3729 31 33 a
989 3713 165 50 novel
1176 3710 75 68 by
1276 3709 184 53 Lewis
1487 3709 179 55 Gibbs
1713 3708 216 69 [pseud.]
2007 3706 139 54 New

153 3780 173 71 York,
363 3784 257 69 London,
657 3787 72 51 D.
772 3787 580 70 Appleton-Century
1391 3805 297 51 company,
1727 3785 420 70 incorporated,

151 3862 146 51 1934.

217 3930 532 54 3 p. l., 244 p. 19½cm.
