2350 4196
0 0 0 0 397
135 365 176 64 Page,
342 365 255 54 William
626 364 276 65 Herbert,
933 364 83 52 ed.

206 442 201 68 Page’s
449 443 150 54 Ohio
640 441 344 53 cumulative
1025 441 185 68 digest
1248 442 229 65 service,
1517 440 299 68 including
1857 457 72 34 an
1969 439 170 52 index

146 527 57 46 to
245 518 148 53 Ohio
431 518 149 68 legal
622 517 337 68 periodicals
1001 517 111 54 and
1154 539 29 32 a
1223 517 148 53 table
1413 517 62 51 of
1515 535 150 35 cases
1704 515 301 69 judicially
143 534 1971 116 noticed

349 596 302 70 (➔CJN),
698 595 459 68 supplementing
1204 595 112 51 and
1365 594 335 68 continuing
1745 594 200 68 Page’s
1993 593 149 54 Ohio

139 676 203 68 digest,
380 679 133 48 1912
549 676 235 68 edition,
821 676 111 52 and
970 675 291 52 decennial
1297 676 377 66 supplement,
1746 695 88 35 no.
1876 679 91 48 14:
2008 679 134 48 1934

199 754 1696 67 … Cincinnati, The W. H. Anderson company [ c 1934]
213 830 29 38 2
267 840 41 36 p.
372 860 8 16 l.,
409 828 85 40 367
521 839 41 37 p.
620 828 55 40 26
679 831 44 20 cm
729 860 7 8 .

214 886 72 40 On
313 896 139 29 cover:
508 885 169 47 Page's
706 885 121 40 Ohio
854 884 298 40 cumulative
1176 883 160 48 digest
1361 883 197 48 service,
1587 895 73 29 no.
1690 885 68 39 14.
1816 885 117 38 Nov.
1962 886 38 46 1,
2031 882 113 42 1932

144 946 48 37 to
221 944 109 38 Jan.
360 944 38 44 1,
428 942 126 40 1934.

147 1008 1285 52 © Apr. 21, 1934; 2c. and aff. Apr. 23; A 72135;
1492 1011 70 39 W.
1593 1012 57 38 H.
1683 1011 255 39 Anderson
1964 1021 67 30 co.

148 1129 246 66 Peattie,
427 1130 226 54 Donald
685 1130 257 64 Culross,
975 1132 170 50 1898-

214 1207 120 52 The
365 1206 197 69 bright
593 1206 236 69 lexicon,
859 1206 75 69 by
967 1204 227 53 Donald
1229 1203 231 55 Culross
1493 1205 236 53 Peattie.
1798 1205 135 52 New
1969 1205 178 67 York,

144 1283 65 55 G.
242 1285 62 51 P.
335 1285 295 52 Putnam’s
657 1303 127 35 sons
819 1318 12 34 [
837 1291 17 21 c
860 1286 151 65 1934]

210 1361 87 39 320
325 1372 41 36 p.
425 1360 147 40 20½cm.

152 1427 1994 52 © Mar. 23, 1934; 2c. and aff. Apr. 7: A 71181: D. C. Peattie, Glenview,
215 1489 75 39 Ill.
365 1487 251 48 (34-7411)

142 1605 438 63 Pennsylvania
614 1605 254 54 German
901 1605 243 64 society.

274 1682 1874 70 … Proceedings at Harrisburg, Pa., October 17, 1930, and
142 1761 217 68 Papers
407 1762 281 67 prepared
738 1761 94 52 for
879 1762 96 52 the
1026 1761 241 68 Society.
1361 1762 127 54 Vol.
1646 1804 8 9 XLI.
1754 1764 395 68 [Norristown,

144 1841 100 51 Pa.]
299 1841 121 52 The
451 1840 243 68 Society,
725 1844 149 50 1933.

221 1914 1928 50 44 p. front. (port.) 264 cm . (With this is bound: Brumbaugh,
150 1972 52 40 G.
234 1971 186 40 Edwin.
482 1970 218 41 Colonial
733 1971 326 39 architecture
1092 1971 51 38 of
1175 1972 80 39 the
1289 1972 359 47 Pennsylvania
1683 1972 261 48 Germans)

153 2038 51 51 ©
239 2041 116 40 Nov.
391 2043 39 45 1,
466 2041 140 46 1933;
643 2041 65 39 2c.
745 2042 117 39 Nov.
897 2041 52 47 3;
988 2040 82 40 aff.
1106 2041 108 39 Feb.
1252 2043 39 45 7,
1326 2041 141 46 1934;
1506 2043 41 38 A
1581 2041 170 48 69356;
1791 2044 359 46 Pennsylvania

222 2099 209 40 German
461 2109 106 34 soc.,
599 2099 279 44 Lancaster,
909 2099 82 39 Pa.

151 2215 283 67 [Phillips,
470 2216 200 66 Hugh]
714 2219 169 49 1886-

222 2292 101 68 My
382 2298 227 62 strange
666 2291 154 68 wife,
876 2291 73 68 by
1007 2291 197 68 Philip
1259 2292 239 68 Hughes
1623 2295 152 52 [pseud.]
1896 2294 257 69 London,

152 2369 363 54 Hutchinson
541 2371 45 50 &
614 2388 98 48 co.,
740 2369 102 56 ltd.
898 2372 152 66 [1934]

222 2441 30 39 2
274 2452 44 38 p.
379 2473 8 17 l.,
414 2441 148 41 9-288
587 2452 43 38 p.
686 2441 55 40 19
743 2442 46 22 cm
794 2474 8 7 .

156 2512 1997 58 © 1c. Mar. 9, 1934; A ad int. 18779; pubd. Jan. 12; H. Phillips, Hitchin,
223 2574 163 46 Herts,
416 2574 234 47 England.
726 2571 251 50 (34-8148)

155 2688 280 55 Pictorial
475 2689 205 54 review
720 2690 277 53 standard
1037 2692 138 53 cook
1213 2692 162 53 book.
1453 2696 135 50 1934
1624 2694 85 53 ed.
1784 2697 267 54 Methods
2092 2699 62 50 of

223 2767 1932 73 preparing and cooking over 1000 appetizing dishes … New
225 2844 179 69 York,
430 2845 120 52 The
577 2845 279 52 Pictorial
880 2846 205 52 review
1113 2863 280 54 company
1426 2851 171 64 [1934]

224 2916 61 48 iv,
314 2918 99 46 481,
448 2918 83 50 [11]
562 2928 43 37 p.
667 2917 126 41 illus.
855 2918 145 42 19½cm.

227 2972 161 42 Blank
417 2984 145 37 pages
594 2974 79 40 for
704 2975 261 40 “Pictorial
998 2975 176 41 review
1206 2976 210 48 recipes”
1461 2977 111 51 ([11]
1607 2979 53 39 at
1691 2979 117 49 end)

229 3028 213 42 “Second
470 3030 228 41 edition.”

160 3084 51 51 ©
241 3089 119 38 Mar.
390 3089 67 45 23,
487 3089 140 40 1934;
658 3089 66 39 2c.
754 3090 121 38 Mar.
904 3089 81 47 30;
1017 3090 81 39 aff.
1129 3092 119 39 Mar.
1277 3091 82 46 31;
1391 3092 43 38 A
1459 3093 169 46 71111;
1661 3094 202 40 Chester
1893 3097 57 38 H.
1986 3096 170 48 Smith,

230 3146 284 45 Wollaston,
544 3146 145 39 Mass.
761 3145 250 48 (34-7388)

155 3262 240 65 Pocock,
427 3264 132 63 Guy
585 3264 165 55 Noel.

232 3337 215 69 Design
490 3338 91 52 for
625 3358 31 33 a
695 3339 282 69 staircase,
1021 3360 31 32 a
1096 3342 161 53 novel
1298 3341 73 70 by
1415 3341 130 70 Guy
1588 3344 234 54 Pocock.
1901 3347 256 71 London,

161 3415 55 56 J.
243 3415 77 52 M.
352 3416 152 54 Dent
531 3418 44 50 &
604 3434 143 51 sons,
775 3417 103 53 ltd.
912 3420 172 66 [1934]

229 3487 633 49 4 p. l., 309 p:, 1 l. 19 cm .
165 3543 1979 60 © 1c. Mar. 10, 1934; A ad int. 18722; pubd. Jan. 11; G. N. Pocock
231 3604 210 40 London.
513 3605 250 47 (34-8149)

163 3720 196 66 Porto,
390 3722 174 65 Luigi
594 3724 91 63 da,
719 3726 324 53 1486-1529.

232 3798 280 55 Giulietta
549 3802 112 52 and
697 3802 241 67 Romeo;
978 3823 30 32 a
1045 3809 156 62 story
1237 3804 152 54 from
1423 3807 95 52 the
1553 3808 249 68 original
1838 3814 216 54 Italian
2092 3817 63 52 of

162 3876 171 68 Luigi
372 3878 71 52 da
480 3880 176 51 Porto
697 3878 62 53 of
795 3879 265 69 Vicenza,
1095 3882 323 56 illustrated
1455 3885 139 54 with
1633 3888 247 64 pictures
1920 3893 234 59 painted
