2350 4196
1114 4014 130 48 1612

209 370 263 68 Phillips,
499 374 175 64 Mary
700 374 335 66 Catherine,
1066 381 170 49 1903-

284 449 142 55 Skin
462 451 158 67 deep,
653 453 96 51 the
782 453 161 52 truth
979 453 173 52 about
1182 454 206 65 beauty

1425 453 319 52 aids—safe
1779 454 110 51 and
1924 451 273 55 harmful.

214 527 1564 70 by M. C. Phillips … New York, The Vanguard
1810 533 294 63 press [ c 1934]
279 603 29 38 3
333 613 41 36 p.
437 632 8 15 l.,
472 602 157 45 v-xvi,
656 602 85 39 254
765 613 42 37 p.
863 604 171 46 plates.
1090 603 53 39 19½
1175 605 44 20 cm
1223 633 8 7 .

282 658 1916 49 Consumers' research … supplied the source material from which this
211 716 121 39 book
360 725 98 30 was
488 715 208 40 written,
753 717 60 46 cf.
843 717 184 39 Introd.

311 772 134 40 “First
471 773 94 38 and
593 773 173 39 second
795 772 213 48 printing
1036 773 165 40 before
1227 772 310 48 publication.”

282 829 245 41 "Selected
555 828 363 48 bibliography";
978 841 42 36 p.
1049 829 214 40 239-243.

213 881 1935 52 © Nov. 27, 1934: 2c. Nov. 30; aff. Dec. 1; A 78381; M. C. Phillips. ℅
280 942 302 41 Consumers'
614 945 237 43 research,
883 943 332 48 Washington,
1247 944 55 38 N.
1336 943 41 38 J.
1449 941 278 48 (34-40279)

209 1017 191 67 Piper,
437 1019 223 64 Watty,
697 1021 83 55 ed.

272 1094 147 53 Folk
445 1098 141 49 tales
610 1095 257 54 children
889 1096 141 67 love,
1053 1094 188 55 edited
1265 1096 74 66 by
1362 1097 202 65 Watty
1589 1094 190 68 Piper.
1855 1097 136 50 New
2020 1097 176 64 York,
207 1173 119 52 The
353 1175 159 51 Platt
539 1177 46 49 &

609 1173 665 68 Munk co., inc. [ c 1934]
278 1245 84 50 [78]
394 1256 41 38 p.
496 1246 87 40 col.
612 1245 161 48 front.,
804 1246 127 40 illus.
960 1247 136 46 (part
1124 1245 111 46 col.)
1303 1246 55 39 31
1361 1248 43 21 cm
1410 1277 8 8 .

212 1300 51 51 ©
297 1305 118 46 Aug.
448 1304 68 45 24,
549 1302 140 41 1934:
715 1303 73 42 2c.
821 1303 94 39 and
949 1304 78 38 aff.
1063 1304 112 40 Dec.
1252 1314 8 35 6;
1295 1305 39 37 A
1369 1301 168 47 78439;
1573 1303 132 39 Platt
1740 1304 37 38 A
1809 1304 151 37 Munk
1994 1314 79 34 co.,
2108 1304 88 39 inc.

281 1360 282 49 [Copyright
591 1361 43 38 is
661 1360 203 39 claimed
895 1371 59 29 on
986 1360 301 39 illustration
1318 1371 58 28 on
1409 1370 40 37 p.
1484 1360 67 41 27,
1584 1361 58 44 by
1672 1359 201 48 Holling
1904 1359 48 40 C.
1984 1360 212 48 Holling]

288 1418 279 47 (34-40094)

206 1491 229 64 Powell,
465 1490 248 56 Wilfred
741 1494 218 65 Evans,
991 1497 171 49 1893-

279 1569 326 53 Education
641 1569 94 53 for
768 1569 108 54 life
910 1569 142 53 with
1086 1571 155 65 God;
1284 1587 31 34 a
1352 1570 312 51 discussion
1701 1569 62 52 of
1800 1570 95 51 the
1933 1569 265 68 meaning

207 1648 62 51 of
306 1647 270 68 religious
613 1646 303 53 education
973 1648 91 66 [by]
1105 1648 253 53 Wilfred
1396 1649 192 51 Evans
1625 1647 243 66 Powell;

208 1647 1964 130 introduction
354 1726 73 66 by
452 1727 64 50 L.
541 1727 69 51 A.
636 1725 236 67 Weigle.
935 1725 137 51 New
1102 1725 175 56 York,
1305 1723 325 56 Cincinnati
1662 1729 137 61 [etc.]

1831 1725 118 52 The
206 1725 1968 130 Abingdon
343 1821 156 50 press
531 1836 12 33 [
548 1809 18 20 c
570 1806 152 63 1934]

275 1876 85 40 264
388 1887 40 37 p.
488 1875 55 40 20
545 1878 45 20 cm
596 1910 7 7 .

275 1933 347 47 Bibliography;
679 1943 42 37 p.
753 1931 247 50 [255]-259.

209 1986 53 51 ©
290 1991 117 38 Nov.
433 1991 39 45 5,
497 1989 139 40 1934:
666 1989 67 39 2c.
761 1991 93 37 and
884 1988 78 40 aff.
993 1989 117 39 Nov.
1138 1989 81 40 15:
1250 1990 41 37 A
1317 1989 169 40 78120:
1517 1990 69 37 W.
1619 1990 50 40 E.
1700 1990 191 45 Powell,
1921 1988 138 47 Enid,
2092 1988 102 40 Okl.

285 2046 279 49 (34-40123)

205 2108 240 65 Rascoe,
483 2109 247 62 Burton,
773 2112 167 50 1892-

272 2184 195 55 Smart
502 2190 84 47 set
623 2183 237 68 history,
898 2183 75 67 by
1013 2185 220 50 Burton
1275 2184 228 51 Rascoe.
1579 2184 136 51 New
1758 2182 178 68 York,
1974 2184 221 52 Reynal
199 2266 44 50 &
274 2262 320 53 Hitchcock
629 2295 12 33 [
646 2268 18 21 c
670 2264 150 63 1934]

274 2338 55 38 34
360 2348 42 37 p.
458 2337 56 39 22
517 2339 44 21 cm
568 2370 7 7 .

277 2395 193 40 "Smart
505 2396 73 37 set
612 2393 188 46 history
836 2392 42 39 is
914 2393 82 39 the
1033 2392 327 39 introduction
1404 2394 45 37 to
1486 2394 81 37 the
1607 2391 161 41 Smart
1808 2397 71 35 set
1919 2393 275 47 anthology,

205 2450 161 40 edited
403 2451 61 47 by
498 2451 188 39 Burton
725 2449 185 40 Rascoe
947 2449 94 39 and
1081 2448 136 40 Groff
1252 2447 219 41 Conklin.
1539 2448 117 40 This
1693 2449 192 40 booklet
1922 2448 43 41 is
2002 2448 191 48 printed

205 2508 126 38 from
373 2510 113 44 type
525 2507 46 38 in
615 2507 214 39 advance
869 2506 53 39 of
960 2505 294 47 publication
1300 2505 51 39 of
1393 2507 81 38 the
1516 2506 262 47 anthology
1818 2506 49 38 in
1909 2516 60 28 an
2013 2503 180 42 edition

204 2564 188 40 limited
420 2567 49 37 to
497 2563 88 41 750
609 2562 201 49 copies.”

207 2617 51 51 ©
285 2622 117 38 Nov.
428 2619 69 41 23.
524 2619 140 41 1934:
693 2619 67 40 2c.
785 2620 116 40 Nov.
929 2618 55 38 24;
1040 2618 80 39 aff.
1151 2619 108 38 Dec.
1289 2620 26 36 3;
1373 2620 37 36 A
1438 2618 168 40 77446;
1636 2619 183 45 Reynal
1849 2619 37 39 &
1911 2618 280 41 Hitchcock,

274 2678 89 39 inc.
434 2675 279 48 (34-10109)

202 2750 294 65 Reynard,
529 2749 325 56 Elizabeth.

275 2827 122 53 The
420 2846 224 34 narrow
674 2826 164 53 land:
869 2826 127 52 folk
1023 2827 307 52 chronicles
1360 2827 62 51 of
1447 2826 94 52 old
1571 2846 135 48 cape
1736 2829 138 53 Cod.
1902 2828 72 65 by

203 2829 1962 127 Elizabeth
358 2905 297 67 Reynard;
684 2904 139 52 with
848 2904 395 55 illustrations,
1267 2904 299 67 including
1591 2924 26 32 a
1646 2905 368 67 frontispiece
2040 2906 149 50 from

205 3001 28 32 a
262 2984 181 64 pastel
469 2982 73 67 by
569 2984 207 50 Nevett
805 2982 53 54 S.
889 2984 245 50 Bartow.
1200 2984 209 50 Boston
1442 2984 108 50 and
1581 2985 137 50 New
1747 2983 177 54 York.
204 2984 1959 127 Houghton
327 3059 210 52 Mifflin

562 3076 295 49 company,
886 3062 149 52 1934.

274 3131 1751 49 xi p., 2 l., [3]-326 p. col. front., illus., plates, ports., map. 21 cm .
274 3188 322 47 "Appendix",
625 3188 281 47 containing
932 3188 334 47 bibliography;
1323 3199 44 37 p.
1411 3189 233 49 [317]-326.

206 3241 51 51 ©
285 3246 118 38 Nov.
429 3244 67 43 23,
527 3244 138 42 1934:
696 3244 67 40 2c.
792 3246 94 37 and
916 3244 80 39 aff.
1023 3245 116 38 Nov.
1170 3245 80 41 26:
1282 3248 37 36 A
1351 3245 168 41 78276:
1552 3248 51 38 E.
1635 3247 239 42 Reynard,
1904 3247 115 38 New
2046 3245 142 41 York.

284 3301 279 46 (34-40085)

203 3361 186 65 Rilke,
418 3361 218 54 Rainer
663 3362 208 64 Maria,
905 3363 321 55 1875-1926.

267 3438 220 52 Letters
513 3443 57 47 to
597 3457 27 32 a
653 3456 193 50 young
871 3444 131 61 poet
1033 3438 107 67 [by]
1174 3440 212 52 Rainer
1411 3441 185 51 Maria
1626 3441 195 65 Rilke;
1850 3440 340 54 translation

199 3516 73 67 by
307 3516 78 52 M.
420 3516 71 52 D.
526 3516 212 51 Herter
772 3516 237 52 Norton.
1085 3517 134 51 New
1257 3518 178 66 York,
1467 3520 88 51 W.
1588 3520 89 51 W.
1714 3518 220 51 Norton
1967 3519 45 49 &

199 3536 1966 119 company, inc. [ c 1934]
273 3667 87 40 128
387 3678 41 36 p.
485 3666 53 39 21
542 3669 44 21 cm
591 3698 8 7 .

273 3724 190 39 Letters
488 3723 194 39 written
708 3726 48 37 to
783 3723 50 39 F.
912 3755 8 8 X.
947 3724 201 47 Kappus
1175 3725 176 47 during
1376 3726 82 40 the
1483 3735 142 38 years
1652 3725 271 41 1903-1908.

276 3780 158 38 "First
464 3779 224 41 edition.”

273 3837 40 37 A
340 3835 241 40 chronicle
609 3836 52 39 of
686 3836 182 39 Rilke’s
893 3835 88 40 life
1005 3836 79 39 for
1112 3837 80 39 the
1220 3847 141 36 years
1389 3836 287 41 1903-1908:
1708 3849 41 36 p.
1781 3837 217 48 [81]-128.

207 3888 51 51 ©
282 3893 102 38 Nov
424 3892 67 43 23,
518 3891 138 41 1934:
684 3893 65 39 2c.
774 3893 114 38 Nov.
917 3892 80 40 26:
1024 3893 81 41 aff.
1132 3893 112 38 Nov.
1271 3893 81 41 27:
1382 3896 37 36 A
1448 3895 168 39 77348:
1643 3895 70 39 W.
1741 3896 71 40 W.
1835 3895 184 37 Norton
2045 3894 36 39 &
2107 3903 52 30 co.,

274 3949 88 38 inc.
433 3948 278 45 (34-40108)
