2350 4196
1234 3977 27 49 6

235 360 303 64 Edwards,
567 360 152 63 Lilly
745 361 170 55 Rust.

302 432 470 57 Grandmother’s
809 434 216 66 stories,
1061 435 73 67 by
1172 434 62 51 L.
1272 432 67 56 R.
1380 432 309 68 Edwards;
1730 430 379 55 illustrations
2146 430 73 70 by

234 511 161 55 Alice
423 513 145 53 Rust
597 513 113 52 and
738 512 169 67 Mary
937 511 189 53 Knox.
1198 507 497 72 [Charlottesville,
1784 526 66 51 Va.,
1881 508 240 54 Printed
2149 505 73 71 by

237 591 90 52 the
353 589 211 55 Michie
592 607 296 52 company,
916 596 15 20 c
938 591 151 65 1933]

302 663 54 39 37
383 673 43 38 p.
487 663 126 39 illus.
674 661 55 41 23
733 665 43 20 cm
782 696 5 6 .

235 718 52 50 ©
314 723 109 38 Dec.
450 721 69 41 20,
546 721 140 40 1933;
714 720 68 41 2c.
809 722 110 37 Dec.
948 719 81 40 22:
1058 718 83 40 aff.
1168 719 109 39 Jan.
1303 719 40 40 4,
1371 718 140 40 1934;
1542 719 39 37 A
1638 718 140 46 67858;
1808 718 49 37 L.
1887 716 56 41 R.
1972 714 250 41 Edwards.

304 778 254 48 Leesburg.
587 779 84 38 Va.
744 777 219 46 (34-448)

239 849 232 68 Finger,
505 851 243 55 Charles
778 853 237 61 Joseph,
1050 854 168 49 1871-

306 928 173 54 After
508 930 94 53 the
630 937 162 60 great
819 928 392 67 companions;
1244 947 28 33 a
1304 928 119 53 free
1454 927 250 53 fantasia
1732 946 67 33 on
1831 946 30 33 a
1889 925 243 55 lifetime
2161 926 62 51 of

239 1000 1985 75 reading, by Charles J. Finger … New York, E. P. Dutton &
238 1104 96 47 co.,
365 1084 104 55 inc.
507 1119 11 32 [
525 1092 16 20 c
546 1089 151 62 1934]

309 1157 86 39 311
424 1167 42 37 p.
526 1157 26 38 21½c
631 1159 26 20 m
664 1189 6 5 .

340 1213 133 41 "First
503 1212 224 40 edition.”

241 1267 50 51 ©
327 1270 106 40 Jan.
468 1272 37 45 3,
541 1271 139 45 1934;
716 1271 66 40 2c.
819 1271 106 38 Jan.
963 1271 49 38 5;
1052 1269 80 39 aff.
1168 1270 107 38 Jan.
1310 1270 52 44 4;
1400 1269 39 37 A
1475 1266 167 48 67849;
1681 1269 52 38 E.
1768 1268 51 40 P.
1854 1267 187 40 Dutton
2076 1267 36 39 &
2146 1275 80 39 co.,

306 1327 91 40 inc.
467 1328 221 47 (34-670)

243 1402 211 65 Fischl,
490 1402 229 56 Viktor.

306 1473 1923 76 Handbook of chemotherapy, by Dr. Viktor Fischl … and
238 1550 1994 77 Prof. Dr. Hans Schlossberger … English translation from
244 1628 1865 78 the German [by] A. S. Schwartzman … pt. l. Metalfree
243 1652 1964 128 organic
458 1713 362 67 compounds.
898 1713 332 70 Baltimore,
1278 1712 139 69 Md.,
1464 1714 76 50 H.
1591 1712 67 55 G.
1708 1711 266 54 Roebuck
2022 1715 42 49 &
2114 1729 116 51 son,

246 1794 148 48 1933.

309 1862 744 52 2 p. l. . vii-xi, 410 p. 25½ cm .
315 1920 335 41 “Literature”
678 1923 51 36 at
757 1922 91 38 end
876 1921 52 39 of
954 1921 119 38 each
1100 1921 212 46 chapter.

245 1974 50 51 ©
373 1989 68 28 Nov.
474 1980 37 44 1,
543 1978 111 39 1933
675 1989 7 29 :
715 1978 64 40 2c.
812 1978 109 39 Jan.
951 1978 39 40 2.
1022 1977 139 46 1934;
1193 1978 42 37 A
1264 1977 168 48 68070;
1467 1978 60 39 H.
1560 1977 51 41 G.
1644 1977 224 39 Roebuck
1899 1976 34 40 &
1966 1987 98 29 son.

324 2035 219 47 (34-618)

248 2110 283 65 Fleming,
561 2111 193 56 Peter.

316 2185 294 54 Brazilian
660 2186 329 70 adventure,
1040 2187 74 69 by
1163 2187 166 52 Peter
1381 2185 282 72 Fleming.
1749 2187 136 52 New
1940 2187 178 67 York,
2173 2185 61 56 C.

247 2261 312 57 Scribner’s
590 2281 146 50 sons,
769 2267 149 50 1934.

314 2336 85 39 412
427 2346 42 39 p.
529 2337 127 39 illus.
685 2336 183 49 (maps)
907 2337 170 49 plates,
1108 2339 147 45 ports.
1316 2336 54 41 21½
1405 2339 42 20 cm
1452 2369 9 8 .

317 2391 137 49 Maps
485 2403 58 29 on
577 2392 358 49 lining-papers.

316 2448 100 39 The
448 2451 134 43 story
616 2449 51 39 of
699 2450 82 38 the
814 2448 216 41 author’s
1064 2451 168 38 search
1267 2448 80 40 for
1380 2448 193 41 Colonel
1607 2449 228 41 Fawcett.

249 2502 50 51 ©
333 2506 107 40 Jan.
475 2508 37 38 5.
547 2507 140 46 1934;
721 2506 65 40 2c.
822 2508 107 37 Jan.
964 2506 81 41 12:
1081 2507 81 39 aff.
1196 2508 108 38 Jan.
1338 2508 81 45 11;
1454 2508 43 37 A
1528 2506 168 48 67967;
1733 2506 201 42 Charles
1971 2504 266 43 Scribner’s

321 2570 123 34 sons.
520 2563 279 48 (33-27484)

250 2637 120 52 The
410 2635 383 69 Fortnightly
831 2637 220 54 review,
1126 2658 87 33 no.
1253 2642 116 66 805,
1406 2658 53 35 n.
1498 2659 58 47 s.,
1594 2640 280 69 January,
1913 2644 148 50 1934.

252 2707 49 50 ©
334 2712 65 38 lc.
433 2711 107 40 Jan.
573 2714 37 37 8.
643 2710 138 42 1934;
818 2713 38 37 A
887 2714 61 38 ad
979 2711 85 41 int.
1098 2712 167 40 18615;
1301 2713 140 48 pubd.
1476 2714 107 39 Jan.
1617 2714 51 46 1;
1704 2711 312 50 Fortnightly
2048 2710 188 48 review,

321 2769 98 45 ltd.,
450 2767 211 40 London.

253 2837 450 70 Frankenstein,
742 2844 138 54 Mrs.
921 2844 213 52 Louise
1166 2841 490 69 (Michelbacher)
1705 2850 170 49 1909-
2086 2845 83 52 ed.

320 2915 442 73 Play-readings
789 2920 93 52 for
909 2920 206 69 school,
1142 2922 160 52 radio
1331 2922 111 52 and
1469 2938 189 36 screen
1682 2927 154 62 tests,
1863 2921 238 54 selected
2128 2921 112 52 and

248 2992 188 56 edited
472 2995 74 69 by
578 2995 205 55 Louise
817 2997 79 53 M.
934 2996 431 58 Frankenstein.
1437 2999 138 52 New
1613 2999 179 69 York,
1828 2999 111 54 Los
1973 2997 266 70 Angeles,

254 3070 54 55 S.
340 3072 252 69 French;
623 3073 258 70 London,
909 3074 56 55 S.
998 3076 240 68 French,
1265 3075 134 69 ltd.;
1437 3081 138 63 [etc.,
1602 3082 122 63 etc.]
1761 3080 148 51 1933.

322 3148 63 42 ix,
417 3148 84 40 138
530 3159 42 36 p.
632 3148 53 40 19
690 3151 42 20 cm
738 3181 7 6 .

255 3200 51 50 ©
334 3204 109 40 Dec.
472 3205 37 45 8,
539 3206 137 37 1933;
707 3206 63 38 2c.
801 3207 94 38 and
923 3206 79 39 aff.
1032 3206 107 38 Jan.
1167 3207 38 38 2.
1234 3205 139 42 1934;
1405 3207 39 37 A
1472 3206 168 48 67821;
1675 3207 192 41 Samuel
1896 3207 199 48 French,
2126 3207 115 39 New

322 3260 143 40 York.
537 3260 219 47 (34-182)

256 3317 232 69 Gaines,
520 3323 242 54 Francis
792 3322 338 66 Pendleton,
1162 3327 168 49 1892-

324 3398 126 56 Lee,
495 3402 94 50 the
634 3400 136 54 final
818 3401 381 54 achievement
1257 3403 363 69 (1865-1870)
1649 3425 11 46 ;
1711 3404 258 67 speeches
2015 3404 75 67 by
2135 3406 102 52 Dr.

257 3470 1982 84 Francis Pendleton Gaines … New York city, N. Y., The New
258 3545 927 81 York southern society [ c 1933]
329 3626 67 41 31.
432 3627 53 48 [1]
520 3638 40 37 p.
621 3627 162 49 front.,
815 3630 168 46 plates,
1016 3631 146 45 ports.
1222 3628 55 40 25
1281 3632 42 20 cm
1330 3662 7 7 .

332 3681 234 43 “Limited
600 3683 223 44 edition.”

331 3739 100 39 The
462 3742 93 37 two
584 3741 224 46 speeches
840 3752 82 28 are
953 3741 125 40 “The
1109 3742 257 40 educator”
1397 3743 253 47 published
1679 3745 276 48 separately
1984 3746 150 38 under
2165 3744 79 40 the

264 3794 106 40 title
401 3795 132 45 “Lee,
567 3799 80 37 the
673 3796 114 41 final
819 3798 330 41 achievement
1186 3798 137 48 (1865-
1358 3800 174 44 1870)”
1563 3803 94 39 and
1689 3801 127 40 “The
1846 3801 315 46 gentleman”.

261 3849 49 50 ©
340 3853 108 39 Dec.
478 3854 67 41 20,
575 3854 137 40 1933;
743 3856 65 37 2c.
839 3857 94 38 and
961 3855 80 41 aff.
1070 3856 106 39 Jan.
1204 3858 39 39 4,
1273 3855 112 41 1934
1405 3868 6 28 :
1444 3858 39 37 A
1512 3857 140 41 67843
1672 3869 7 35 ;
1711 3857 115 39 New
1855 3858 129 39 York
2013 3856 229 41 southern

326 3908 193 49 society.
592 3910 219 48 (34-307)
