2350 4196
1166 4022 28 48 3

176 360 343 56 California.
593 362 184 64 Laws,
808 363 257 62 statutes,
1097 365 99 47 etc.

245 428 1927 63 The Chase Penal code of the state of California … The
175 513 246 70 original
452 516 177 52 Penal
661 513 150 68 code,
844 513 244 67 adopted
1122 512 291 68 February
1449 513 82 63 14,
1565 507 152 70 1872,
1748 508 59 52 in
1838 505 162 55 effect
175 507 1972 155 January
347 596 45 63 1,

424 591 150 69 1873,
603 592 140 52 with
771 592 96 53 the
893 591 336 66 subsequent
1254 589 318 68 legislative
1601 591 344 48 enactments
1973 591 57 47 to
2059 585 111 53 and

175 664 1997 74 including 1933 … Containing complete legislative history of
175 748 133 52 each
336 748 236 66 section;
604 748 132 52 each
766 749 206 53 section
1005 745 303 55 annotated
1336 746 74 68 by
1436 745 94 54 the
1558 743 269 55 “Concise
1856 742 315 54 reference”

176 821 1972 151 system of annotations. San Francisco, Chase law book publishing company [ c 1933]
243 974 26 40 2
299 986 42 37 p.
405 1006 9 18 l.,
443 975 232 48 vii-xxix,
707 976 85 40 364
822 986 42 37 p.
924 976 56 39 22
984 978 43 20 cm
1033 1008 7 8 .

244 1033 227 40 Lettered
499 1044 58 28 on
586 1044 167 29 cover:
784 1032 114 42 1933
927 1034 157 40 Chase
1113 1032 269 42 California
1416 1034 149 38 Penal
1594 1033 126 40 code.

243 1089 1082 49 “Copyrighted … by Eugene J. Chase.”
243 1147 163 42 “First
434 1148 182 40 edition
650 1146 141 51 [1931]
824 1148 160 40 edited
1015 1149 59 46 by
1106 1148 218 38 Edmund
1362 1151 202 37 damson
1596 1148 199 40 Green.”

175 1203 1980 101 Appendices: Rules of evidence … part four of the Code of civil procedure.
420 1263 259 48 Questions
705 1263 95 39 and
827 1273 215 29 answers
1071 1266 47 36 to
1149 1263 146 39 Rules
1323 1263 51 39 of
1400 1262 224 40 evidence
1654 1264 94 38 and
1776 1264 81 39 the
1885 1264 146 38 Penal
2060 1265 114 39 code

173 1321 53 40 of
257 1322 81 39 the
373 1324 127 39 state
533 1321 52 39 of
618 1319 288 42 California.

178 1379 52 52 ©
269 1384 127 46 Sept.
432 1382 68 46 20,
537 1381 140 41 1933;
717 1381 65 40 2c.
821 1380 93 39 and
954 1380 78 38 aff.
1073 1381 108 39 Jan.
1218 1380 39 47 2,
1295 1380 140 46 1934;
1476 1380 40 38 A
1553 1380 170 46 68674;
1764 1381 196 46 Eugene
1997 1381 178 46 Joseph

243 1440 168 45 Chase,
446 1440 95 40 San
570 1437 273 41 Francisco.
923 1434 50 51 [©
1005 1448 105 29 new
1140 1437 242 48 material]
1457 1437 220 47 (34-430)

250 1524 1925 68 1933 Chase codes of California … Containing complete
177 1602 317 70 legislative
526 1604 220 68 history
779 1604 62 52 of
870 1604 134 52 each
1035 1603 224 55 section.
1329 1604 156 52 Each
1522 1606 208 50 section
1765 1603 305 53 annotated
2102 1603 74 66 by

176 1681 94 54 the
297 1681 268 55 “Concise
593 1682 317 54 reference”
939 1687 203 64 system
1175 1683 62 51 of
1265 1683 376 54 annotations.
1711 1681 116 55 San
1858 1682 318 67 Francisco,

180 1759 179 55 Chase
390 1762 107 50 law
533 1760 144 52 book
709 1759 333 69 publishing
1074 1779 276 50 company
1388 1795 12 34 [
1407 1768 17 20 c
1430 1764 132 49 1933
1570 1795 11 33 ]

247 1831 442 42 3 v. in l. 22 cm .
244 1890 133 39 Each
402 1891 114 39 code
542 1890 89 39 has
657 1890 178 47 special
861 1893 97 44 t.-p.
985 1892 95 38 and
1107 1894 224 45 separate
1357 1890 280 50 pagination
1659 1904 8 31 ;
1697 1893 182 40 indices
1904 1895 122 38 have
177 1893 1996 94 half-title

326 1948 95 39 and
462 1950 225 45 separate
726 1947 299 48 pagination.

249 2004 1925 52 “Chase Penal code of the state of California … 1933”, also indexed in
176 2061 97 41 this
306 2064 204 46 volume,
547 2062 40 40 is
621 2062 256 49 published
912 2064 289 46 separately.

246 2119 1089 49 “Copyrighted … by Eugene J. Chase.”
250 2177 161 41 “First
445 2177 182 41 edition
668 2177 140 50 [1931]
846 2177 162 41 edited
1043 2179 59 46 by
1140 2178 221 41 Edmund
1401 2180 202 40 Samson
1642 2181 198 41 Green.”

246 2237 226 39 Lettered
516 2246 61 29 on
620 2246 167 30 cover:
833 2234 114 41 1933
993 2235 156 40 Chase
1194 2236 272 41 California
1513 2240 168 38 codes:
1730 2240 124 40 Civil
1900 2243 262 45 procedure

178 2293 138 42 Civil.
379 2294 221 39 Probate.

182 2351 50 51 ©
272 2355 126 47 Sept.
435 2353 68 48 19,
540 2353 140 48 1933;
719 2354 67 39 2c.
823 2355 94 37 and
956 2352 81 41 aff.
1076 2353 106 40 Jul.
1221 2354 39 46 2,
1298 2353 140 47 1934;
1479 2355 41 38 A
1556 2355 169 49 68675;
1768 2358 195 47 Eugene
2001 2359 180 46 Joseph

251 2412 169 43 Chase,
458 2412 96 40 San
587 2411 273 39 Francisco.
927 2406 66 53 [©
1027 2421 106 28 new
1166 2411 242 49 material]
1482 2412 221 49 (34-431)

181 2486 256 65 Calvert,
464 2486 255 55 William
747 2485 319 58 Robinson.

313 2563 1841 74 … The hungry hills. London & New York, Putnam [1933]
243 2638 88 40 320
359 2649 42 37 p.
462 2638 59 40 19½c
567 2640 27 20 m
600 2671 6 6 .

252 2696 62 39 At
340 2696 123 38 head
493 2695 52 40 of
572 2694 135 41 title:
738 2696 70 38 W.
839 2695 55 38 R.
926 2694 210 41 Calvert.

183 2748 1996 58 © 1c. Dec. 28, 1933 : A ad int. 18542; pubd. Oct. 30; W. R. Calvert,
249 2809 211 40 London.
535 2808 249 49 (34-1285)

182 2880 262 66 Carlisle,
476 2885 226 53 Donald
733 2884 357 65 Thompson,
1123 2888 171 51 1894-

249 2958 242 71 Wining
512 2961 113 52 and
650 2960 206 70 dining
879 2961 140 53 with
1045 2962 199 68 rhyme
1268 2964 114 52 and
1408 2981 215 50 reason,
1650 2966 74 68 by
1750 2967 70 51 D.
1849 2967 65 55 T.
1941 2967 241 54 Carlisle

182 3037 112 53 and
345 3037 300 54 Elizabeth
695 3038 205 68 Dunn;
955 3040 325 53 illustrated
1331 3041 74 68 by
1455 3042 71 52 D.
1578 3043 64 51 T.
1697 3043 258 54 Carlisle.
2046 3045 135 52 New

183 3112 178 70 York,
387 3115 247 68 Minton,
663 3117 181 52 Balch
870 3117 46 50 &
942 3135 279 51 company
1256 3151 13 33 [
1275 3124 16 21 c
1297 3121 132 49 1933
1437 3152 12 33 ]

251 3186 85 43 128
363 3199 43 37 p.
435 3189 76 39 incl.
571 3189 162 47 front.,
763 3189 126 41 illus.
919 3190 133 48 (inch
1081 3190 175 47 music)
1327 3191 56 40 19½
1417 3193 43 22 cm
1465 3225 8 7 .

253 3243 286 42 Illustrated
568 3245 361 48 lining-papers.

252 3300 374 49 Bibliography:
655 3312 42 37 p.
727 3301 98 41 128.

186 3355 51 51 ©
270 3360 111 40 Dec.
414 3360 38 43 8,
485 3360 140 40 1933;
659 3361 66 39 2c.
758 3361 110 39 Dec.
903 3361 80 47 13;
1019 3361 81 41 aff.
1134 3364 110 38 Dec.
1278 3362 81 47 27;
1395 3363 40 39 A
1467 3364 170 42 67819;
1675 3367 55 39 D.
1764 3368 50 38 T.
1851 3368 205 40 Carlisle
2090 3371 94 38 and

252 3416 252 42 Elizabeth
541 3419 157 45 Dunn,
735 3418 117 39 New
889 3418 214 42 Canaan,
1141 3419 143 41 Conn.
1359 3420 220 49 (34-433)

186 3491 231 64 Coates,
448 3491 391 65 Christopher
864 3494 88 55 W.

255 3568 268 68 Tropical
560 3569 165 54 fishes
764 3571 92 52 for
893 3590 30 33 a
957 3573 225 65 private
1218 3575 315 65 aquarium,
1567 3577 75 66 by
1680 3578 377 67 Christopher
2092 3581 88 54 W.

185 3645 1996 71 Coates … photographs by S. C. Dunton … New York,
185 3721 300 68 Liveright
519 3724 333 70 publishing
884 3728 381 67 corporation,
1299 3734 149 49 1933.

256 3795 66 50 xi,
347 3797 87 40 226
460 3808 43 37 p.
563 3798 87 43 col.
675 3797 164 48 front.,
868 3800 170 47 plates.
1098 3800 57 40 18
1157 3803 43 21 cm
1206 3833 7 7 .

188 3850 50 51 ©
269 3856 109 39 Dec.
409 3855 37 46 8,
477 3856 139 43 1933;
648 3857 67 39 2c.
746 3858 95 39 and
871 3857 81 39 aff.
984 3858 106 39 Jan.
1123 3859 40 39 3,
1193 3858 140 42 1934;
1367 3860 39 38 A
1436 3861 170 44 68707;
1641 3862 47 40 C.
1721 3864 70 38 W.
1825 3864 188 50 Coates,
259 3866 1910 85 Jackson

373 3912 221 47 Heights,
626 3913 49 39 L.
707 3914 51 46 I.,
788 3912 55 41 N.
874 3914 53 40 Y.
999 3915 220 48 (34-609)
