2350 4196
1067 3995 131 49 1891

149 379 274 54 National
456 382 314 53 industrial
799 382 347 53 conference
1175 381 201 55 board.

220 456 333 54 Individual
600 458 110 51 and
756 457 286 53 collective
1089 456 342 68 bargaining
1474 459 60 51 in
1578 457 156 67 May,
1780 460 148 49 1934.
2004 455 134 53 New

158 532 168 57 York,
361 533 269 55 National
663 535 306 53 industrial
1006 534 324 54 conference
1363 534 195 69 board,
1590 534 105 53 inc.
1779 537 151 64 [c1934]

216 630 44 31 x.
288 619 56 39 36
371 630 42 36 p.
474 621 177 47 diagrs.
713 620 54 40 23
771 624 44 21 cm
821 653 8 8 .

220 690 144 39 “This
392 693 161 46 report
581 693 327 46 supplements
937 693 94 39 and
1060 693 163 46 brings
1252 704 63 36 up
1344 696 48 36 to
1419 694 113 38 date
1557 704 28 28 a
1615 693 188 39 similar
1831 703 175 37 survey
147 704 1973 82 conducted
352 748 48 38 in

432 747 280 50 November,
748 748 128 40 1933.
939 751 44 38 It
1016 759 101 30 was
1150 751 264 38 conducted
1448 751 92 38 and
1577 751 97 39 this
1708 753 294 44 monograph
2040 763 99 25 was

149 804 247 46 prepared,
424 804 58 47 by
513 805 87 39 Mr.
631 805 186 40 Harold
848 806 50 40 F.
930 806 585 41 Browne.”—Foreword.

148 875 1777 52 © July 3, 1934; 2c. and aff. Aug. 10; A 73820; Natl. industrial
216 879 1909 95 conference
357 936 163 41 board,
552 937 87 41 inc.
712 936 249 48 (35-1886)

220 1035 331 55 Individual
588 1040 111 51 and
735 1038 286 54 collective
1057 1039 340 68 bargaining
1432 1040 58 52 in
1527 1040 190 67 public
1753 1040 237 53 utilities
2026 1041 107 51 and

149 1113 1563 71 on railroads, October, 1934 … New York city,
1750 1115 267 53 National
151 1116 1964 129 industrial
424 1193 324 53 conference
779 1193 193 68 board,
1000 1195 106 51 inc.
1185 1197 150 63 c1934]

222 1281 77 40 vii.
329 1281 55 41 16
413 1293 42 36 p.
517 1283 177 44 diagrs.
756 1283 53 40 23
814 1285 42 21 cm
863 1317 8 7 .

150 1350 50 51 ©
235 1355 115 38 Nov.
388 1353 68 47 22,
492 1353 140 48 1934;
669 1354 24 38 2
700 1366 33 28 c.
772 1356 109 39 Dec.
919 1354 82 42 20:
1040 1354 80 40 aff.
1158 1356 108 38 Dec.
1305 1355 82 42 21;
1426 1356 39 37 A
1502 1355 170 41 78640:
1712 1357 111 37 Natl.
1879 1355 263 40 industrial

216 1411 285 39 conference
531 1412 162 47 board,
726 1412 89 39 inc.
887 1411 249 49 (35-2705)

148 1514 277 53 National
451 1516 152 63 legal
631 1517 345 52 documents
1003 1532 101 47 co.,
1130 1517 139 51 New
1299 1517 175 51 York.

224 1592 198 52 Forms
454 1590 55 51 in
546 1591 358 68 bankruptcy
939 1592 57 51 in
1028 1589 366 70 proceedings
1427 1592 178 51 under
1637 1592 94 51 the
1766 1599 115 45 acts
1913 1591 61 51 of
2011 1594 128 48 1933

152 1668 110 53 and
305 1671 149 48 1934.
548 1668 135 54 New
731 1668 173 68 York,
945 1668 66 51 N.
1056 1668 90 68 Y.,
1183 1667 271 54 National
1494 1669 150 67 legal
1683 1668 327 54 documents
2047 1688 61 34 co.,

152 1753 16 21 c
175 1748 148 50 1934.

220 1832 282 47 cover-title,
536 1831 55 39 24
623 1842 43 37 p.
727 1831 55 40 25
785 1834 43 20 cm
834 1864 8 7 .

150 1902 50 51 ©
237 1906 101 40 Oct.
371 1905 69 48 26,
475 1905 140 42 1934;
652 1904 66 41 2c.
753 1907 94 38 and
884 1905 78 40 aff.
1001 1905 99 40 Oct.
1138 1904 80 48 29;
1256 1906 39 38 A
1330 1906 169 42 76807;
1538 1907 114 39 Natl.
1702 1908 125 46 legal
1864 1907 280 39 document's

216 1975 64 28 co.
354 1963 250 48 (35-2513)

149 2066 141 53 New
320 2066 161 53 York
548 2065 159 67 (City)
796 2066 284 56 Charters.

221 2144 410 53 Amendments
660 2151 58 45 to
750 2145 94 51 the
876 2145 179 66 Eagle
1085 2144 217 67 library
1336 2144 214 53 edition
1583 2144 63 53 of
1676 2146 119 52 The
1827 2147 223 51 charter
2079 2144 63 52 of

151 2222 94 53 the
284 2223 116 65 city
437 2223 63 52 of
538 2224 136 51 New
713 2222 162 53 York
913 2221 150 54 from
1099 2223 138 67 May
1275 2228 46 62 1,
1360 2227 149 62 1930,
1546 2229 57 45 to
1637 2224 95 50 the
1768 2224 143 50 close
1948 2222 63 52 of
2046 2224 93 50 the

150 2301 438 67 extraordinary
621 2302 209 54 session
864 2300 64 53 of
959 2301 94 53 the
1088 2305 134 49 1934
1254 2306 143 47 state
1431 2299 356 69 Legislature
1824 2301 112 52 and
1970 2302 171 51 Local

150 2377 1989 69 law no. 22 of 1934, of the city of New York … Compiled by
150 2457 1991 68 Francis Savona … Brooklyn, N. Y., The Eagle library, inc.,
149 2544 17 20 c
172 2541 148 49 1934.

220 2611 57 38 74
306 2620 42 37 p.
409 2610 56 39 25½
498 2612 43 20 cm
548 2641 8 7 .
672 2608 130 48 $1.50

222 2682 70 40 On
323 2691 167 30 cover:
522 2681 39 38 A
593 2681 301 45 supplement
925 2682 47 36 to
1004 2680 81 38 the
1116 2680 148 47 Eagle
1293 2679 185 47 library
1508 2679 181 39 edition
1721 2678 50 38 of
1802 2679 100 38 The
1934 2682 206 39 charter.

149 2751 57 51 ©
231 2756 109 38 Dec.
372 2755 67 45 15,
471 2753 113 40 1934;
642 2752 65 39 2c.
740 2753 109 38 Dec.
881 2752 81 46 28;
996 2751 79 40 aff.
1108 2752 111 38 Dec.
1250 2751 55 40 27;
1366 2752 39 37 A
1436 2749 170 42 77899:
1641 2752 152 44 Eagle
1822 2750 197 45 library,
2053 2750 87 38 Inc.

228 2810 250 49 (35-2586)

149 2913 253 64 Nilssen,
432 2915 172 61 Sven,
636 2917 170 49 1864-

146 2985 1967 144 … Et menneske kommer til verden, roman. Oslo, Gyldendal,
293 3073 149 48 1934.

217 3144 86 39 302
333 3154 40 37 p.
436 3142 55 40 20
495 3144 42 20 cm
544 3174 8 7 .

149 3209 1975 109 © Sept. 14, 1934; 1c. Nov. 26: A-Foreign 26334: Gyldendal Norsk forlag. (35-2441)
145 3372 207 65 Origin
389 3373 62 51 of
487 3373 194 65 things
717 3370 286 66 familiar;
1041 3372 253 51 sketches
1329 3388 70 33 on
1435 3370 93 51 the
1564 3368 187 67 origin
1787 3368 62 52 of
1884 3384 253 36 common

214 3450 210 67 things,
448 3449 298 67 prevalent
767 3447 218 67 beliefs,
1011 3447 282 67 everyday
1318 3446 186 52 words
1530 3445 112 52 and
1669 3445 249 66 phrases,

212 3441 1902 136 familiar
330 3528 154 66 signs
517 3526 112 51 and
660 3525 247 67 symbols
940 3525 108 51 and
1083 3530 227 46 current
1340 3529 257 46 customs.
1670 3520 347 68 Cincinnati,
2051 3519 87 66 O.,

212 3605 215 52 United
461 3603 146 52 book
640 3601 362 68 corporation
1044 3635 11 33 [
1061 3608 17 21 c
1084 3604 134 49 1934
1221 3634 12 33 ]

212 3678 26 36 4
263 3687 42 36 p.
370 3708 5 11 l.,
400 3675 86 40 280
510 3685 43 37 p.
614 3675 24 39 1
663 3674 127 40 illus.
851 3674 54 40 20
910 3676 43 21 cm
958 3706 7 8 .

217 3748 67 37 “A
321 3747 83 39 list
441 3746 50 39 of
528 3755 128 30 some
697 3745 52 39 of
787 3745 80 41 the
908 3745 291 40 authorities
1239 3743 288 48 supporting
1565 3743 82 40 the
1685 3745 221 38 contents
1947 3741 52 40 of
2038 3742 97 40 this

143 3803 147 38 book”:
346 3801 151 41 2d-3d
522 3802 187 47 prelim,
735 3803 175 39 leaves.

145 3872 51 50 ©
226 3877 110 38 Dec.
366 3876 37 42 7,
433 3873 140 40 1934:
605 3874 64 38 2c.
700 3875 94 38 and
824 3874 80 39 aff.
935 3874 111 39 Dec.
1076 3873 81 46 10;
1188 3873 39 38 A
1258 3871 169 42 77589;
1460 3872 178 39 United
1669 3872 122 39 book
1820 3881 126 37 corp.

223 3932 250 48 (35-2154)
