2350 4196
0 0 0 0 376
278 448 119 40 This
425 448 134 39 work
588 447 40 40 is
661 449 82 39 the
772 448 152 39 result
954 449 49 38 of
1034 458 28 29 a
1093 448 152 40 thesis
1275 449 226 47 accepted
1529 447 79 41 for
1638 448 83 39 the
1750 448 171 47 degree
1952 446 51 41 of
2032 448 166 39 doctor

208 506 50 39 of
293 505 286 49 philosophy
618 504 49 40 in
705 503 113 42 1929
857 505 59 47 by
954 506 82 39 the
1075 504 280 41 Economics
1391 506 308 47 department
1736 503 52 41 of
1825 504 230 40 Harvard
209 505 1971 104 university.
479 562 187 40 Almost
709 562 114 40 four
867 571 141 37 years
1054 562 129 40 after
1227 564 82 39 the
1354 564 286 45 acceptance
1684 561 52 40 of
1779 563 83 39 the
1905 562 165 45 thesis,
2118 564 81 39 the

208 622 178 38 author
426 620 177 39 visited
643 619 253 40 Australia
940 620 95 38 and
1077 621 135 39 there
1255 619 225 41 obtained
1524 618 319 41 information
1887 631 58 28 on
1988 620 212 47 banking

209 677 370 49 developments,
629 676 158 40 which
836 678 87 38 has
973 676 117 40 been
1139 677 337 47 incorporated
1524 677 51 38 in
1623 678 81 38 the
1751 679 194 46 present
1995 677 201 41 volume.

205 736 61 46 cf.
299 736 129 41 Pref.

212 790 1984 51 © 1c. Mar. 15, 1934; A ad int. 18731; pubd. Jan. 15; L. C. Jauncey,
280 852 208 38 London.
562 849 249 48 (34-7823)

210 938 310 63 Jumilhac,
556 938 175 52 Ethel
763 937 292 63 (Barbey)
1097 943 261 46 comtesse
1391 937 88 54 de.

380 1004 1822 79 … Éthiopie moderne; préface de Robert Chauvelot. Avec
209 1100 273 61 quarante
527 1092 431 68 reproductions
1004 1091 539 70 photographiques.
1625 1092 185 67 Paris,
206 1092 1972 147 Berger-Levrault,
448 1174 149 50 1933.

282 1242 1186 50 xvi, 166, [2] p. front., plates, ports. 19 ½ cm.
281 1299 62 43 At
371 1303 123 39 head
522 1300 51 42 of
600 1301 108 40 title;
769 1299 243 42 Comtesse
1040 1302 57 39 de
1127 1300 258 41 Jumilhac.

214 1357 1988 106 © July 7, 1933; 1c. Jan. 23, 1934; A- Foreign 23484; Editions Berger-Levrault. (34-6958)
211 1507 321 64 Karrasch,
560 1506 231 56 Alfred.

379 1581 1825 70 … Stein, gib brot— ! Eine chronik aus dem kampf unserer
212 1666 143 62 tage.
424 1660 294 68 Stuttgart
746 1660 116 52 und
892 1659 217 66 Berlin,
1141 1658 188 69 Cotta,
1362 1661 149 51 1933.

284 1732 472 51 234, [2] p. 19 ½ cm.
217 1788 1987 51 © Nov. 3, 1933; 1c. Jan. 9. 1934; A -Foreign 23289; J. G. Cotta’sche
284 1849 376 45 buchhandlung
690 1846 296 47 nachfolger.
1058 1846 248 47 (34-6400)

215 1936 330 65 Knowlton,
575 1936 208 54 Daniel
814 1936 332 65 Chauncey,
1176 1936 171 53 1876-

387 2013 1815 68 … When we were colonies, by Daniel C. Knowlton … and
218 2092 1987 68 Charles M. Gill … New York, Cincinnati [etc.] American
216 2170 146 52 book
387 2188 279 50 company
716 2173 173 63 [c1934]

283 2244 82 47 xii,
403 2243 85 41 370
524 2254 42 38 p.
604 2243 110 41 inch
752 2244 84 39 col.
875 2244 162 43 front.,
1076 2243 126 40 illus.
1268 2242 145 41 19½cm.
1491 2244 123 49 (The
1655 2245 256 38 westward
1951 2244 166 39 march
2156 2243 51 41 of

209 2303 136 46 man)

281 2358 221 39 Includes
534 2357 389 47 bibliographies.

221 2409 50 51 ©
302 2416 120 38 Mar.
452 2414 68 46 27,
551 2414 114 39 1934;
724 2414 66 39 2c.
822 2416 94 37 and
946 2413 80 40 aff.
1059 2416 120 38 Mar.
1209 2414 82 46 30;
1324 2414 41 39 A
1395 2414 144 41 70858;
1597 2416 158 39 Amer.
1787 2416 121 40 book
1940 2427 65 29 co.

301 2470 249 47 (34-7014)

218 2559 201 65 Lloyd,
452 2561 170 51 Anne
656 2560 237 64 Gladys,
927 2562 170 50 1889-

290 2634 1919 71 Pad and pencil puzzles, by Gladys Lloyd … New York,
219 2713 245 54 Thomas
505 2712 68 52 Y.
618 2713 241 54 Crowell
900 2731 275 51 company
1236 2717 157 48 [c1934]

287 2784 63 48 ix,
386 2784 54 40 85
475 2795 42 37 p.
580 2785 115 40 21cm.

289 2842 158 39 Blank
476 2851 148 38 pages
650 2842 80 39 for
762 2841 203 41 “Notes”
1008 2841 191 49 (80-85)

223 2898 50 51 ©
301 2904 119 37 Mar.
447 2904 68 44 13,
541 2902 139 41 1934;
709 2902 64 39 2c.
803 2903 118 38 Mar.
949 2901 54 39 16;
1058 2901 80 40 aff.
1167 2904 119 39 Mar.
1313 2903 82 45 15;
1423 2903 41 39 A
1489 2903 169 47 69857;
1687 2905 211 39 Thomas
1923 2906 53 40 Y.
2005 2905 203 40 Crowell

290 2970 65 29 co.
428 2959 1692 47 (34-7171)2442

221 3048 312 64 Longwell,
566 3048 249 55 Chester
843 3049 147 64 Ray,
1023 3050 170 51 1887-

291 3122 1857 73 Outlines of physical geology, by Chester R. Longwell …
221 3200 1987 72 Adolph Knopf … and Richard F. Flint … New York, J.
220 3277 188 70 Wiley
433 3280 43 48 &
501 3297 146 49 sons,
670 3281 105 50 inc.;
834 3279 256 66 London,
1119 3278 298 67 Chapman
1443 3282 45 50 &
1512 3280 161 68 Hall,
1698 3282 239 69 limited,
1967 3285 148 50 1934.

294 3351 1560 50 2 p. l., iii-v, 356 p. front., illus., diagrs. 23½cm. $3.00
294 3407 143 41 “This
478 3410 192 37 shorter
706 3408 192 39 version
938 3409 50 39 of
1029 3408 237 47 ‘Physical
1307 3408 210 48 geology’
1559 3410 40 39 is
1639 3409 148 40 based
1829 3421 61 29 on
1930 3411 80 40 the
2053 3410 158 47 larger

223 3464 119 38 book
369 3465 236 46 prepared
634 3464 61 47 by
722 3465 80 39 the
832 3465 201 40 authors
1065 3465 48 38 in
1144 3463 347 42 1932.”—Pref.

228 3518 49 51 ©
306 3524 119 38 Mar.
454 3523 67 45 26,
551 3521 138 46 1934;
720 3523 65 39 2c.
814 3524 95 37 and
937 3522 79 41 aff.
1047 3524 120 37 Mar.
1194 3522 81 46 28;
1307 3523 42 37 A
1374 3522 168 45 70852;
1575 3524 47 40 C.
1651 3524 56 39 R.
1736 3524 257 48 Longwell,
2022 3523 188 49 Adolph

294 3580 164 46 Knopf
488 3580 93 38 and
612 3579 213 39 Richard
857 3579 50 40 F.
939 3580 145 40 Flint,
1115 3580 115 38 New
1260 3580 184 38 Haven.
1517 3578 249 49 (34-7150)

225 3666 208 65 Lucas,
461 3668 252 52 Edward
741 3668 248 64 Verrall,
1020 3671 168 51 1868-
1401 3686 176 50 comp.

227 3743 1961 146 Post-bag diversions, elicited by E. Y. Lucas … with 12 illustrations. London. Methuen & co., ltd. [1934]
327 3891 1054 50 x p., 1 l., 256 p. illus., pl., ports. 21cm.
