2350 4296
1057 3985 131 50 1521

159 351 340 67 Aldington,
531 352 275 67 Richard,
840 359 171 50 1892-

222 431 240 54 Women
484 435 151 48 must
659 432 173 67 work,
858 451 30 32 a
912 430 184 68 novel,
1119 431 75 67 by
1218 428 254 55 Richard
1497 430 339 68 Aldington.
1897 431 258 66 London,

155 508 209 55 Chatto
395 511 46 49 &
471 508 263 68 Windus,
769 511 149 51 1934.

226 582 674 48 4 p. l., 382 p., 1 l. 19½ cm .
160 635 1993 53 © 1c. Nov. 14, 1934; A ad int. 19584; pubd. Sept. 20; Doubleday, Doran
290 695 1113 49 & со., inc.. Garden City, N. Y. (34-39049)
157 785 269 67 Alsberg,
455 788 208 63 Henry
689 788 84 64 G.,
803 806 83 34 ed.

219 862 266 53 America
533 863 173 69 fights
754 864 95 52 the
896 862 353 69 depression;
1301 883 31 34 a
1379 864 420 67 photographic
1847 867 196 51 record
2091 865 63 53 of

149 941 94 52 the
292 942 153 54 Civil
496 943 184 52 works
733 943 480 66 administration,
1264 944 189 51 edited
1504 945 112 51 and
1668 945 281 65 compiled
2000 945 150 52 from

150 1019 393 68 photographs
572 1021 109 51 and
711 1021 262 52 material
1001 1019 300 53 furnished
1327 1020 76 52 by
1430 1021 94 51 the
1552 1020 243 53 Federal
1822 1038 331 51 emergency

150 1096 167 54 relief
353 1097 463 53 administration
854 1100 112 51 and
1003 1099 96 52 the
1133 1102 141 49 state
1313 1116 330 50 emergency
1679 1098 168 54 relief
148 1099 1980 129 administrations
417 1175 76 68 by

519 1176 204 67 Henry
750 1176 68 53 G.
847 1176 246 68 Alsberg;
1151 1175 388 55 introduction
1567 1176 75 68 by
1669 1177 201 68 Harry
1897 1179 62 53 L.
148 1180 1979 126 Hopkins
310 1296 54 9 ...
445 1254 139 51 New
614 1253 179 56 York.
825 1252 550 68 Coward-McCann,
1408 1257 148 50 1934.

222 1326 87 41 160
337 1338 41 37 p.
412 1328 109 41 incl.
551 1328 165 47 front.,
747 1328 170 48 plates.
978 1327 58 41 30½
1066 1331 44 21 cm
1116 1360 7 8 .

155 1379 52 52 ©
238 1385 120 47 Aug.
389 1385 69 47 23,
490 1384 140 43 1934;
665 1386 66 41 2c.
764 1386 118 46 Aug.
915 1386 81 40 31;
1105 1415 7 7 aff.
1147 1385 118 47 Aug.
1298 1385 81 51 28;
1415 1385 43 39 A
1488 1386 170 47 76140;
1692 1386 457 49 Coward-McCann,

223 1441 88 40 inc.
384 1441 279 48 (34-28437)

151 1531 315 54 American
498 1532 281 55 institute
807 1534 64 52 of
901 1532 280 54 chemical
1213 1535 329 62 engineers.

221 1608 404 55 Transactions
677 1654 54 8 ...
817 1612 242 53 Volume
1102 1628 130 34 xxx.
1317 1615 254 49 1933-34.
1655 1613 352 68 Containing
151 1632 1975 121 papers
304 1690 137 51 read
473 1696 57 47 at
560 1689 288 68 Roanoke,
877 1689 624 68 Virginia,'December
1533 1694 82 63 12,
1646 1695 81 62 13,
1760 1695 81 63 14,
1873 1695 132 49 1933
2038 1693 111 51 and

152 1766 138 53 New
329 1767 181 68 York,
546 1769 141 52 New
724 1768 179 67 York,
940 1770 139 65 May
1119 1771 80 63 14,
1236 1772 81 63 15,
1358 1772 81 63 16,
1480 1772 135 48 1934
1657 1812 54 8 ...
1790 1771 138 51 New
1969 1771 178 68 York,

148 1847 70 50 D.
247 1846 129 53 Van
401 1846 292 53 Nostrand
721 1864 296 51 company,
1045 1847 124 67 inc.,
1199 1850 147 51 1934.

253 1950 7 15 v,
290 1919 83 39 661
400 1930 40 36 p.
498 1919 139 40 front.
676 1918 173 50 (port.)
885 1920 143 47 illus.,
1056 1920 176 48 diagrs.
1292 1920 54 40 23½
1380 1923 44 21 cm
1431 1955 7 7 .

152 1971 1996 54 © Nov. 1, 1934; 2c. Nov. 30; aff. Dec. 5; A 77476; Amer, institute of
220 2033 232 40 chemical
486 2034 264 47 engineers,
785 2034 356 48 Philadelphia.

147 2120 316 55 American
493 2121 226 64 society
747 2123 96 51 for
872 2122 227 64 testing
1128 2123 323 55 materials.

219 2198 163 53 Book
420 2199 62 53 of
521 2200 69 51 A.
635 2200 54 55 S.
730 2203 64 49 T.
835 2202 78 51 M.
954 2201 274 52 tentative
1267 2202 323 67 standards,
1628 2203 187 52 issued
1857 2202 289 69 annually,

148 2278 1974 145 1934 ... Philadelphia, Pa., American society for testing materials [ c 1934]
215 2430 169 46 xxviii,
415 2429 112 41 1257
557 2441 41 36 p.
657 2430 142 48 illus.,
833 2430 177 48 diagrs.
1070 2430 54 41 23
1129 2433 43 20 cm
1177 2462 6 7 .

151 2482 1996 56 © Nov. 27, 1934; 2c. and aff. Dec. 1; A 78393; Amer. soc. for testing
215 2544 266 41 materials.

145 2631 296 67 Andrade,
473 2633 254 53 Edward
756 2633 229 54 Neville
1014 2636 74 51 da
1119 2636 197 57 Costa,
1349 2635 172 53 1887-

214 2710 219 67 Simple
461 2710 231 67 science,
718 2710 76 67 by
821 2710 65 51 E.
918 2711 68 52 N.
1017 2712 71 51 da
1119 2711 61 54 C.
1209 2712 276 53 Andrade
1519 2756 55 9 ...
1609 2713 111 52 and
1750 2712 201 55 Julian

140 2714 1980 142 Huxley
264 2831 55 9 ...
401 2787 247 68 Oxford,
680 2789 66 50 B.
778 2788 312 53 Blackwell
1145 2792 150 65 [1934]

211 2861 955 50 xi p., 1 l., 688 p. incl. front. 20½ cm .
213 2920 132 39 First
371 2919 197 40 written
595 2919 79 40 for
698 2929 160 37 young
883 2919 167 47 people
1077 2920 94 38 and
1197 2920 255 46 published
1479 2920 48 39 in
1556 2922 136 39 three
1719 2923 137 45 parts
1883 2922 153 39 under
2062 2922 82 39 the

144 2975 105 40 title
276 2976 73 38 An
378 2975 331 39 introduction
739 2977 48 37 to
816 2975 198 39 science.
1072 2975 116 39 This
1217 2975 183 40 edition
1429 2977 89 39 has
1546 2977 117 38 been
1693 2976 236 48 prepared
1956 2977 79 39 for
2062 2978 82 39 the

141 3033 191 45 general
363 3031 187 41 reader.

148 3084 1776 52 © 1c. Nov. 2, 1934; A ad int. 19527; pubd. Oct. 7; B. Blackwell.
224 3145 279 48 (34-38010)

143 3233 256 67 Asbury,
429 3236 277 64 Herbert,
740 3237 171 49 1891-

217 3358 55 8 ...
307 3314 101 52 All
438 3314 219 52 around
686 3314 96 50 the
811 3318 169 46 town.
1057 3313 136 52 New
1224 3314 178 67 York,
1433 3315 70 51 A.
1535 3314 68 53 A.
1635 3314 224 68 Knopf,
1892 3320 149 50 1934.

215 3385 916 49 7 p. l., 3-280, [2] p. illus. 21½cm.
215 3441 161 42 “First
406 3442 228 41 edition.”

146 3497 1993 53 © Nov. 12, 1934; 2c. Oct. 31; aff. Nov. 27; A 77040; Alfred A. Knopf,
212 3559 88 39 inc.
372 3557 279 49 (34-36215)

145 3633 214 67 Bailey,
393 3634 258 53 Thomas
684 3633 275 63 Andrew,
997 3635 171 49 1902-

207 3711 294 54 Theodore
541 3709 305 58 Roosevelt
883 3709 111 52 and
1034 3708 96 53 the
1169 3708 619 69 Japanese-American
1827 3711 196 69 crises;
2068 3734 71 35 an

140 3795 232 47 account
414 3791 64 52 of
519 3789 97 52 the
660 3782 409 58 international
1113 3786 429 68 complications
1587 3786 219 70 arising
1849 3789 152 54 from
2043 3792 97 55 the

140 3884 121 35 race
302 3866 257 69 problem
599 3884 72 34 on
711 3865 96 53 the
847 3862 212 55 Pacific
1100 3867 168 52 coast,
1311 3864 73 67 by
1426 3864 246 55 Thomas
1714 3864 70 56 A.
1828 3866 202 73 Bailey
2080 3914 53 10 ...
