2350 4196
1106 3998 129 49 1123

176 350 261 66 Corbett,
470 350 308 56 Elizabeth
811 354 275 61 Frances,
1121 351 169 54 1887-

246 428 278 71 Growing
556 449 78 50 up
669 430 140 53 with
843 432 94 52 the
972 432 267 66 Grapers,
1272 431 73 66 by
1383 430 300 53 Elizabeth
1718 431 263 66 Corbett;
175 432 1974 129 illustrated

415 510 72 65 by
540 510 157 52 Ruth
749 510 176 67 King.
1002 509 137 53 New
1192 510 178 65 York,
1422 509 257 66 London,
1732 511 71 51 D.
176 511 1997 144 Appleton-Century
462 606 296 50 company,
790 588 417 68 incorporated,
1242 591 147 49 1934.

250 657 63 48 xi,
341 658 86 40 318
456 669 41 37 p.
527 659 108 40 incl.
662 660 164 44 front.,
854 659 128 41 illus.
1038 658 144 41 19½cm.

252 716 286 40 Illustrated
573 715 363 49 lining-papers.

181 773 53 52 ©
257 778 117 45 Aug.
402 778 67 46 17,
495 776 140 45 1934;
663 777 65 39 2c.
753 777 120 46 Aug.
897 775 55 39 20;
1007 787 81 28 aff.
1119 776 126 47 Sept.
1272 776 51 40 5:
1353 776 39 38 A
1417 775 170 43 75231;
1616 776 56 41 D.
1699 775 444 48 Appleton-Century

249 844 81 37 co.,
357 834 88 39 inc.
519 833 278 48 (34-29551)

176 936 245 66 Coryell,
453 938 233 54 Hubert
773 940 235 53 Vansant.

244 1015 313 55 Tan-ta-ka
627 1014 571 54 〈Kills-with-a-knife〉
1268 1016 72 66 by
1376 1016 229 52 Hubert
1697 1058 9 10 V.
1741 1015 257 68 Coryell;
2035 1015 140 52 with

175 1094 380 53 illustrations
596 1095 75 67 by
712 1096 109 51 Lee
864 1094 333 53 Townsend.
1275 1095 234 65 Boston,
1551 1094 196 66 Little,
1790 1096 230 62 Brown,
2063 1094 111 53 and

174 1190 297 50 company,
506 1176 148 53 1934.

250 1243 1420 49 viii p., 2 l., [3]-305 p. incl. front., illus., plates. 21cm.
250 1302 287 39 Illustrated
569 1300 361 48 lining-papers.

181 1360 50 50 ©
262 1363 126 47 Sept.
414 1363 38 45 7,
477 1361 113 40 1934;
644 1361 67 40 2c.
736 1362 93 38 and
855 1360 81 40 aff.
966 1360 125 48 Sept.
1119 1361 48 37 11;
1228 1361 39 37 A
1294 1359 141 41 75244;
1491 1361 58 38 H.
1577 1362 53 38 V.
1658 1361 205 47 Coryell,
1892 1362 283 46 Lexington,

247 1421 145 38 Mass.
464 1418 280 48 (34-29555)

175 1522 296 64 Coulomb,
506 1522 248 55 Charles
783 1521 322 65 Augustin.

246 1597 1870 71 Beginnings in the old world [by] Charles A. Coulomb …
176 1676 2002 69 Emma Dowling … [and] Anna A. Rapp … New York, The
175 1756 332 53 Macmillan
538 1773 296 49 company,
866 1757 150 49 1934.

281 1861 8 16 x,
320 1829 87 41 278
435 1840 43 37 p.
509 1828 109 40 incl.
649 1828 164 48 front.,
844 1828 143 47 illus.,
1017 1837 150 37 maps.
1227 1826 117 43 19cm.

177 1884 1985 110 “Suited to pupils in the fourth year of school … [Presents] the European
328 1943 310 48 background
669 1941 51 41 of
750 1941 254 40 American
1035 1941 188 48 history
1253 1941 176 39 known
1458 1953 54 29 as
1541 1941 241 41 medieval
1811 1942 291 49 times.”—p.
2134 1954 43 31 v.

246 2001 224 40 Includes
500 1998 391 49 bibliographies.

181 2055 51 52 ©
297 2060 48 38 July
404 2057 70 47 24,
506 2057 140 41 1934;
677 2057 66 39 2c.
775 2057 93 38 and
899 2055 80 40 aff.
1011 2055 115 47 July
1156 2055 80 41 25:
1270 2056 40 38 A
1342 2054 169 48 73599;
1545 2056 281 40 Macmillan
1858 2067 65 29 co.

263 2114 279 50 (34-29330)

172 2214 348 68 Dictionary
553 2216 63 54 of
649 2216 305 53 American
985 2216 340 68 biography,
1357 2216 182 52 under
1571 2217 95 52 the
1700 2217 254 67 auspices
1987 2217 66 54 of
2082 2217 95 52 the

242 2296 305 53 American
593 2296 217 54 council
856 2295 62 52 of
962 2295 230 52 learned
1236 2295 269 53 societies.
1583 2295 212 52 Edited
1841 2297 74 64 by
1963 2298 215 52 Dumas

241 2372 1937 70 Malone … Volume XIV. Oglethorpe-Platner. New York,
244 2452 235 55 Charles
515 2452 311 56 Scribner’s
858 2471 145 47 sons,
1038 2456 148 48 1934.

287 2560 8 15 x,
324 2528 87 40 648
435 2539 41 36 p.
535 2527 115 39 26cm.

182 2581 50 52 ©
278 2586 126 47 Sept.
473 2587 40 38 14.
554 2582 141 47 1934;
738 2584 65 38 2c.
846 2583 93 39 and
981 2583 80 39 aff.
1107 2583 124 47 Sept.
1275 2582 82 41 20:
1402 2584 38 37 A
1483 2582 170 40 75405:
1698 2584 156 38 Amer.
1899 2583 186 39 council
2128 2584 52 39 of

249 2643 198 39 learned
479 2641 235 40 societies.
748 2639 334 48 Washington.

180 2733 202 63 Evers,
411 2730 206 56 Helen.

249 2809 176 52 Little
463 2808 492 68 Goosie-Gosling,
992 2808 73 68 by
1101 2808 186 52 Helen
1322 2812 47 50 &
1405 2808 108 52 Alf
1550 2810 195 51 Evers.
1822 2809 139 52 New
1999 2808 180 66 York,

178 2888 214 51 Farrar
418 2892 44 48 &
490 2886 297 66 Rinehart,
817 2887 397 67 incorporated
1267 2891 172 62 [c1934]

256 2958 84 51 [63]
375 2971 42 37 p.
478 2959 126 40 illus.
667 2960 114 40 17cm.

252 3016 287 42 Illustrated
571 3016 362 48 lining-papers.

183 3070 51 52 ©
268 3075 124 47 Sept.
426 3074 68 47 10,
526 3073 113 40 1934;
700 3073 66 41 2c.
799 3076 95 37 and
926 3074 81 40 aff.
1044 3075 126 46 Sept.
1202 3075 52 38 11:
1319 3075 39 37 A
1391 3073 142 40 75226;
1594 3075 155 38 Helen
1784 3075 150 38 Evers
1967 3075 94 39 and
2095 3074 84 39 Alf

252 3133 162 45 Evers,
451 3132 88 40 Old
575 3130 295 43 Greenwich,
908 3130 146 41 Conn.
1126 3130 278 48 (34-29547)

177 3221 414 65 Ferri-Pisani,
626 3221 240 55 Camille
900 3225 274 61 Auguste
1209 3222 270 56 Anatole.

308 3298 1707 69 … Antipodes; l’Australie, paradis socialiste. Paris, Les
176 3287 1974 143 Éditions
354 3377 67 52 de
450 3377 236 66 France,
715 3380 172 48 c1934.

248 3450 657 48 2 p. l., 247 p., 1 l. 19cm.
249 3509 63 37 At
338 3508 124 39 head
489 3507 51 40 of
567 3507 107 40 title:
732 3505 341 42 Ferri-Pisani.

183 3562 1994 57 © June 15, 1934: 1c. Aug. 14; A-Foreign 25409; Éditions de France.
264 3627 278 50 (34-29335)

178 3716 243 67 Finney,
453 3719 201 64 Harry
681 3720 223 64 Anson,
939 3722 169 50 1886-

246 3794 1931 70 Principles of accounting, by Ή. A. Finney … Volume I.
176 3873 424 52 Intermediate.
678 3875 136 52 New
854 3876 178 58 York,
1071 3876 449 53 Prentice-Hall,
1555 3875 125 65 inc.,
1721 3878 148 51 1934.
