2350 4196
1117 4010 131 47 1610

196 385 279 54 National
504 387 344 53 conference
876 389 62 50 of
966 386 176 54 social
1169 386 178 54 work.

267 462 389 68 Proceedings,
677 464 62 51 of
768 464 93 52 the
893 464 272 52 National
1195 464 327 51 conference
1554 463 60 50 of
1645 464 171 50 social
1847 465 155 49 work
196 463 1964 133 <formerly

407 540 273 54 National
715 542 326 51 conference
1078 542 63 52 of
1174 541 265 52 charities
1475 541 110 50 and
1621 542 312 52 correction>
2001 549 55 44 at
2091 543 93 49 the

198 615 306 69 sixty-first
538 621 210 50 annual
782 620 207 51 session
1024 618 131 52 held
1183 622 62 50 in
1281 620 224 49 Kansas
1544 619 149 65 City.
1727 620 287 65 Missouri,
2048 621 137 65 May

198 695 1988 69 20-26, 1934 … Chicago, Ill., Pub. for the National conference
199 774 62 50 of
290 772 171 53 social
492 773 157 51 work
677 774 73 66 by
779 774 120 51 The
930 774 333 66 University
1295 774 63 53 of
1389 774 253 66 Chicago
1667 793 156 47 press
1860 808 12 32 [
1878 781 16 20 c
1900 778 134 47 1934
2038 808 11 32 ]

266 845 1066 49 xi. 621 p. front. (port.) diagrs. 22½ cm .
201 898 50 52 ©
280 904 111 38 Dec.
479 934 8 10 18,
517 901 140 42 1934:
685 902 67 40 2c·.
782 904 111 40 Dec.
921 903 55 38 22;
1036 903 80 41 aff.
1146 904 110 40 Dec.
1285 904 54 37 24:
1397 904 40 37 A
1466 903 140 39 77832:
1666 904 113 38 Natl.
1826 903 281 40 conference
2136 904 50 39 of

269 960 148 39 social
453 960 146 40 work.
634 960 273 47 Columbus,
944 960 49 40 O.

198 1048 237 65 Nelson,
465 1050 236 52 Andres
728 1050 279 64 Winters,
1040 1056 169 48 1883-

269 1126 183 52 Those
488 1126 125 51 who
651 1145 152 34 came
836 1126 140 67 first,
1012 1127 167 65 being
1215 1146 31 33 a
1279 1127 196 51 varied
1511 1126 294 52 collection
1840 1127 63 50 of
1936 1126 252 52 sketches

200 1204 230 65 dealing
520 1204 88 50 with
645 1205 292 51 historical
978 1205 148 51 facts
1165 1205 111 51 and
1313 1204 310 64 legendary
1661 1202 275 53 fantasies
1974 1204 212 52 related

199 1288 58 45 to
285 1281 293 53 northeast
607 1280 245 67 Oregon,
880 1281 75 65 by
982 1280 70 52 A.
1083 1281 89 53 W.
1199 1280 228 53 Nelson.
1490 1280 85 52 La
1604 1279 248 65 Grande,

1882 1279 147 65 Ore.,
198 1280 1966 130 Nelson
329 1377 173 47 press,
533 1361 150 49 1934.

270 1421 614 57 79 p., 4 l. illus. 19 cm .
272 1486 286 48 “Drawings
587 1487 61 47 by
679 1486 163 40 Lucile
875 1484 183 47 Stuart,
1088 1486 137 39 block
1255 1486 200 47 carving
1485 1486 58 45 by
1576 1485 103 39 Don
1713 1485 226 40 Poarch."

271 1542 158 40 Blank
456 1545 160 38 leaves
641 1542 81 40 for
748 1540 370 41 “Memoranda”
1157 1542 48 46 (4
1232 1543 52 38 at
1311 1542 115 46 end)

204 1597 51 51 ©
289 1601 98 40 Oct.
422 1599 68 47 22,
522 1600 113 39 1934:
696 1599 64 39 2c.
796 1598 101 40 Oct.
930 1598 54 40 30:
1048 1596 80 41 aff.
1161 1598 115 39 Nov.
1310 1596 81 40 19:
1426 1598 39 37 A
1501 1596 166 40 77298:
1706 1599 51 36 A.
1793 1599 69 37 W.
1897 1598 191 39 Nelson.
2121 1599 66 39 La

270 1658 205 39 Grande.
506 1657 76 40 Or.
656 1654 278 48 (34-39886)

200 1736 144 52 New
391 1738 210 62 Jersey
649 1737 186 67 digest
880 1736 320 51 annotated.
1289 1738 133 48 1934
1469 1736 225 51 annual.
1781 1736 284 65 Covering
2114 1736 70 49 all

271 1833 152 36 eases
452 1815 264 66 reported
748 1813 61 51 in
839 1815 137 51 New
1009 1815 198 64 Jersey
1240 1817 220 62 reports
1495 1813 111 50 and
1639 1814 136 50 New
1809 1815 198 64 Jersey
2041 1829 147 34 cases

270 1893 62 50 in
356 1890 259 55 Atlantic
642 1898 271 60 reporter,
941 1892 139 50 with
1107 1891 148 51 table
1285 1890 62 51 of
1374 1909 148 34 cases
1551 1890 272 66 digested.
1887 1891 302 51 American

271 1970 185 66 digest
513 1967 412 54 classification.
1020 1969 89 66 By
1168 1969 94 50 the
1321 1968 320 67 publishers'
1718 1968 264 52 editorial
2040 1965 147 54 staff.

271 2048 278 52 Newark,.
575 2046 185 67 Soney
798 2050 45 49 &
884 2046 144 67 Sage
1069 2064 106 33 co.:
1221 2046 79 54 St.
1342 2047 164 51 Paul.
1543 2048 157 51 West
1743 2045 331 67 publishing
2111 2062 75 34 co.

317 2128 149 64 [c1934]

270 2200 85 38 327
377 2209 42 36 p.
474 2197 54 40 26
531 2200 44 20 cm
582 2231 6 7 .

204 2252 51 51 ©
290 2257 113 37 Nov.
435 2255 67 40 26.
535 2253 138 41 1934:
706 2255 67 39 2c·.
804 2255 109 38 Dec.
945 2253 57 38 27
1065 2252 78 40 aff.
1176 2254 109 37 Dec.
1319 2253 81 39 24:
1434 2254 43 37 A
1509 2252 166 41 78719:
1715 2253 152 46 Soney
1900 2253 35 39 &
1970 2254 121 42 Sage
2123 2264 64 29 co.

272 2313 94 38 and
392 2313 135 38 West
552 2312 108 46 pub.
689 2322 66 28 co.

203 2387 142 52 New
385 2388 160 51 York
584 2388 385 66 supplement;
1014 2404 148 34 cases
1203 2387 211 66 argued
1457 2387 109 50 and
1608 2387 345 51 determined
1997 2388 58 49 in
2096 2386 93 50 the

275 2463 177 53 Court
493 2465 62 51 of
596 2463 249 68 appeals,
888 2463 272 67 Supreme
1201 2465 110 50 and
1351 2465 171 51 lower
1563 2471 186 45 courts
1791 2464 62 51 of
1893 2465 194 50 record
2130 2463 60 50 of

271 2543 138 50 New
459 2542 162 53 York
669 2547 161 60 state,
880 2540 137 52 with
1068 2542 107 66 key
1222 2543 236 50 number
1509 2544 377 49 annotations,
1971 2561 49 32 v.
2074 2545 116 47 272.

272 2616 529 71 July-September.
835 2622 147 48 1934.
1055 2619 79 54 St.
1167 2621 165 51 Paul.
1360 2622 157 51 West
1550 2620 332 67 publishing
1914 2638 60 33 co.,
2044 2623 146 47 1934.

271 2705 79 35 xx,
377 2693 97 47 920,
508 2692 127 51 [194],
664 2693 57 39 70
747 2704 40 36 p.
845 2694 57 37 24
904 2695 44 20 cm
953 2723 6 6 .

205 2746 51 51 ©
283 2752 118 39 Nov.
428 2751 67 39 28,
524 2749 139 41 1934:
694 2750 67 40 2c·.
789 2751 111 39 Dec.
928 2748 54 40 27:
1041 2748 79 40 aff.
1147 2750 109 38 Dec.
1286 2751 81 37 24:
1397 2751 39 37 A
1466 2750 168 39 78711:
1664 2750 134 38 West
1828 2749 106 47 pub.
1967 2760 64 27 co.

203 2877 195 54 North
434 2885 236 48 eastern
708 2889 282 57 reporter;
1032 2897 146 35 cases
1216 2881 213 66 argued
1468 2881 111 50 and
1617 2881 348 51 determined
2004 2881 54 49 in
2098 2880 93 50 the

273 2963 186 46 courts
492 2958 63 51 of
584 2959 244 54 Illinois,
859 2957 265 54 Indiana.
1154 2959 457 51 Massachusetts.
1643 2961 136 49 New
1814 2958 178 53 York.
2025 2957 167 54 Ohio,

275 3035 135 50 with
461 3035 106 67 key
616 3035 236 51 number
901 3035 375 54 annotations,
1365 3055 45 30 v.
1465 3040 112 47 191.
1664 3036 527 65 July-September.

275 3116 147 47 1934.
490 3111 80 54 St.
602 3114 163 55 Paul,
792 3115 159 51 West
976 3112 334 68 publishing
1337 3132 61 34 co.,
1464 3117 148 51 1934.

273 3187 117 39 xxii,
417 3186 112 39 1012
558 3197 43 35 p.
657 3184 57 41 26
714 3188 44 20 cm
763 3216 6 7 .

206 3239 50 50 ©
286 3244 115 39 Nov.
431 3241 38 42 9,
498 3242 113 39 1934:
669 3242 66 40 2c·.
766 3243 108 39 Dec·.
906 3242 54 39 27;
1020 3241 81 40 aff.
1131 3243 109 40 Dec.
1272 3243 54 37 24:
1386 3244 39 37 A
1456 3243 140 39 78767:
1656 3244 135 37 West
1820 3243 106 45 pub.
1959 3252 64 29 co.

204 3314 212 65 Olcott,
445 3318 255 52 Frances
731 3316 264 64 Jenkins,
1028 3336 175 47 comp.

277 3393 1801 69 The isles of colored shells; tales and poems of fact and
206 3471 205 66 beauty
444 3471 94 50 for
572 3469 239 70 reading
841 3470 170 52 aloud
1046 3472 110 52 and
1189 3473 94 50 for
1316 3475 93 49 the
1444 3473 302 52 children's
1779 3491 126 36 own
1938 3472 253 65 reading,

205 3548 235 51 selected
476 3549 112 51 and
623 3549 280 66 arranged
937 3549 74 65 by
1046 3551 243 51 Frances
1325 3550 240 55 Jenkins
1601 3551 220 54 Olcott;
1862 3551 135 50 with
203 3550 1963 127 illustrations

475 3626 70 65 by
571 3626 226 50 Heman
825 3628 139 64 Fay.
990 3626 69 65 jr.
1124 3628 210 49 Boston
1365 3629 110 50 and
1503 3630 136 50 New
1669 3629 177 54 York,
1873 3628 316 65 Houghton

204 3700 201 53 Mifflin
434 3721 295 48 company.
759 3705 148 49 1934.

276 3775 1161 49 xv p., 2 l., [3]-169 p. front., plates. 21½ cm .
280 3832 282 38 Illustrated
591 3831 360 48 lining-papers.

209 3883 51 51 ©
290 3888 114 40 Nov.
432 3888 67 39 23,
530 3887 111 40 1934:
700 3888 65 40 2c.
796 3890 93 37 and
917 3888 79 38 aff.
1026 3889 114 38 Nov.
1169 3891 52 35 26:
1280 3891 39 37 A
1349 3889 138 40 78273:
1550 3892 46 36 F.
1664 3922 6 6 J.
1702 3890 171 39 Olcott.
1904 3891 114 37 New
2048 3890 141 38 York.

286 3942 277 50 (34-39939)
