2350 4196
1168 3995 97 50 506

218 369 175 65 Page,
421 369 253 54 William
704 370 274 64 Herbert,
1009 372 81 52 ed.

288 447 199 67 Page's
534 447 147 55 Ohio
727 449 341 51 cumulative
1113 448 132 52 code
1288 449 226 64 service,
1557 447 330 68 containing
1930 450 94 50 the
2067 451 137 50 laws

220 525 199 67 passed
448 532 60 45 at
531 526 93 51 the
650 524 209 69 special
885 527 208 50 session
1121 526 61 53 of
1207 527 93 52 the
1328 526 390 68 eighty-ninth
1741 527 242 53 General
220 542 1961 130 assembly
354 604 217 66 (1932),
600 604 94 50 the

723 604 226 67 regular
977 605 207 51 session
1214 602 64 53 of
1304 605 94 50 the
1427 603 277 52 ninetieth
1733 604 243 54 General
219 618 1963 134 assembly
364 682 219 66 (1933),
619 681 110 53 and
765 681 98 52 the
898 681 209 67 special
1142 681 235 53 sessions
1416 681 63 51 of
1513 681 97 53 the
1647 680 277 53 ninetieth
1963 682 243 55 General

221 758 275 68 assembly
529 760 160 66 (1933
715 760 109 51 and
849 759 188 66 1931),
1060 760 135 52 with
1227 765 156 46 notes
1414 759 61 52 of
1504 760 275 52 decisions
1807 760 63 52 of
1897 761 94 52 the
2021 766 185 50 courts

222 837 110 51 and
369 837 259 66 opinions
664 836 62 54 of
758 837 94 52 the
889 843 258 61 attorney
1181 837 244 69 general,
1459 836 332 70 construing
1823 839 95 51 the
1952 843 254 49 statutes.

217 913 386 53 Annotations
647 915 73 67 by
766 916 134 53 Carl
944 916 172 51 Louis
1160 913 177 55 Meier
1387 957 31 9 ..
1491 916 218 68 George
1755 917 61 53 C.
1861 917 346 66 Trautwein,

218 989 1987 75 managing editor. No. 12: 1931 … Cincinnati, The W. H.
219 1071 301 52 Anderson
551 1088 277 51 company
864 1104 11 32 [
880 1077 17 20 c
904 1074 149 62 1931]

293 1156 28 28 v
366 1144 86 40 579
493 1144 55 39 61
576 1155 29 36 p
675 1143 58 41 26½cm.

228 1196 51 54 ©
310 1203 113 45 May
451 1199 68 48 19,
549 1200 140 45 1934;
720 1201 66 38 2c.
819 1201 94 38 and
943 1199 80 41 aff.
1056 1201 112 46 May
1197 1200 82 45 21;
1311 1200 41 38 A
1383 1199 167 46 71708;
1583 1200 71 40 W.
1686 1201 57 38 H.
1777 1201 251 38 Anderson
2058 1210 66 32 co.

219 1320 361 52 Paramount
620 1319 214 63 college
872 1318 62 52 of
971 1318 220 64 beauty
1228 1319 244 61 culture,
1510 1320 112 51 Los
1658 1319 263 67 Angeles,
1960 1338 177 50 comp.

292 1397 226 67 Theory
548 1396 64 52 of
644 1396 394 67 cosmetology,
1071 1394 279 68 compiled
1379 1396 75 66 by
1486 1396 94 51 the
1611 1397 350 52 Paramount
1998 1397 207 67 college

224 1469 1982 76 of beauty culture … Whittier, Calif., Printed by Western
223 1550 262 69 printing
516 1550 360 70 corporation
915 1586 13 32 [
932 1558 16 21 c
954 1554 135 49 1934
1092 1585 13 32 ]

296 1623 85 41 175
409 1635 43 37 p.
512 1624 129 40 illus.
698 1622 146 41 23½cm.

296 1680 224 40 Includes
547 1680 148 40 blank
721 1690 145 37 pages
895 1680 77 39 for
1005 1678 217 42 “Notes”.

230 1734 51 53 ©
313 1740 120 39 Mar.
466 1739 38 45 1,
537 1737 139 45 1934;
710 1737 66 40 2c.
808 1739 114 46 Apr.
953 1737 82 40 23;
1071 1736 79 40 aff.
1183 1739 112 45 Apr.
1326 1737 83 45 21;
1444 1737 41 38 A
1517 1737 169 46 71320;
1722 1738 138 38 Anna
1895 1737 190 47 Morris,
2120 1740 92 38 Los

292 1796 218 46 Angeles.
585 1793 278 48 (34-10363)

219 1897 250 64 Peattie,
503 1899 136 52 Mrs.
674 1894 212 55 Louise
917 1896 317 65 (Redfield)

290 1973 159 56 Wife
508 1978 55 47 to
625 1972 258 67 Caliban,
940 1973 73 66 by
1069 1970 202 55 Louise
1330 1970 258 54 Redfield
1645 1973 236 52 Peattie.
1956 1974 257 65 London,

221 2051 272 54 Methuen
524 2053 45 50 &
598 2069 98 48 co.,
724 2051 103 52 ltd.
865 2053 171 63 [1931]

291 2126 28 37 2
344 2136 43 36 p.
449 2156 8 16 l.,
485 2125 99 45 250,
616 2124 53 49 [2]
699 2133 42 38 p.
801 2123 55 40 19
860 2125 44 21 cm
909 2155 8 8 .

231 2176 1981 58 © 1c. Apr. 18, 1934; A ad int. 18860; pubd. Mar. 1; L. ft. Peattie, Glen
295 2239 146 46 View,
475 2239 73 38 Ill.
623 2236 278 49 (34-10752)

221 2340 203 65 Percy,
466 2342 153 52 Lord
656 2342 256 51 Eustace
950 2338 356 56 Sutherland
1347 2340 314 65 Campbell,
1701 2345 168 48 1887-

296 2416 384 55 Government
717 2418 61 50 in
815 2416 306 52 transition
1165 2415 90 69 [by]
1315 2416 156 53 Lord
1511 2417 242 52 Eustace
1792 2417 195 67 Percy.
227 2412 1963 153 London,
383 2494 273 53 Methuen
682 2492 45 51 &
756 2511 97 39 co.,
879 2493 103 52 ltd.
1017 2494 169 66 [1931]

297 2571 24 39 3
351 2582 41 36 p.
457 2601 9 16 l.,
495 2569 97 46 243,
627 2569 53 48 [1]
712 2579 42 37 p.
811 2567 55 40 19
868 2570 44 20 cm
917 2600 6 6 .

231 2620 1980 58 © 1c. Mar. 16, 1934; A ad int. 18730; pubd. Jan. 18; Eustace Percy,
296 2684 197 46 Albury,
524 2693 71 30 nr.
628 2679 271 43 Guildford.
935 2680 192 47 Surrey,
1159 2679 233 48 England.
1464 2679 278 50 (34-10719)

222 2782 219 66 Pitkin,
473 2786 193 61 Royce
699 2782 260 64 Stanley,
995 2784 170 50 1901-

296 2855 1916 78 Maple sugar time, by Royce S. Pitkin … illustrated with
227 2937 286 70 drawings
540 2938 76 68 by
642 2936 244 57 Clifford
913 2937 71 51 A.
1011 2936 232 69 Bayard
1270 2939 110 50 and
1409 2938 139 51 with
1576 2937 408 69 photographs.
225 2935 1967 152 Brattleboro,

485 3016 116 67 Vt.,
630 3014 251 68 Stephen
909 3015 162 66 Daye
1099 3032 154 51 press
1289 3048 10 33 [
1307 3020 16 21 c
1329 3019 151 63 1931]

296 3088 54 40 81
383 3100 45 37 p.
487 3088 128 41 illus.
676 3087 143 41 19½cm.

297 3146 222 41 “Tests”:
556 3158 42 36 p.
636 3144 158 42 66-81.

233 3199 50 53 ©
309 3205 119 38 Mar.
452 3204 69 47 22,
546 3202 140 46 1934;
713 3203 66 39 2c.
805 3203 112 46 Apr.
942 3201 81 46 12;
1052 3200 78 40 aff.
1157 3201 110 47 Apr.
1294 3202 81 46 10;
1403 3203 41 38 A
1469 3204 168 44 71231;
1669 3204 209 47 Stephen
1903 3204 136 47 Daye
2064 3212 148 40 press.

309 3260 248 48 (34-8710)

226 3366 189 63 Pratt,
441 3363 248 55 Marion.

299 3434 1914 76 First year Latin, by Marion Pratt … under the editorial
229 3512 1979 76 supervision of Jacob Greenberg … Boston, New York [etc.]
230 3594 316 69 Houghton
585 3592 203 53 Mifflin
827 3610 277 50 company
1150 3624 12 33 [
1168 3597 17 21 c
1190 3595 149 63 1931]

302 3662 1193 54 xxii, 450 p. col. front., illus., col. pl. 19 cm .
303 3721 150 50 Songs
481 3721 116 40 with
629 3720 177 40 music:
838 3731 43 36 p.
911 3719 214 42 373-374.

305 3779 166 40 “Tests
501 3779 48 37 in
579 3777 106 40 first
715 3786 115 37 year
860 3776 156 48 Latin,
1046 3776 60 46 by
1137 3774 139 47 Mary
1308 3776 56 39 K.
1396 3775 236 41 Brokaw”:
1693 3788 43 37 p.
1773 3776 243 51 [407]-414.

235 3832 51 53 ©
321 3838 120 38 Mar.
475 3835 68 46 29,
577 3834 139 46 1934;
752 3835 63 39 2c.
853 3835 93 38 and
980 3833 80 40 aff.
1096 3834 117 42 Mar.
1250 3834 53 39 26;
1367 3835 40 37 A
1443 3835 139 39 71375;
1648 3837 61 38 M.
1746 3836 152 39 Pratt.
301 3830 1894 113 Tompkinsville,

460 3892 168 40 Staten
659 3890 178 42 Island,
867 3891 54 38 N.
952 3890 52 38 Y.
1078 3889 277 48 (34-10403)
