2350 4196
1142 4006 97 49 460

186 382 319 64 Ferguson,
536 381 222 54 Walter
787 382 231 63 Dewey,
1053 383 168 51 1898-

258 457 121 53 The
412 456 272 54 influence
722 458 63 52 of
819 459 270 50 Flaubert
1126 475 70 34 on
1234 456 217 68 George
1488 454 214 68 Moore,
1738 456 74 67 by
1848 455 220 53 Walter
2102 456 70 51 D.

191 535 307 68 Ferguson.
576 534 423 69 Philadelphia,
1045 533 331 69 University
1418 533 63 53 of
1523 533 420 69 Pennsylvania
1989 550 184 50 press;

190 612 255 53 London.
480 612 73 52 H.
590 610 265 55 Milford.
894 611 229 55 Oxford
1156 610 316 54 university
1506 627 174 52 press,
1719 612 146 50 1934.

262 670 560 62 4 p. l., 108 p. 23½cm.
260 742 170 39 Issued
464 741 99 40 also
597 752 53 28 as
684 741 151 39 thesis
880 744 103 45 (PH.
1050 739 387 48 D.)—University
1469 739 50 39 of
1552 738 370 49 Pennsylvania.

261 796 372 48 Bibliography:
671 807 43 38 p.
749 796 185 40 95-102.

194 850 52 53 ©
278 857 110 46 Apr.
424 854 38 41 6.
494 856 141 46 1934;
667 855 68 40 2c.
768 856 97 38 and
896 854 70 40 aff.
1011 857 112 44 Apr.
1156 855 82 45 12;
1274 856 41 36 A
1347 853 141 40 71225;
1552 853 283 49 University
1868 854 52 40 of
263 854 1896 98 Pennsylvania
438 922 148 37 press.
658 911 247 47 (34-9377)

187 1011 183 64 Ferri,
402 1011 169 64 Dina,
606 1014 322 52 1908-1930.

323 1085 1858 66 … Notebook of nothing; fragments of the lyrical diary of a
194 1163 221 56 Sienese
455 1163 395 70 shepherdess;
891 1166 138 51 with
1070 1184 72 33 an
1179 1164 388 53 introduction
1604 1166 75 67 by
1717 1164 167 54 Piero
192 1164 1963 145 Misciattelli;
379 1242 313 53 translated
729 1242 152 52 from
915 1243 94 52 the
1042 1242 214 53 Italian
1290 1243 74 68 by
1398 1242 185 52 Helen
1620 1242 309 69 Josephine
1965 1241 214 54 Robins

193 1317 1729 73 and Harriet Reid. Boston, B. Humphries, inc. [ c 1933]
263 1392 83 39 152
381 1404 43 36 p.
484 1392 134 40 front.
661 1395 168 46 (port.)
875 1393 169 47 plates.
1105 1391 113 42 20cm.

198 1445 51 53 ©
279 1451 115 47 July
422 1452 66 39 11.
518 1451 112 40 1933;
689 1450 66 40 2c.
786 1452 96 38 and
912 1450 79 40 aff.
1023 1453 110 46 Apr.
1165 1450 38 40 2.
1235 1451 115 39 1934;
1409 1453 40 36 A
1480 1450 140 41 70893;
1682 1452 155 39 Bruce
1869 1450 310 49 Humphries,

263 1507 89 40 inc.
424 1507 247 48 (34-9376)

192 1608 306 66 Goldberg,
530 1608 335 68 Benjamin,
898 1613 171 49 1893-

268 1699 344 54 Procedures
639 1700 61 52 in
730 1699 367 53 tuberculosis
1128 1702 230 66 control,
1393 1700 92 52 for
1516 1700 93 53 the
1642 1699 348 70 dispensary,
2020 1700 162 53 home

201 1772 1979 77 and sanatorium, by Benjamin Goldberg … with a chapter on
200 1850 1978 141 sanatorium planning by Thomas B. Kidner … and an introduction by David J. Davis … fifty-four illustrations. 2d ed.
201 2010 420 68 Philadelphia,
653 2010 61 52 F.
748 2013 69 52 A.
850 2010 177 52 Davis
1057 2026 291 54 company,
1379 2014 149 49 1931.

267 2086 82 39 373
376 2096 41 36 p.
444 2085 109 39 incl.
580 2084 141 47 illus.,
749 2085 153 47 plans,
931 2085 191 47 diagrs.,
1150 2085 166 41 forms.
1373 2086 114 40 24cm.

270 2141 346 48 Bibliography;
675 2151 42 38 p.
749 2141 213 40 361-364.

200 2193 51 52 ©
277 2199 110 39 Dec.
414 2198 68 47 12,
509 2198 112 39 1933;
677 2197 65 41 2c.
770 2200 112 45 Apr.
910 2197 68 47 19,
1006 2198 115 40 1934;
1175 2198 79 40 aff.
1285 2199 109 40 Feb.
1425 2201 49 45 7;
1504 2202 43 36 A
1574 2199 142 42 70196;
1773 2201 49 40 F.
1851 2204 55 36 A.
1936 2200 152 41 Davis
2115 2211 64 31 co.

276 2254 276 48 (33-11234)

196 2354 262 68 Gubskiĭ,
489 2356 212 53 Nikolaĭ
755 2354 435 69 Mikhaĭlovīch,
1225 2362 168 49 1889-

199 2432 1978 148 Bitter bread, by Nikolai Gubsky. New York. H. Holt and company [ c 1931]
267 2584 611 49 4 p. l., 3-297 p. 19½cm.
203 2637 52 52 ©
281 2643 113 46 Apr.
423 2643 38 38 5.
489 2642 114 39 1934;
660 2641 65 41 2c.
755 2643 94 38 and
879 2641 78 40 aff.
988 2644 111 45 Apr.
1128 2641 55 41 19;
1239 2644 40 37 A
1309 2642 143 41 71290;
1508 2643 194 41 Nikolai
1734 2644 209 40 Gubsky.
1973 2643 210 41 London.

280 2699 248 46 (34-9212)

198 2785 177 67 [Holt.
407 2785 224 53 Luther
665 2787 283 67 Emmett]
988 2788 322 53 1855-1921.

267 2864 117 52 The
423 2882 122 33 care
585 2864 112 52 and
735 2863 231 68 feeding
1003 2863 63 53 of
1101 2864 282 68 children;
1425 2887 27 33 a
1493 2866 302 54 catechism
1833 2867 90 51 for
1962 2868 93 51 the
2090 2884 93 35 use

197 2938 1927 76 of mothers and children’s nurses, by L. Emmett Holt, jr. …
200 3019 130 51 loth
362 3019 81 52 ed.
519 3019 138 50 New
748 3019 116 51 York.
897 3019 255 67 London,
1182 3021 69 51 D.
1284 3019 536 69 Appleton-Century
1892 3038 294 51 company,

197 3096 413 66 incorporated,
645 3099 148 49 1931.

268 3168 63 46 xi,
361 3169 98 47 259,
495 3168 53 50 [8]
580 3179 43 36 p.
685 3169 175 47 diagrs.
921 3170 114 38 18cm.

269 3225 159 39 Blank
454 3235 144 38 pages
623 3225 79 40 for
759 3226 309 39 "Memoranda"
1139 3226 79 50 ([8]
1250 3232 50 34 at
1328 3229 114 46 end)

205 3278 51 52 ©
290 3283 121 38 Mar.
445 3283 67 39 30.
546 3282 114 40 1934;
722 3283 66 39 2c.
823 3284 94 38 and
952 3281 79 40 aff.
1068 3283 119 40 Mar.
1222 3283 81 46 31;
1340 3287 40 36 A
1416 3286 166 46 71087;
1621 3287 56 40 D.
1714 3286 438 49 Appleton-Century

274 3350 78 35 co.,
381 3340 88 38 inc.
542 3338 249 48 (34-9235)

200 3427 311 65 Hutchins,
543 3428 202 66 Grace,
778 3431 168 49 1885-

333 3501 1854 79 … Women who work. New York. International publishers
205 3616 11 32 [
223 3588 16 21 c
245 3585 151 63 1931]

277 3655 61 39 vi.
368 3653 140 41 7-285
535 3665 43 37 p.
639 3653 126 42 illus.
797 3655 234 48 (facsim.)
1069 3656 167 49 plates,
1265 3663 146 43 ports.
1474 3659 55 41 20½
1562 3663 14 20 cm
1610 3693 7 7 .

280 3711 269 48 “Prepared
581 3712 152 41 under
768 3714 80 39 the
880 3714 234 39 direction
1150 3714 49 40 of
1233 3716 80 39 the
1350 3716 155 40 Labor
1538 3720 224 38 research
202 3719 1987 98 association."—p.
282 3769 77 49 [iv]

307 3826 262 40 "Reference
596 3825 164 43 notes”:
818 3839 42 36 p.
888 3826 215 41 275-280.

209 3874 1976 67 © Mar. 1, 1934; 2c. Apr. 18; aff. Apr. 14; A 72090; Internatl. publishers
276 3950 79 29 co.,
383 3941 88 38 inc.
546 3940 225 42 (34-9230)
