2350 4296
1076 3995 131 50 1169

157 353 240 64 Arland,
432 353 236 66 Marcel,
705 355 169 51 1899-

288 428 1236 68 … Les vivants. Paris, Gallimard [1934]
227 499 759 53 4 p. l., [11]-254, [2] p. 19cm.
162 571 50 51 ©
242 575 112 42 May
381 574 69 41 31.
479 572 139 42 1934:
706 604 7 7 1c.
747 575 72 38 Au
823 584 41 36 g.
894 574 81 41 14:
1007 575 100 37 A-
1111 573 203 46 Foreign
1343 573 170 47 25401;
1548 573 239 40 Librairie
1817 574 282 38 Gallimard.

237 631 279 48 (34-28635)

153 733 212 66 Ayres,
396 734 175 64 Ruby
596 733 268 67 Mildred,
899 738 170 49 1883-

283 809 1872 72 … From this day forward. Garden City, N. Y., Doubleday,
154 891 196 52 Doran
381 892 44 50 &
457 907 297 51 company,
785 892 125 65 inc.,
944 892 148 50 1934.

227 963 551 49 5 p, l., 303 p. 19½cm.
226 1020 64 40 At
316 1021 123 39 bead
468 1021 51 40 of
548 1020 108 40 title:
714 1021 140 47 Ruby
883 1021 62 39 M.
975 1022 164 46 Ayres.

232 1078 160 39 “First
421 1075 226 43 edition.”

159 1130 51 52 ©
240 1135 116 46 July
384 1136 67 40 11,
481 1132 139 44 1934:
655 1134 64 40 2c.
752 1137 93 37 and
876 1135 81 39 aff.
992 1137 125 45 Sept.
1150 1135 50 46 8;
1234 1135 40 37 A
1306 1133 167 48 74859;
1508 1134 140 47 Ruby
1680 1134 61 39 M.
1773 1133 152 48 Ayres
1957 1133 198 48 Pocoek,

225 1191 299 49 Weybridge,
557 1191 192 47 Surrey,
779 1193 232 45 England.
1080 1191 278 47 (34-28962)

153 1296 221 64 Bailey,
405 1296 210 54 Alfred
646 1297 53 56 J.

223 1369 1931 73 The mixologist … a complete and up-to-date guide for the
156 1448 249 55 business
450 1450 426 54 establishment
924 1451 113 53 and
1082 1452 162 51 home
1291 1448 193 54 buffet.
1571 1447 276 56 Contains
1896 1453 258 49 accurate

154 1527 213 69 recipes
419 1527 64 54 of
531 1534 147 49 most
728 1529 264 68 popular,
1045 1529 158 68 plain
1258 1529 111 51 and
1426 1527 171 70 fancy
1652 1526 200 54 drinks
1904 1528 136 53 such
2095 1546 60 34 as

154 1604 239 70 bracers,
435 1605 288 70 cocktails,
764 1607 269 68 cobblers,
1073 1607 228 67 coolers,
1343 1624 154 50 cups,
1541 1607 224 66 daisies,
1807 1624 110 51 egg
1956 1623 199 51 noggs,

154 1681 152 72 fixes,
332 1685 180 67 fizzes,
539 1683 148 71 flips,
717 1684 254 69 frappes,
999 1684 306 70 highballs,
1333 1685 99 52 hot
1462 1684 219 67 drinks,
1710 1682 204 71 juleps,
152 1684 1976 142 lemonades,
335 1763 267 63 punches,
639 1762 237 63 rickeys,
910 1780 314 45 sangarees,
1259 1777 177 48 sours,
1472 1762 227 63 toddys,
1736 1767 99 49 etc.
1908 1763 246 51 Denver.

154 1838 138 69 Col.,
319 1841 69 53 A.
418 1841 54 54 J.
504 1841 203 69 Bailey
740 1844 191 64 [c1934]

223 1912 86 42 130
341 1924 42 38 p.
445 1914 146 41 front,
623 1915 171 47 (port.)
838 1914 127 41 illus.
1026 1915 145 39 15½cm.

156 1968 50 51 ©
235 1973 115 47 July
376 1975 67 44 11,
470 1972 139 42 1934:
639 1974 66 39 2c.
735 1975 93 38 and
856 1974 81 39 aff.
966 1974 114 38 July
1108 1973 79 40 19:
1220 1973 37 38 A
1288 1974 166 38 74274:
1487 1973 51 38 A.
1569 1973 41 38 J.
1642 1972 183 41 Bailey.

236 2030 279 46 (34-25883)

145 2132 199 67 Baird,
375 2132 209 56 Albert
619 2133 195 66 Craig,
850 2137 169 49 1883-
1233 2152 177 48 comp.

223 2212 210 68 Essays
476 2213 112 53 and
636 2213 289 52 addresses
968 2213 221 56 toward
1233 2231 30 33 a
1305 2212 205 53 liberal
1553 2211 318 66 education,
1913 2210 239 53 selected

152 2288 1979 148 by A. Craig Baird … Boston, New York [etc.] Ginn and company [c1934]
223 2441 64 47 ix,
317 2441 87 39 434
433 2453 42 37 p.
539 2441 145 42 19½cm.

227 2496 1926 55 “The present anthology … attempts to set forth significant points of
154 2556 121 41 view
308 2558 50 38 in
388 2556 198 42 various
618 2556 137 42 fields
790 2557 50 40 of
874 2556 611 49 thinking—educational,
1518 2557 368 50 philosophical,
1919 2558 232 47 aesthetic,

153 2615 156 39 moral
339 2616 96 38 and
466 2615 244 48 religious,
743 2613 232 49 political,
1007 2614 220 40 national
1257 2616 91 39 and
1386 2614 364 48 international,
1783 2616 240 41 economic
2056 2617 95 39 and

152 2671 442 42 social.”—Introd.
632 2673 124 39 note.

225 2728 245 42 “Selected
505 2728 272 43 references
813 2728 78 40 for
927 2727 196 41 further
1159 2729 201 49 reading":
1454 2741 41 37 p.
1530 2730 217 40 411-415.

225 2786 373 50 “Biographical
630 2785 165 41 notes”:
860 2796 43 37 p.
936 2784 216 41 416-422.

156 2842 51 52 ©
235 2847 116 47 Aug.
380 2844 68 48 28,
477 2843 138 41 1934:
646 2845 64 37 2c.
741 2844 95 39 and
895 2843 49 38 aff.
976 2842 126 48 Sept.
1133 2843 78 41 10:
1242 2844 41 38 A
1312 2844 167 47 74830;
1511 2845 53 39 A.
1595 2846 47 39 C.
1672 2845 164 42 Baird.
1868 2847 127 39 Iowa
2029 2847 123 41 City,

251 2915 42 28 Ia.
352 2900 278 50 (34-29890)

149 3004 314 65 Bingham,
495 3002 225 56 Walter
752 3003 129 52 Van
913 3002 186 64 Dyke,
1137 3006 168 49 1880-

221 3078 1932 72 How to interview, by Walter Van Dyke Bingham … and
155 3155 1998 72 Bruce Victor Moore … Rev. ed. New York and London,
151 3237 231 69 Harper
414 3241 45 49 &
491 3236 279 67 brothers,
807 3238 149 49 1934.

222 3312 94 48 xvi,
347 3311 55 41 308
460 3321 44 36 p.
533 3310 76 40 incl.
674 3309 167 47 diagr.,
872 3308 167 39 forms.
1100 3307 144 42 22½cm.

222 3366 214 42 “Second
471 3367 198 47 edition,
703 3364 232 41 revised.”

225 3422 390 49 “Bibliography,
645 3422 241 40 classified
916 3423 94 38 and
1041 3421 294 40 annotated”:
1395 3431 41 37 p.
1486 3422 234 49 [255]-295.

158 3479 50 51 ©
237 3484 117 47 Aug.
381 3483 67 40 22,
478 3480 139 43 1934;
648 3481 64 39 2c.
742 3481 119 46 Aug.
889 3479 80 39 21:
1001 3480 78 39 aff.
1111 3481 116 44 Aug.
1258 3480 80 39 24:
1371 3481 39 38 A
1439 3481 142 40 75013;
1639 3481 194 49 Harper
1862 3483 35 38 &
1957 3494 92 30 bros.

233 3539 278 48 (34-28588)

148 3642 307 66 Bredvold,
487 3642 181 54 Louis
696 3639 291 66 Ignatius,
1023 3644 167 49 1888-

224 3723 119 52 The
387 3720 351 55 intellectual
781 3717 196 53 milieu
1022 3718 62 53 of
1126 3718 155 54 John
1326 3719 235 67 Dryden:
1640 3719 215 54 studies
1900 3719 59 53 in
2002 3740 149 34 some

159 3806 212 61 aspects
406 3799 62 53 of
502 3796 627 67 seventeenth-century
1163 3797 264 68 thought,
1461 3798 73 67 by
1569 3798 173 52 Louis
1777 3798 46 52 I.
1861 3800 290 54 Bredvold

215 3872 1687 73 … Ann Arbor, University of Michigan press, 1934.
