2350 4196
1116 4011 100 53 722

186 386 340 55 California.
600 391 244 52 District
876 399 184 45 courts
1091 393 62 65 of
1181 406 218 53 appeal.

256 464 1912 75 Reports of cases determined … from August 22, 1933, to
185 542 316 54 November
541 549 45 63 1,
628 549 148 48 1933.
853 548 308 67 Randolph
1197 548 69 53 V.
1304 547 283 68 Whiting,
1626 555 269 61 reporter.
1969 552 201 66 Henry

185 621 62 51 F.
272 622 276 68 Wrigley,
571 623 258 54 William
853 627 62 49 F.
944 628 292 64 Traverso,
1260 628 147 52 Wm.
1432 626 338 67 Nankervis,
1792 628 89 66 jr.,
1905 628 266 53 assistant

188 705 279 61 reporters.
567 720 49 35 v.
667 706 113 47 134.
867 704 115 54 San
1030 705 318 55 Francisco.
1397 704 581 68 Bancroft-Whitney
184 725 1963 121 company,
388 781 147 50 1934.

260 852 164 45 xxxvi,
455 852 87 40 930
568 864 42 36 p.
668 853 53 38 22½
756 855 44 20 cm
805 885 7 7 .

192 904 50 51 ©
272 909 127 39 June
423 909 67 45 11,
516 909 139 46 1934;
685 910 66 39 2c.
781 910 129 39 .June
933 911 80 40 27;
1045 910 81 41 aff.
1156 911 124 38 June
1308 910 80 41 20;
1420 911 40 37 A
1488 911 141 39 73235;
1689 911 486 50 Bancroft-Whitney

260 976 64 28 co.

185 1052 372 68 Chatterton,
591 1056 250 53 Edward
873 1056 199 66 Keble,
1107 1056 167 53 1878-

186 1130 1987 148 To the Mediterranean in “Charmina”, by E. Keble Chatterton … with 28 illustrations and map. London, Rich & Cowan,
186 1286 238 67 limited,
454 1289 149 50 1934.

262 1358 82 48 xii,
376 1359 87 40 239
489 1369 41 38 p.
592 1360 160 46 front.,
786 1360 140 47 illus.,
958 1361 170 46 plates.
1187 1358 55 40 22½
1275 1361 44 22 cm
1324 1392 7 7 .

192 1413 1979 53 © 1c. May 3, 1934; A ad int. 18933; pubd. Mar. 8; E. K. Chatterton,
259 1475 208 39 London.
539 1475 277 47 (34-16346)

185 1563 305 64 Coughlin,
526 1565 243 54 Charles
801 1565 268 63 Edward,
1105 1566 167 51 1891-

258 1642 1850 69 The new deal in money, by the Rev. Chas. E. Coughlin …
188 1720 183 67 Royal
395 1720 142 67 Oak,
560 1720 190 66 Mich.,
776 1722 118 51 The
918 1722 185 51 Radio
1128 1721 196 67 league
1347 1720 62 52 of
1433 1722 95 51 the
1550 1721 177 52 Little
1752 1723 239 64 Flower,
2019 1726 147 50 1933.

259 1793 581 48 2 p. l., 7-128 p. 21 cm .
191 1849 1963 104 On cover: … broadcast … over a national network, October, November, and December. 1933.
191 1959 53 51 ©
268 1965 110 39 Dec.
403 1964 68 47 22,
497 1964 111 40 1933;
663 1965 67 38 2c.
757 1965 124 39 June
903 1966 40 39 4.
970 1964 114 40 1934;
1140 1964 78 39 aff.
1246 1965 113 46 May
1385 1963 53 40 23;
1496 1964 40 39 A
1563 1964 168 45 72586;
1762 1966 48 39 C.
1839 1966 51 38 E.
1919 1965 250 47 Coughlin,

258 2021 153 46 Royal
444 2021 116 45 Oak,
592 2021 142 39 Mich.
808 2021 277 46 (34-15974)

187 2112 284 63 Dearden,
505 2112 237 54 Harold.

253 2188 189 52 Diana
471 2189 61 53 of
561 2189 96 52 the
685 2189 166 67 night
881 2189 169 52 clubs.

268 2263 76 46 (In
381 2258 180 43 Nash’s
594 2258 107 42 Pall
733 2257 116 43 mall
883 2257 272 52 magazine,
1189 2258 114 42 25th
1336 2257 232 52 birthday
1602 2257 221 50 number,
1856 2256 131 52 July,
2023 2257 142 48 1934)

190 2314 1963 107 © 1c. July 17, 1934; A ad int. 19163; pubd. June 18; Internatl. magazine co., inc., New York.
185 2449 251 66 Dobson,
470 2450 158 64 Cyril
660 2452 239 62 Comyn,
932 2449 170 53 1879-

263 2523 1846 71 The empty tomb and the risen Lord, by Rev. C. C. Dobson …
192 2604 72 51 2d
293 2605 102 65 ed.,
425 2622 110 35 rev.
601 2604 253 66 London,
882 2602 217 53 Martin
1127 2604 44 49 &
1196 2602 287 53 Parnham
1516 2605 171 65 [1934]

259 2676 85 39 164
376 2686 41 37 p.
477 2676 162 46 front.,
671 2676 127 38 illus.
828 2674 132 45 (incl.
991 2685 149 37 maps,
1174 2676 137 47 plan)
1352 2677 168 46 plates.
1581 2675 54 40 19
1639 2678 43 21 cm
1688 2708 7 6 .

259 2733 41 38 A
325 2732 332 41 continuation
681 2732 51 39 of
757 2731 97 41 this
881 2732 144 47 study
1046 2733 88 39 has
1159 2733 115 39 been
1299 2733 254 46 published
1578 2733 150 39 under
1755 2732 133 41 title:
1915 2734 99 38 The
2041 2733 124 39 risen

191 2790 125 39 Lord
345 2791 95 38 and
468 2790 91 39 His
589 2789 239 47 disciples,
885 2790 61 46 cf.
975 2799 42 36 p.
1047 2788 97 40 158.

262 2846 171 41 “Chief
460 2847 158 39 works
651 2844 275 42 consulted”:
986 2855 42 38 p,
1063 2844 82 49 [10]

190 2904 1978 51 © 1c. May 2, 1934; A ad int. 18989; pubd. Mar. 8; Martin & Parnham.
269 2963 277 49 (34-17341)

183 3041 257 63 Duveen,
473 3041 201 52 James
704 3042 221 61 Henry.

252 3117 113 51 Art
392 3122 200 49 secrets
621 3117 62 52 of
709 3135 202 48 money
938 3117 183 67 kings.

268 3191 81 45 (In
379 3187 198 42 London
606 3187 193 51 People,
829 3188 116 50 May
977 3188 71 48 20,
1078 3188 140 48 1934)

189 3243 1977 52 © 1c. June 23. 1934; A ad int. 19085; pubd. May 20; J. H. Duveen,
254 3304 208 40 London.

181 3377 250 66 Eichler,
465 3376 227 66 Lillian,
728 3381 169 49 1902-

253 3456 120 52 The
411 3474 120 33 new
571 3456 144 51 book
754 3455 62 53 of
858 3455 281 67 etiquette,
1179 3457 334 65 completely
1553 3454 218 54 revised
1809 3453 231 64 edition,
184 3452 1951 149 including
457 3540 157 45 notes
660 3533 92 52 for
795 3552 68 32 an
910 3533 253 67 epicure:
1206 3535 94 52 the
1343 3533 305 52 traditions
1693 3533 112 51 and
1849 3530 209 54 service
2101 3528 63 52 of

183 3609 169 54 wines
376 3612 110 51 and
510 3610 159 52 other
690 3611 314 61 beverages.
1081 3612 91 52 By
1190 3609 215 54 Lillian
1431 3610 244 53 Eichler.
1752 3611 134 51 Rev.
1914 3609 81 52 ed.
2025 3607 139 52 with

183 3686 390 54 illustrations.
650 3687 229 55 Garden
925 3688 150 66 City,
1120 3690 67 50 N.
1238 3690 88 63 Y.,
1374 3689 230 54 Garden
1652 3688 134 65 City
1832 3684 333 68 publishing

181 3781 294 50 company,
502 3766 123 65 inc.,
656 3770 148 49 1934.

254 3836 64 48 xi,
349 3836 70 50 [1],
449 3837 83 40 508
558 3847 42 32 p.
660 3837 162 48 front.,
853 3838 169 46 plates.
1081 3836 55 39 21½
1170 3838 43 22 cm
1219 3869 7 7 .

184 3889 50 51 ©
262 3895 122 45 May.
399 3895 66 45 14,
491 3893 140 42 1934;
657 3894 54 39 2c.
752 3897 93 37 and
872 3894 81 39 aff.
980 3895 124 38 June
1130 3894 51 41 9;
1211 3895 40 40 A
1279 3894 166 48 72709;
1477 3894 194 41 Garden
1697 3892 110 46 City
1832 3891 107 48 pub.
1967 3899 80 38 co.,
2075 3889 90 40 inc.

260 3950 276 49 (34-15985)
