2350 4196
1112 4007 133 54 1707

257 425 1871 51 First edition produced for the Military engineer by the publisher in
180 484 124 40 1930.

250 540 348 40 “References”
646 543 51 37 at
745 540 89 41 end
881 540 51 39 of
978 538 182 40 section
1206 549 58 28 on
1315 536 273 50 “Company
1634 538 398 39 administration
2079 538 94 38 and

176 597 215 48 supply”.

184 665 50 51 ©
263 669 113 38 Nov.
406 668 66 41 15.
501 668 81 37 1934
632 679 7 30 ;
670 668 63 37 2c.
763 668 92 38 and
917 666 46 38 aff.
992 666 115 38 Nov.
1135 664 79 47 19;
1245 665 37 37 A
1312 663 142 41 78184
1473 676 7 33 ;
1513 663 221 47 Military
1764 664 182 39 service
1974 662 106 48 pub.
2110 670 66 32 co.

261 724 278 49 (34-41965)

182 829 212 61 Moore,
429 828 244 52 Nathan
710 828 186 61 Grier,
936 832 168 48 1853-

257 904 130 51 Man
427 905 108 51 and
569 904 87 52 his
690 921 222 39 manor;
950 902 93 52 the
1077 908 123 61 past
1238 902 110 52 and
1387 900 191 52 future
1612 899 62 54 of
1708 900 161 53 earth
1902 899 109 53 and
2048 916 127 35 man

184 1001 58 31 as
285 980 246 53 deduced
578 983 150 51 from
772 981 260 66 accepted
1073 979 229 51 modern
1349 976 227 69 science,
1618 978 73 68 by
1734 977 229 53 Nathan
2009 975 168 55 Grier

182 1058 1219 68 Moore … Chicago, Priv. print., 1034.
250 1131 149 46 xxvii,
429 1129 86 41 337
546 1141 42 37 p.
650 1114 170 65 places,
848 1133 121 46 port.
1030 1129 55 39 22½
1118 1132 44 20 cm
1168 1161 7 7 .

251 1188 127 39 Title
404 1197 61 30 on
492 1189 94 37 two
613 1189 176 38 leaves.

181 1259 51 51 ©
261 1264 114 37 Nov.
406 1262 68 47 28,
505 1263 138 41 1934;
676 1265 65 36 2c.
771 1264 90 37 and
894 1262 79 38 aff.
1008 1263 103 36 Dec.
1184 1271 7 30 8:
1225 1261 37 37 A
1293 1260 169 46 77600;
1495 1260 54 40 N.
1582 1260 51 39 G.
1664 1261 177 45 Moore,
1873 1260 221 46 Chicago.

262 1319 279 48 (31-12150)

182 1420 1299 67 Morrow, Mrs. Honor é (McCue) Willsie.
250 1497 1923 67 Yonder sails the Mayflower, by Honor é Morrow. New
183 1579 174 64 York,
383 1579 89 51 W.
501 1578 250 52 Morrow
781 1578 112 53 and
921 1593 296 50 company,
1247 1578 149 50 1934.

249 1661 43 34 x,
324 1650 85 40 368
439 1662 43 36 p.
543 1649 54 40 21
602 1652 43 20 cm
652 1683 6 6 .

250 1705 215 41 “Partial
496 1707 81 39 list
608 1708 49 39 of
684 1708 146 39 books
859 1706 248 40 studied”:
1138 1717 40 37 p.
1206 1705 218 40 367-368.

184 1775 50 51 ©
272 1779 114 38 Nov.
423 1780 68 40 26,
530 1778 138 39 1981:
707 1780 65 35 2c.
811 1777 108 38 Dec.
959 1777 50 41 8;
1049 1775 79 40 aff.
1166 1776 108 37 Dec.
1314 1776 81 46 10;
1435 1776 40 38 A
1512 1774 169 47 78619;
1723 1775 196 39 Honore
1957 1775 221 45 Morrow,

252 1832 47 44 %
331 1836 209 40 William
569 1836 206 37 Morrow
801 1835 34 39 &
863 1846 79 29 co.,
972 1835 102 40 inc..
1103 1833 116 39 New
1245 1833 141 38 York.
1460 1831 279 49 (34-42183)

180 1939 260 63 Murray,
473 1938 244 54 Charles
748 1936 331 65 Frederick,
1113 1941 170 50 1880-

251 2017 121 50 The
416 2016 185 66 rights
648 2015 63 50 of
756 2014 314 67 employers
1114 2014 59 51 in
1217 2014 93 52 the
1356 2012 322 53 inventions
1724 2013 64 51 of
1832 2011 344 68 employees;

180 2113 70 33 an
290 2094 213 51 outline
544 2093 63 52 of
644 2094 95 50 the
777 2093 108 51 law
926 2110 70 34 on
1035 2092 96 51 the
1168 2091 215 66 subject
1424 2090 228 53 written
1692 2090 92 52 for
1823 2089 243 69 laymen,
2103 2090 68 68 by

184 2169 1415 68 Charles F. Murray … Chicago, Ill. [ c 1934 ]
250 2243 1134 50 cover-title, 1 p. l. , 5-23 p. 16½ cm . $0.15
183 2299 50 51 ©
267 2304 113 41 Aug.
418 2303 60 42 16,
511 2301 137 42 1931:
682 2304 64 36 2c.
780 2304 123 45 Sept.
936 2302 50 46 6;
1019 2303 78 38 aff.
1130 2303 116 44 Aug.
1278 2304 80 39 25;
1394 2303 37 37 A
1461 2301 168 42 75167;
1664 2300 46 40 C.
1744 2301 49 39 F.
1826 2301 215 45 Murray,
252 2300 1908 108 Chicago.
453 2360 280 48 (34-42353)

186 2461 253 66 Nichols,
469 2463 315 52 Frederick
814 2463 243 63 George,
1090 2464 168 53 1878-

250 2541 118 51 The
408 2541 262 66 personal
708 2546 300 60 secretary,
1046 2538 458 68 differentiating
1541 2539 185 52 duties
1767 2537 110 53 and
1921 2537 259 53 essential

183 2615 1996 69 personal traits, by Frederick G. Nichols … with the aid of
180 2694 1976 146 Sally Wile Wissmann … A study made under the sponsorship
342 2770 1839 66 of the American institute for secretaries … Cambridge,
177 2851 272 53 Harvard
483 2852 319 65 university
836 2869 174 49 press,
1045 2854 148 50 1934.

183 2921 1972 105 xii p., 2 l., [3]-105 p. 22½ cm . (Half-title: Harvard studies in education … v. 23)
184 3033 50 51 ©
264 3038 116 39 Nov.
412 3037 68 47 30,
511 3036 139 42 1934;
685 3038 63 38 2c.
785 3039 107 38 Dec.
920 3039 80 41 12;
1036 3038 79 39 aff.
1148 3040 107 38 Dec.
1290 3040 46 38 11
1363 3049 8 32 ;
1406 3040 38 36 A
1475 3036 143 42 78499
1637 3049 7 29 ;
1682 3037 253 38 President
1967 3038 92 37 and
249 3036 1907 97 fellows
401 3095 50 38 of
483 3095 228 38 Harvard
745 3097 190 44 college,
973 3095 298 48 Cambridge,
1311 3097 143 37 Mass.
1528 3093 280 49 (34-42372)

182 3199 259 64 Nugent,
470 3201 137 51 Mrs.
637 3199 131 51 Nell
798 3201 245 53 Marion.

259 3274 290 54 Cavaliers
588 3274 108 51 and
736 3276 284 65 pioneers;
1063 3277 271 51 abstracts
1373 3275 62 52 of
1475 3275 266 69 Virginia
1781 3275 132 50 land
1956 3278 223 62 patents

188 3350 1987 69 and grants, 1623-1800 … Abstracted and indexed by Neb.
185 3428 1989 70 Marion Nugent … introduction by Robert Armistead Stewart
183 3509 1997 142 … patroness, Agnes Bernadine Sitterding … v. l. [1623-1666]
407 3587 338 59 Richmond,
775 3590 124 53 Va.,
929 3593 46 49 P
984 3609 110 32 ress
1125 3590 62 52 of
1216 3592 94 51 the
1341 3591 166 52 Dietz
1537 3588 264 66 printing
1830 3606 95 45 co.,
1958 3590 146 47 1934.

254 3659 1922 50 5 p. l., [ix]-xxxv, 707 p., 1 l. col. front, (coat of arms) illus., pl.,
182 3726 149 36 maps,
360 3716 228 42 facsims..
620 3716 148 47 diagr.
827 3718 54 41 23½
916 3722 43 20 cm
965 3752 6 6 .

257 3769 93 40 “Of
386 3770 111 46 this,
533 3772 82 38 the
650 3771 108 41 first
792 3773 197 47 edition,
1028 3786 87 27 one
1153 3776 238 38 thousand
1430 3774 157 46 copies
1626 3774 121 37 have
1784 3773 115 38 been
1940 3770 232 49 printed."

184 3826 118 39 This
331 3835 119 38 copy
479 3829 84 37 not
592 3829 276 40 numbered.

186 3881 51 52 ©
264 3888 107 37 Dec.
401 3887 67 47 15,
495 3886 139 44 1934;
663 3888 63 39 2c.
754 3889 93 39 and
874 3889 79 39 aff.
980 3891 108 38 Dec.
1116 3891 81 44 17;
1224 3892 40 37 A
1289 3889 170 47 77705;
1489 3889 53 38 N.
1571 3889 61 38 M.
1661 3889 205 45 Nugent,
1896 3884 278 40 Richmond.

262 3943 280 49 (34-42407)
