2350 4296
1094 4000 132 54 1073

178 357 311 54 American
520 358 212 64 digest.

246 446 361 56 Cumulative
654 449 525 68 descriptive-word
1223 449 171 51 index
1440 449 112 51 and
1595 448 151 52 table
1790 448 63 51 of
1895 464 150 36 cases
176 446 1976 145 affirmed,
429 528 259 52 reversed

729 547 62 32 or
830 525 284 68 modified,
1155 527 266 66 covering
1465 527 245 52 volumes
1783 529 104 48 6-12
1928 527 245 53 Current

176 603 199 67 digest.
458 603 102 68 [St.
602 607 164 56 Paul,
805 605 199 67 Minn.]
1049 607 157 52 West
1244 604 337 69 publishing
1620 623 97 39 co.,
1757 612 16 20 c
1780 607 148 49 1934.

249 678 86 39 514
359 689 40 37 p.
465 679 58 38 25
524 681 43 21 cm
573 712 7 6 .

183 730 50 52 ©
266 735 115 46 July
411 735 68 47 26,
512 735 140 43 1934;
685 739 65 37 2c.
784 738 95 38 and
910 736 80 40 aff.
1025 736 125 47 Sept.
1183 735 81 46 10;
1297 736 41 38 A
1370 734 142 41 75218;
1574 735 135 39 West
1741 734 108 48 pub.
1883 745 66 29 co.

175 852 314 55 American
527 855 193 63 public
756 856 203 52 health
998 854 374 54 association.
1446 855 359 64 Laboratory
1841 854 227 53 section.

252 929 289 56 Standard
600 933 257 52 methods
912 932 62 52 of
1029 932 142 53 milk
1225 931 266 67 analysis,
1545 930 460 68 bacteriological
2062 932 107 51 and

177 1008 286 53 chemical.
541 1011 96 51 6th
693 1011 83 52 ed.
854 1009 472 67 Bacteriological
1382 1008 259 54 methods
1696 1007 349 54 formulated
2097 1009 73 66 by

178 1086 345 54 committees
555 1091 63 50 of
650 1089 94 53 the
775 1089 306 52 American
1115 1087 190 69 public
1336 1089 195 51 health
1563 1087 356 66 association,
179 1087 1968 130 American
339 1167 166 67 dairy
560 1168 211 52 science
829 1166 352 66 association,
1239 1165 416 54 International
1718 1165 332 54 association
2111 1165 62 53 of

177 1243 166 69 dairy
382 1247 111 51 and
530 1245 143 53 milk
711 1247 327 66 inspectors,
1077 1246 109 52 and
1227 1246 160 53 other
1425 1245 302 52 interested
1771 1262 248 49 persons,
2058 1245 107 52 and

177 1325 290 65 approved
502 1324 93 51 for
627 1324 349 67 publication
1010 1325 73 66 by
1113 1324 93 52 the
1238 1323 303 53 American
1576 1323 192 67 public
1799 1323 190 53 health
179 1341 1967 113 association
424 1408 57 46 at
514 1404 93 52 the
641 1404 143 52 62nd
820 1404 209 51 annual
1063 1401 246 69 meeting

1345 1403 54 51 in
1433 1401 418 68 Indianapolis,
1884 1403 146 52 Ind..
177 1401 1969 147 October,
381 1485 148 49 1933.
608 1481 288 55 Chemical
923 1482 255 52 methods
1206 1483 277 65 compiled
1514 1482 73 65 by
1614 1481 93 52 the
1736 1481 336 54 Committee
2100 1499 67 33 on

175 1557 1992 149 editing methods of analysis of the Association of official agricultural chemists and approved for this publication by that
177 1717 1994 54 association at its annual convention in 1932 … New York.
176 1792 305 56 American
508 1795 194 68 public
728 1797 192 52 health
952 1795 352 66 association,
1333 1800 149 48 1934.

248 1868 103 47 xiii,
379 1867 98 49 105,
510 1869 53 49 [1]
594 1880 41 37 p.
696 1868 128 41 illus.
885 1870 56 38 24½
973 1871 43 21 cm
1023 1901 7 7 .

248 1924 349 48 Bibliography
624 1928 50 38 at
700 1928 90 38 end
819 1926 51 39 of
895 1927 117 39 each
1040 1927 199 45 chapter
1265 1928 168 45 except
1464 1927 148 38 three.

177 1978 1996 54 © Apr. 1, 1934; 2c. July 20; aff. Aug. 11; A 74602; Amer. public health
244 2051 125 29 assn.
443 2040 279 48 (34-25490)

168 2159 315 54 American
516 2161 249 62 railway
795 2160 373 54 association.

240 2251 120 53 The
389 2251 308 53 American
727 2250 253 53 railroad
1009 2253 62 50 in
1100 2251 356 67 laboratory;
1492 2270 31 33 a
1552 2251 152 52 brief
1735 2251 186 67 digest
1952 2251 67 51 of
168 2269 1983 128 continuing
431 2331 257 51 research
725 2330 111 51 and
871 2329 528 67 experimentation,
1434 2330 314 52 conducted
1783 2331 73 65 by
1890 2329 283 53 railroads

166 2406 390 69 individually
601 2409 112 50 and
757 2407 351 68 collectively
1151 2408 251 67 through
1445 2409 96 51 the
1582 2408 308 52 American
1933 2408 240 68 railway

170 2486 339 53 association
550 2487 56 50 in
649 2487 95 51 the
784 2487 237 51 interest
1061 2486 63 51 of
1163 2486 190 67 safety
1393 2487 64 53 of
1497 2505 349 51 passengers,
1887 2487 284 67 employes

169 2565 112 51 and
311 2565 95 52 the
437 2567 228 65 general
695 2565 211 67 public,
937 2565 140 51 with
1109 2583 71 33 an
1210 2565 392 53 introduction
1632 2565 113 53 and
1777 2584 72 33 an
1878 2565 295 53 historical

168 2644 252 67 chapter,
455 2644 74 66 by
559 2642 71 53 A.
667 2643 67 50 E.
772 2642 183 53 Heiss.
1037 2643 262 66 [Volume
1330 2661 62 34 ix.
1471 2642 219 69 Saving
1723 2643 107 53 life
1864 2643 112 59 and
2010 2644 158 66 limb]

166 2722 401 67 Washington,
660 2765 7 7 D.
703 2720 80 58 C.,
815 2721 269 67 Chicago,
1116 2723 92 51 Ill.
1263 2726 119 61 [etc.]
1418 2721 308 53 American
1756 2722 238 68 railway
167 2741 1981 126 association,
427 2803 150 49 1934.

242 2874 88 40 210
357 2885 40 37 p.
460 2874 143 45 illus.,
636 2873 167 39 tables.
867 2872 53 40 23
925 2875 43 20 cm
975 2905 6 6 .

176 2927 50 51 ©
261 2932 126 46 Sept.
419 2932 37 44 7,
490 2929 140 46 1934;
664 2929 65 40 2c.
763 2930 93 38 and
890 2928 80 40 aff.
1007 2929 125 46 Sept.
1167 2931 48 43 7;
1251 2930 39 38 A
1322 2930 169 40 74818;
1527 2931 158 39 Amer.
1720 2931 204 41 railway
1956 2942 127 28 assn.

173 3048 205 63 Baker,
415 3050 324 61 Margaret,
777 3048 172 50 1890-

241 3141 125 51 Tell
408 3140 155 52 them
605 3138 171 68 again
816 3139 160 64 tales,
1017 3138 75 67 by
1132 3138 297 69 Margaret
1470 3139 218 66 Baker;
1734 3140 319 52 illustrated
2100 3141 72 66 by

173 3218 167 66 Mary
369 3217 206 53 Baker.
650 3216 140 51 New
820 3215 164 52 York
1011 3215 133 68 city,
1171 3216 191 68 Dodd,
1391 3217 171 53 Mead
1591 3220 45 50 &
1664 3236 279 50 company
1975 3252 10 33 [
1994 3225 16 20 c
2015 3222 134 49 1934]

243 3290 96 42 143,
374 3292 54 47 [1]
460 3301 41 37 p.
564 3289 127 40 illus.
752 3288 53 39 21
812 3290 42 21 cm
859 3321 9 6 .

174 3345 50 52 ©
253 3350 119 47 Aug.
401 3348 69 47 22,
499 3346 139 42 1934;
669 3346 67 40 2c.
764 3346 118 47 Aug.
913 3345 82 41 24;
1028 3345 79 40 aff.
1136 3347 121 47 Aug.
1286 3347 81 47 25;
1400 3349 40 38 A
1468 3349 170 42 74664;
1671 3351 154 45 Dodd,
1856 3351 143 40 Mead
2027 3352 35 39 &
2091 3363 82 37 co.,

243 3406 89 40 inc.
405 3402 278 50 (34-25178)

167 3510 294 63 Beaudry,
493 3509 186 52 Evien
712 3507 66 54 G.

242 3596 1932 75 Stories of farmyard animals, by Evien G. Beaudry … color
170 3675 380 55 illustrations
588 3673 76 70 by
704 3674 191 52 Diana
936 3674 244 54 Thorne.
1258 3675 220 55 Akron.
1523 3677 87 68 O.,
1653 3679 138 52 New
1834 3680 180 69 York,
2054 3682 121 52 The
173 3754 266 55 Saalfield

472 3752 335 69 publishing
837 3769 280 51 company
1155 3785 13 34 [
1172 3759 17 21 c
1194 3756 136 50 1934
1333 3786 14 35 ]

240 3828 26 40 3
298 3839 42 37 p.
396 3858 20 9 l.,
450 3825 114 41 9-90
597 3835 41 37 p.
701 3825 83 41 col.
820 3824 132 40 front…
1017 3825 85 39 col.
1135 3825 169 47 plates.
1367 3826 112 39 31cm.

176 3883 50 52 ©
257 3889 117 46 Aug.
407 3886 38 46 6,
476 3884 139 46 1934;
649 3883 65 39 2c.
748 3882 95 39 and
874 3881 81 41 aff.
987 3883 117 47 Aug.
1137 3883 81 42 20;
1253 3885 39 37 A
1324 3884 169 46 73955;
1534 3887 230 43 Saalfield
1795 3890 109 48 pub,
1936 3902 67 31 co.

256 3941 279 51 (34-24859)
