2350 4196
1100 3999 98 53 997

215 432 85 39 412
329 443 56 37 p.,
414 433 25 38 1
488 463 8 7 l.
553 433 116 41 21cm.

217 488 160 41 “First
408 489 226 39 edition.”

148 541 1990 51 © 1c. July 24, 1934; A ad int. 19218; pubd. May 28; M. Harrison,
215 603 210 39 London.
497 603 278 47 (34-23810)

148 707 245 64 Hauser,
422 706 302 57 Heinrich.

280 779 1856 70 … Ein mann lernt fliegen. Mit 79 abbildungen und pl ä nen.
153 859 211 67 Berlin,
392 859 55 53 S.
479 860 232 53 Fischer
744 863 170 65 [1933]

222 930 1414 50 3 p. l., 9-175, [3] p., 1 l. plates (part double) 20cm.
222 990 171 38 “Erste
421 988 72 40 bis
523 990 187 39 sechste
740 990 188 44 auflage
960 989 156 40 1933.”

149 1046 1992 51 © Sept. 21, 1933; 1c. Jan. 9, 1934; A -Foreign 23295; S. Fischer verlag,
220 1117 103 36 a.-g.
396 1107 279 46 (34-22595)

147 1209 272 65 Herbert,
450 1209 152 53 Alan
633 1210 258 65 Patrick,
926 1215 169 49 1890-

275 1285 1870 70 … Holy deadlock … Garden City, N. Y., Doubleday,
145 1366 196 52 Doran
372 1367 45 49 &
447 1382 296 50 company,
774 1365 125 65 inc.,
934 1368 147 48 1984.

217 1439 562 47 5 p. l., 372 p. 19 ½c m.
216 1496 63 39 At
309 1496 125 39 head
466 1496 50 38 of
546 1495 106 41 title;
715 1496 52 40 A.
799 1496 50 39 P.
882 1495 223 40 Herbert.

218 1552 161 40 “First
413 1551 226 42 edition.”

152 1607 50 51 ©
234 1611 119 46 Aug.
385 1611 38 45 1,
454 1610 140 46 1934;
629 1609 66 40 2c.
727 1611 94 37 and
853 1609 81 39 aff.
967 1610 117 45 Aug.
1117 1608 80 47 16;
1232 1609 40 38 A
1302 1608 170 43 73906:
1507 1609 53 40 A.
1593 1610 49 39 P.
1676 1610 223 42 Herbert,
1934 1611 210 37 London.

230 1667 278 48 (34-27217)

150 1768 247 66 Huxley,
428 1770 199 54 Julian
658 1771 201 60 Sorell,
898 1772 161 50 1887-

222 1848 286 54 Scicntiiic
537 1849 256 51 research
823 1851 111 51 and
964 1848 171 53 social
1164 1850 184 66 needs,
1376 1849 74 67 by
1479 1849 200 54 Julian
1710 1849 262 67 Huxley;
2004 1848 135 52 with

151 1945 70 35 an
260 1927 397 67 introductory
696 1928 233 65 chapter
965 1926 75 68 by
1081 1927 93 54 Sir
1209 1927 261 53 William
1510 1930 215 65 Bragg,
1799 1971 8 8 F.
1885 1970 8 8 R.
1965 1968 28 18 S.,
2031 1928 111 51 and

151 2005 339 53 discussions
529 2005 139 52 with
706 2005 299 53 Professor
1046 2007 73 50 H.
1158 2007 173 66 Levy,
1369 2005 97 56 Sir
1501 2007 247 51 Thomas
1786 2007 71 51 D.
1896 2006 246 57 Barlow,

201 2082 1942 69 K . B. E ., and Professor P. M. S. Blackett, F. R, S. … London,
153 2162 187 53 Watts
366 2167 44 48 &
438 2180 76 35 co.
603 2166 116 63 [1934]

225 2235 95 48 xvi,
358 2236 84 40 287
479 2245 42 37 p.
581 2235 162 47 front.,
782 2234 140 47 illus.,
963 2235 168 46 plates,
1172 2233 176 48 diagrs.
1411 2235 145 40 20½cm.
1627 2234 100 48 (On
1762 2244 161 31 cover:
1959 2236 100 39 The
156 2236 1975 103 library
327 2293 50 38 of
404 2292 184 40 science

615 2296 92 38 and
737 2293 201 39 culture.
1003 2311 54 29 [v.
1084 2291 66 48 1])

230 2350 272 47 “Attempts
545 2352 47 36 to
635 2349 108 46 give
786 2360 128 29 some
956 2351 258 37 connected
1257 2349 189 47 picture
1488 2350 50 39 of
1579 2360 79 36 my
1700 2349 125 40 ‘tour
1866 2350 50 39 of
1958 2351 188 40 British

157 2405 1990 49 science … The basis of this present book is furnished by the twelve
161 2464 211 40 wireless
405 2465 129 39 talks
566 2465 93 38 and
692 2463 296 40 discussions
1020 2465 23 38 I
1073 2474 117 37 gave
1222 2464 78 38 for
1333 2466 80 37 the
1447 2465 54 39 B.
1534 2465 55 39 B.
1623 2464 370 41 C.”—Author’s
2026 2466 121 47 pref.

155 2519 1975 108 © 1c. July 19, 1934; A ad int. 19174; pubd. May 24; J. S. Huxley, London. (34-23644)
150 2683 247 65 Knittel,
427 2684 174 64 John,
634 2685 171 50 1891-

285 2760 1629 68 … Via Mala. London, Hutchinson & co., ltd. [1934]
222 2834 85 41 576
344 2845 43 38 p.
450 2834 144 40 19½cm.

226 2892 62 39 At
314 2892 125 40 head
466 2890 51 41 of
544 2890 108 41 title:
710 2890 71 48 By
809 2889 128 41 John
964 2890 203 41 Knittel.

159 2947 1989 51 © 1c. Aug. 2, 1934; A ad int. 19232; pubd. June 8: John Herman
229 3008 235 38 Emanuel
499 3005 203 41 Knittel.
739 3004 156 47 Cairo,
934 3006 169 45 Egypt.
1175 3006 279 48 (34-23467)

152 3112 175 63 Larg,
358 3110 190 54 David
582 3111 188 53 Glass.

229 3188 288 68 Giuseppe
567 3186 329 65 Garibaldi;
949 3205 30 33 a
1026 3187 339 68 biography,
1411 3189 75 67 by
1534 3190 191 52 David
1774 3191 182 67 Larg;
2007 3191 139 52 with

159 3286 158 47 maps
345 3268 110 52 and
482 3265 394 53 illustrations.
951 3265 256 65 London,
1232 3268 64 52 P.
1322 3268 229 66 Davies,
1580 3272 148 50 1934.

230 3338 103 44 xiii.
362 3340 84 40 352
474 3350 41 36 p.
575 3339 163 43 front.,
766 3340 161 45 ports.,
956 3347 150 37 maps.
1166 3337 143 41 22½cm.

233 3395 347 42 “References”
617 3398 51 37 at
703 3397 91 37 end
830 3395 51 39 of
916 3396 117 38 each
1069 3396 121 39 book;
1258 3396 324 40 “Garibaldi’s
1616 3397 226 40 memoirs
1881 3401 94 37 and
2013 3401 137 38 other

162 3454 249 48 writings”:
468 3464 42 36 p.
538 3452 217 40 322-324.

161 3509 1972 107 © 1c. Aug. 1. 1934; A ad int. 19245: pubd. June 4; D. G. Larg, Crossbank, Niton, Isle of Wight. (34-23782)
156 3674 207 64 Lewis,
397 3672 267 54 Eiluned.

226 3752 140 50 Dew
393 3767 70 35 on
490 3747 96 53 the
613 3764 177 50 grass,
815 3746 75 66 by
918 3743 247 55 Eiluned
1190 3747 184 51 Lewis;
1432 3747 140 53 with
1600 3767 31 33 a
1659 3748 300 69 prefatory
1985 3749 167 56 letter

157 3829 71 67 by
267 3827 236 55 Charles
538 3825 261 66 Morgan.
874 3824 257 68 London,
1167 3824 62 52 L.
1268 3823 268 70 Dickson,
1573 3823 222 57 limited
1837 3829 171 65 [1934]

228 3897 887 53 ix p., 2 l., [15]-222 p., 1 l. 19½cm.
