2350 4196
1187 3994 62 49 50

295 437 94 46 xiv,
417 437 83 39 565
530 448 41 36 p.
627 435 54 40 23½
714 439 44 20 cm
764 469 8 8 .
838 438 297 48 (Half-title:
1162 436 100 37 The
1290 433 280 47 University
1598 434 51 39 of
1677 433 207 48 Chicago

1915 433 145 40 social
228 444 1969 90 service
327 493 163 47 series,
522 495 70 38 ed.
623 495 60 44 by
712 494 81 39 the
822 494 188 44 faculty
1040 493 51 39 of
1121 493 79 39 the
1233 492 167 40 School
1434 492 51 38 of
1516 491 147 39 social
1694 490 182 40 service
227 491 1968 107 administration)

295 610 67 38 “A
388 609 208 39 selected
623 607 391 48 bibliography":
1044 617 42 37 p.
1113 605 213 40 547-557.

230 666 50 51 ©
307 671 106 38 Jan.
440 669 37 46 8,
502 669 112 39 1934;
668 669 65 39 2c.
759 669 108 38 Jan.
893 667 54 38 12;
1001 666 80 40 aff.
1108 666 106 39 Jan.
1240 666 53 38 13:
1348 665 40 38 A
1413 664 142 40 68867;
1610 664 283 48 University
1917 665 50 40 of
1994 664 222 47 Chicago,

299 726 219 47 Chicago.
592 725 247 47 (34-1606)

229 830 315 63 Brewster,
573 829 317 63 Kingman.

297 899 1919 72 The federal gift tax, by Kingman Brewster … James S. Y.
237 978 1982 72 Ivins … and Percy W. Phillips … New York, C. Boardman
230 1078 94 49 co.,
359 1060 120 67 ltd.,
515 1063 148 49 1933.

299 1132 64 48 xi,
404 1132 86 39 145
531 1143 41 36 p.
642 1132 54 38 22
700 1134 43 20 cm
750 1164 7 7 .

233 1189 50 51 ©
309 1195 110 37 Dec.
444 1194 67 45 15,
537 1192 113 40 1933;
704 1192 64 39 2c.
797 1193 94 37 and
917 1190 79 39 aff.
1025 1190 107 39 Jan.
1158 1190 67 39 20.
1251 1188 114 41 1934;
1420 1190 40 37 A
1485 1189 143 40 68924;
1683 1189 58 40 K.

1769 1191 257 45 Brewster,
297 1189 1906 107 Washington.
549 1250 248 47 (34-1434)

235 1353 251 63 Briscoe,
515 1353 272 55 Birdsall.

297 1430 72 51 In
413 1429 94 52 the
552 1429 123 53 face
719 1428 63 53 of
824 1429 95 51 the
961 1447 121 39 sun,
1126 1428 69 66 by
1241 1428 255 52 Birdsall
1540 1428 244 53 Briscoe.
1860 1429 138 51 New
2043 1430 177 65 York,

227 1508 66 54 E.
322 1508 55 53 J.
410 1507 192 67 Clode,
631 1507 107 52 inc.
772 1540 12 33 [
789 1513 17 20 c
813 1509 150 63 1934]

300 1579 694 50 x p., 1 l., 13-256 p. 19 cm .
234 1635 50 51 ©
312 1640 107 38 Jan.
448 1639 68 40 15.
543 1638 140 41 1934;
712 1638 65 39 2c.
807 1639 94 38 and
928 1637 80 39 aff.
1038 1637 108 39 Jan.
1174 1637 80 46 24;
1285 1637 40 38 A
1353 1636 167 40 69159:
1552 1638 210 38 Edward
1791 1637 42 40 J.
1863 1637 158 46 Clode,
2050 1637 88 40 inc.

308 1696 247 48 (34-1474)

231 1799 243 64 Brooks,
504 1797 181 54 Keith
713 1800 207 63 Leroy,
952 1802 169 48 1888-

299 1874 252 54 Harvest
580 1874 64 53 of
673 1874 276 68 iniquity;
982 1874 336 69 impending
1347 1874 179 53 world
1559 1880 191 47 events
1781 1893 60 35 as
1872 1875 257 53 revealed
2161 1873 55 52 in

232 1953 93 52 the
348 1952 146 54 book
520 1952 63 52 of
608 1952 354 67 Revelation,
986 1953 74 67 by
1087 1952 176 52 Keith
1290 1952 64 52 L.
1383 1952 236 52 Brooks.
1687 1951 312 68 [Glendale,
2028 1950 193 56 Calif..

231 2036 17 21 c
254 2032 152 66 1933]

300 2102 55 40 99
385 2114 41 37 p.
492 2104 150 47 diagr.
705 2102 54 40 19½
792 2105 43 21 cm
841 2135 8 8 .

301 2157 1921 50 “ ‘Prophecies of Daniel and Revelation’ … re-written in the light of
232 2218 159 37 recent
418 2215 401 41 events.”—Pref.

234 2270 50 51 ©
314 2275 109 38 Dec.
454 2275 66 39 15.
551 2274 112 39 1933;
721 2274 67 39 2c.
818 2275 94 38 and
942 2274 80 39 aff.
1053 2274 108 38 Jan.
1189 2273 68 46 10,
1317 2272 84 41 1934;
1459 2273 40 38 A
1529 2273 142 40 67915;
1730 2274 56 38 K.
1818 2274 48 38 D.
1898 2274 198 40 Brooks.
2128 2274 92 38 Los

296 2332 218 46 Angeles.
587 2331 248 48 (34-1448)

239 2421 239 63 Burton,
507 2421 188 55 Miles.

299 2498 187 52 Death
521 2505 56 45 at
609 2499 95 52 the
738 2500 343 54 cross-roads
1121 2499 90 67 [by]
1268 2498 167 53 Miles
1469 2501 239 50 Burton.
1782 2500 256 65 London,
2073 2499 140 53 Pub.

241 2574 87 53 for
354 2575 94 53 the
477 2576 190 54 Crime
695 2576 143 66 club,
866 2578 120 64 ltd.,
1014 2577 74 66 by
1113 2578 88 52 W.
1234 2576 217 55 Collins
1480 2595 127 34 sons
1636 2580 45 49 &
1708 2594 97 49 co.,
1834 2577 100 53 ltd.
1972 2581 169 62 [1933]

304 2646 84 39 252
419 2658 40 37 p.
522 2647 54 40 19
580 2650 43 20 cm
629 2680 7 8 .

234 2701 1986 51 © 1c. Jan. 4. 1934; A ad int. 18555; pubd. Nov. 6, 1933; A. M. Heath &
297 2772 80 29 co.,
407 2763 98 38 ltd..
536 2762 208 39 London.
817 2763 248 48 (34-1305)

232 2849 120 52 The
384 2850 299 53 Canadian
716 2852 284 67 directory
1030 2853 93 51 for
1155 2871 334 49 consumers,
1517 2853 96 52 the
1642 2854 334 53 Associated
302 2854 1891 126 club-o-ten
432 2927 338 54 advertisers;

302 2930 1916 145 list of products manufactured in the province of Alberta (northern division) … Edmonton. Alberta.
301 3082 122 52 The
448 3085 229 50 Banner
705 3085 353 69 advertising
1083 3103 276 50 company
1392 3119 12 33 [
1410 3093 17 20 c
1433 3090 148 62 1934]

297 3157 887 42 wall-chart, col. illus. 81 × 51 cm .
298 3213 230 38 Mounted
556 3215 228 38 calendar
812 3216 77 38 for
919 3226 115 37 year
1062 3216 126 40 1934.

234 3264 1982 55 © 1c. Dec. 27. 1933; A ad int. 18677; pubd. Dec. 20; Frank Newman,
301 3326 284 45 Edmonton,
616 3327 212 48 Alberta,
860 3329 212 40 Canada.

232 3414 163 62 Carr,
424 3413 254 55 William
712 3416 243 66 George,
988 3421 170 50 1901-

229 3488 1963 145 … School finance, by William G. Carr … Stanford University,
492 3566 1260 74 Calif., Stanford university press [ c 1933]
298 3648 41 34 v,
369 3637 87 40 106
482 3649 42 37 p.
584 3638 176 49 diagrs.
820 3641 54 39 19½
908 3645 43 20 cm
956 3675 8 7 .
1033 3643 194 46 (School
1256 3654 227 37 economy
1513 3643 162 48 series,
1707 3645 55 40 R.
1794 3646 51 39 L.
1875 3644 200 49 Wilbur,
227 3654 1967 79 general
367 3694 181 47 editor)

297 3752 223 41 Includes
553 3752 387 49 bibliographies.

232 3807 50 51 ©
323 3813 110 39 Dec.
472 3813 68 46 26,
581 3813 139 41 1933;
762 3814 63 40 2c.
868 3816 107 38 Jan.
1016 3816 68 46 10,
1125 3816 139 41 1934;
1307 3816 81 41 aff.
1429 3817 107 39 Jan.
1578 3817 51 46 8;
1671 3817 42 39 A
1752 3817 168 48 68827;
1963 3819 163 39 Board
2165 3818 51 39 of

297 3870 209 39 trustees
552 3871 49 38 of
647 3872 81 38 the
772 3871 180 40 Leland
1004 3873 231 40 Stanford
1280 3874 164 46 junior
1490 3874 282 45 university,
1823 3875 231 40 Stanford
295 3873 1900 99 University,
520 3926 141 40 Calif.
732 3927 250 50 (34-1562)
