2350 4296
1084 4007 93 47 921

155 357 232 64 Adams,
419 357 201 54 lames
651 357 236 64 McKee,
921 358 170 50 1886-

218 432 246 52 Biblical
493 432 427 69 backgrounds;
955 451 31 34 a
1016 429 406 71 geographical
1452 447 205 51 survey
1689 427 63 55 of
1782 429 169 53 Bible
1980 428 164 53 lands

148 509 60 53 in
253 511 94 52 the
393 510 151 68 light
590 509 64 54 of
698 511 99 51 the
844 509 323 68 Scriptures
1215 508 113 52 and
1375 512 190 48 recent
1610 507 258 53 research
1940 507 92 68 [by]
2088 507 54 54 J.

147 585 1992 69 McKee Adams … Nashville, Tenn., Broadman press [ c 1934]
218 664 24 39 3
270 674 40 37 p.
338 665 42 45 L,
409 663 142 40 5-482
578 674 56 37 p.,
662 665 23 37 1
735 695 7 7 l.
799 664 127 39 illus.
956 661 183 48 (maps)
1176 663 170 46 plates.
1399 661 55 40 23
1458 663 44 20 cm
1507 691 8 9 .

217 721 139 47 Maps
387 731 61 29 on
476 719 363 49 lining-papers.

219 776 346 41 ‘‘References”:
632 788 42 36 p.
707 776 216 40 441-461.

150 830 51 51 ©
231 835 125 39 June
383 834 68 46 26,
482 834 140 45 1934;
653 834 65 39 2c.
751 834 94 38 and
876 832 80 40 aff.
988 833 115 46 July
1132 831 50 46 9;
1217 831 40 38 A
1287 831 142 40 73348;
1494 830 197 46 Sunday
1721 831 162 39 school
1913 830 150 39 board
2092 829 52 39 of

220 892 80 38 the
339 891 239 40 Southern
615 890 193 47 Baptist
847 889 299 47 convention,
1183 888 265 39 Nashville.
1521 886 278 48 (34-20731)

145 993 200 65 Aison,
379 994 199 64 Gerta,
613 995 81 51 ed.

210 1070 242 52 Modern
520 1070 307 53 American
895 1071 603 67 poetry—1932-1933,
1566 1067 190 52 edited
1823 1068 74 66 by
1965 1067 178 54 Gerta

141 1147 197 53 Aison.
417 1151 136 52 New
595 1149 178 66 York,
812 1149 120 53 The
972 1148 239 55 Galleon
1250 1166 158 49 press
1453 1149 368 64 [c1932—1933]

216 1223 26 38 2
269 1235 41 27 v.
367 1223 55 38 22
426 1225 43 21 cm
474 1254 6 7 .

149 1299 55 29 [v.
231 1281 57 47 1],
320 1275 55 51 ©
400 1280 116 39 Nov.
547 1281 38 44 1,
616 1279 140 46 1932;
805 1291 41 29 [v.
875 1279 57 49 2],
965 1275 56 51 ©
1048 1278 101 41 Oct.
1176 1279 39 46 1,
1245 1278 140 45 1933;
1417 1277 66 39 2c.
1513 1277 120 41 each
1662 1276 94 39 and
1787 1274 108 41 affs.
1925 1276 119 45 Aug.
2074 1276 68 43 18,

218 1336 139 47 1934;
390 1337 39 38 A
457 1336 156 43 74569,
646 1337 168 45 74566;
848 1336 201 40 Galleon
1077 1345 147 38 press,
1256 1335 90 39 inc.
1418 1332 250 50 (34-2669)

149 1439 353 64 Allingham,
534 1440 209 63 Philip.

222 1513 353 70 Cheapjack:
610 1515 170 67 being
810 1515 96 52 the
936 1519 125 48 true
1093 1514 219 67 history
1346 1512 62 53 of
1440 1534 30 33 a
1502 1528 192 53 young
1727 1511 176 54 man’s
151 1512 1964 135 adventures
328 1612 58 33 as
414 1611 29 33 a
471 1592 436 69 fortune-teller,
933 1591 240 69 grafter,
1200 1589 507 67 knocker-worker,
1737 1589 110 53 and
1875 1589 264 53 mounted

152 1669 219 69 pitcher
396 1689 70 33 on
492 1671 95 53 the
612 1669 433 69 market-places
1073 1669 112 56 and
1212 1668 395 68 fair-grounds
1635 1667 61 52 of
1724 1685 25 34 a
1782 1668 230 53 modern
2043 1668 101 52 but

149 1747 119 54 still
324 1750 279 51 romantic
654 1747 286 69 England.
1034 1748 91 68 By
1182 1745 198 69 Philip
1439 1746 354 68 Allingham.
1888 1745 257 65 London,

149 1824 86 53 W.
266 1824 377 69 Heinemann,
668 1826 102 54 ltd.
806 1828 172 67 [1934]

218 1895 63 49 xi,
311 1895 86 40 322
425 1907 42 37 p.
525 1897 56 40 19
584 1900 44 21 cm
634 1931 8 7 .

220 1955 287 39 Illustrated
534 1954 362 49 lining-papers.

148 2010 50 52 ©
237 2015 64 40 1c.
342 2015 114 47 Apr.
494 2016 67 44 19,
602 2015 140 45 1934;
783 2016 40 38 A
862 2017 60 38 ad
961 2016 85 39 int.
1087 2015 168 45 19167;
1297 2016 141 47 pubd.
1481 2017 113 46 May
1634 2015 81 44 28;
1757 2016 50 39 P.
1849 2012 293 49 Allingham,

217 2072 177 39 Wakes
428 2072 159 48 Colne,
622 2073 165 46 Essex,
821 2073 234 47 England.
1132 2072 277 49 (34-21159)

142 2159 315 55 American
509 2163 111 51 and
670 2162 300 54 Canadian
1019 2162 297 53 insurance
1365 2163 252 64 counsel;
1669 2162 331 67 presenting
2048 2161 96 51 the

209 2257 191 35 names
441 2240 66 54 of
543 2240 446 68 representative
1027 2241 273 54 members
1343 2240 61 52 of
1444 2241 95 52 the
1578 2241 104 51 bar
1722 2241 125 50 who
1889 2259 94 33 are
211 2258 1908 113 specialists
466 2319 59 51 in
565 2318 123 68 life,
730 2317 117 70 fire,
886 2319 274 67 casualty,
1199 2324 193 62 surety
1434 2319 113 52 and
1587 2320 221 50 marine
1845 2321 297 51 insurance

210 2397 110 51 law
348 2397 112 52 and
489 2398 247 67 practice
765 2399 60 51 in
854 2399 96 51 the
978 2397 217 55 United
1227 2399 189 55 States
1446 2398 112 52 and
1589 2398 253 65 Canada,
1870 2403 59 47 to
1958 2396 186 53 which

209 2474 101 53 has
335 2475 139 52 been
500 2475 185 53 added
712 2495 30 33 a
768 2478 466 65 supplementary
1260 2477 97 52 list
1381 2476 62 54 of
1470 2477 229 66 general
1724 2475 419 68 practitioners,

211 2554 1930 67 corporation and trial lawyers … [Year book] 1934-35.
210 2630 138 53 New
377 2632 179 66 York,
585 2632 230 53 Hubert
840 2632 355 53 Rutherford
1231 2635 212 51 Brown
1478 2667 10 32 [
1495 2640 17 21 c
1519 2635 150 64 1934]

214 2706 580 47 5 p. l., 3-494 p. 21 cm .
148 2757 50 52 ©
228 2762 119 46 Aug.
375 2762 39 47 3,
443 2762 140 45 1934;
615 2763 65 39 2c.
710 2763 117 47 Aug.
860 2763 81 41 14;
975 2762 80 40 aff.
1086 2763 117 47 Aug.
1232 2763 49 38 21;
1346 2762 40 39 A
1416 2762 169 47 73973;
1620 2763 191 39 Hubert
1841 2761 303 41 Rutherford

215 2820 190 39 Brown.

144 2908 294 65 Barnicot,
471 2908 150 64 Alys
651 2909 304 63 Marjorie.

219 2984 119 53 The
380 2983 228 52 shadow
650 2983 63 52 of
753 2984 95 52 the
889 3001 237 49 woman,
1169 2983 71 68 by
1283 2983 67 53 A.
1395 2984 78 51 M.
1519 2983 286 53 Barnicot.
1888 2983 254 63 London,

150 3059 258 69 Grayson
437 3062 44 49 &
511 3060 260 68 Grayson
826 3063 152 64 [1934]

218 3118 707 64 3 p. l., [9]-287, [1] p. 19 cm .
148 3188 1994 54 © 1c. July 10, 1934; A ad int. 19137; pubd. May 11; A. M. Barnicot,
216 3251 240 45 Pettville,
490 3250 332 46 Cheltenham,
854 3251 235 46 England.
1162 3250 279 50 (34-21158)

144 3336 448 67 Bartholomew,
625 3340 202 52 James
856 3338 186 66 Riley,
1077 3344 169 48 1885-

211 3418 238 51 Present
479 3417 163 53 value
676 3417 113 52 and
821 3415 242 70 annuity
1091 3417 197 69 tables,
1320 3417 234 68 applied
1586 3424 59 47 to
1674 3419 151 52 bond
1859 3418 191 53 values
2082 3419 63 52 of

143 3512 111 50 any
281 3512 247 49 coupon;
559 3494 94 51 the
680 3500 228 61 present
934 3495 165 52 value
1126 3495 63 53 of
1218 3499 28 48 1
1274 3496 113 52 and
1412 3495 96 53 the
1535 3503 228 61 present
1790 3498 164 50 value
1982 3496 64 53 of
2072 3516 73 34 an

143 3574 210 50 annual
390 3577 271 62 payment
701 3571 65 52 of
805 3575 46 64 1,
890 3578 59 46 at
988 3576 99 48 168
1124 3575 149 51 rates
1311 3575 304 52 converted
1654 3575 292 68 annually,
145 3579 1973 138 semiannually
458 3649 113 52 and
614 3649 308 68 quarterly.
1004 3650 126 67 [By]
1177 3650 55 54 J.
1275 3650 68 53 R.
1388 3651 443 68 Bartholomew,
1874 3652 157 54 John
2072 3655 71 51 D.

141 3725 192 68 Playes
391 3728 129 65 [and]
560 3727 61 54 C.
657 3728 70 53 V.
761 3727 201 66 Leroy.
1040 3727 328 69 Originally
1405 3729 229 54 devised
1671 3731 92 52 for
1797 3732 349 68 Hallgarten

142 3804 2006 69 & company and published with their permission … New York
143 3883 130 67 city,
301 3883 55 54 J.
386 3883 67 52 R.
484 3882 423 54 Bartholomew
942 3916 11 33 [
958 3889 18 21 c
982 3886 151 63 1934]
