2350 4196
1128 4001 130 48 1198

567 468 153 40 CONTENTS.—Gra
731 469 163 39 Harms
932 471 91 37 and
1062 470 81 38 the
1178 468 593 39 Decretum.—Decretum
1809 467 237 39 Gratiani.
2088 469 73 37 with

225 523 269 40 translated
522 525 508 46 parts.—Coneludimi
1055 527 272 38 statement.

222 577 1978 52 © Aug. 24. 1934: 2c. and aff. Aug. 25: A 75140; J. W. Somerville.
294 638 326 47 Washington.
692 633 277 52 134-30740)

211 735 310 69 Stoddard,
557 742 224 64 George
814 742 329 61 Dinsmore,
1178 745 167 48 1897-

289 831 1911 70 Child psychology, by George D. Stoddard … and Beth L.
205 908 1863 69 .Wellman … New York, The Macmillan company, 1934.
289 981 82 46 xii,
413 982 85 39 419
538 993 41 36 p.
640 983 140 41 illus.,
826 984 176 48 diagrs.
1065 984 142 40 20½cm.
1289 983 297 46 (Half-title:
1631 983 359 48 experimental
218 985 1965 93 education
352 1040 172 45 series)

324 1096 338 41 "References":
696 1110 41 35 p.
767 1097 214 40 378-407.

221 1150 1736 51 © Sept. 11, 1934; 2c. and aff. Sept. 12: A 74881: Macmillan co.
298 1211 277 46 (34-30518)

213 1313 119 52 The
376 1316 168 62 story
588 1316 61 49 of
696 1314 130 68 fifty
871 1316 228 66 hymns:
1147 1315 199 66 giving
1388 1316 93 50 the
1527 1314 288 53 historical
1863 1316 162 51 facts,

283 1334 1894 124 purposes
474 1392 108 51 and
618 1393 336 67 interesting
984 1392 345 68 high-lights
1361 1391 63 52 of
1455 1391 134 68 fifty
1621 1392 205 67 hymns
1859 1410 79 34 we
1972 1393 75 50 all
2080 1393 121 50 love

282 1469 135 52 best.
496 1468 215 54 Chosen
747 1470 148 52 from
926 1489 169 47 many
1126 1470 284 52 hundreds
1441 1469 63 52 of
1531 1470 204 66 hymns
1764 1469 63 51 of
1854 1470 95 51 the
281 1471 1897 140 Protestant,

471 1546 257 54 Catholic
773 1550 110 51 and
929 1547 213 54 Jewish
1187 1547 194 53 faiths.
1461 1547 160 68 Sung
1663 1548 72 66 by
1780 1547 104 53 Joe
1928 1548 271 53 Emerson

284 1625 111 52 and
445 1625 87 53 his
584 1624 188 52 fellow
825 1625 192 53 artists
1069 1644 68 33 on
1188 1625 93 51 the
1332 1625 259 67 “Hymns
1643 1625 62 51 of
1756 1626 75 51 all
1883 1625 320 56 churches”,

285 1720 268 51 program
623 1721 132 34 over
823 1704 210 51 station
1099 1703 216 63 WLW,
1385 1702 342 55 Cincinnati.
1804 1702 399 69 Minneapolis.

282 1781 200 54 Minn.,
530 1781 119 51 The
698 1780 221 53 Millers
967 1780 63 52 of
1077 1780 145 54 Gold
1274 1781 185 51 medal
1508 1781 503 52 “kitchen-tested”
2061 1782 141 52 flour

288 1891 13 34 [
305 1864 18 21 c
329 1861 135 50 1934
467 1891 12 34 ]

285 1931 841 50 5 p. l., [7]-107 p. ports. 17 cm .
286 1987 220 42 Without
535 1987 165 41 music.

219 2043 1953 50 © Aug. 20. 1934; 2c. Aug. 25: aff. Aug. 27: A 75038: General mills, inc.,
290 2104 333 46 Minneapolis.
698 2101 277 48 (34-30897)

210 2204 262 65 Strauss,
505 2206 162 62 Paul,
702 2208 169 49 1852-

283 2282 106 54 Les
414 2283 333 52 fondateurs
770 2283 65 52 de
862 2285 51 50 la
943 2283 325 67 république;
1324 2284 308 65 souvenirs,
1657 2302 104 48 par
1785 2284 146 50 Paul
1958 2282 243 54 Strauss.

218 2361 180 66 Paris,
426 2361 81 53 La
539 2360 375 52 Renaissance
942 2361 72 51 du
1047 2362 140 51 livre
1222 2364 170 64 [1934]

285 2432 83 41 253
400 2445 41 37 p.,
487 2436 24 36 1
562 2465 7 7 l.
660 2433 25 40 19
690 2436 42 20 cm
737 2466 7 6 .

219 2487 49 51 ©
301 2492 109 46 Apr.
444 2491 66 39 25.
542 2491 138 38 1934:
714 2493 65 38 1c.
813 2492 112 45 July
958 2490 78 39 30:
1072 2492 98 36 A-
1175 2492 204 41 Foreign
1409 2492 169 40 25209:
1615 2492 325 39 Renaissance
1972 2493 63 37 du
2067 2491 132 40 livre.

297 2548 276 44 (34-30528)

208 2649 285 59 Sublette,
526 2651 242 55 Clifford
799 2650 369 65 MacClellau,
1203 2652 168 52 1887-

285 2728 376 53 Greenhorn’s
701 2729 161 52 hunt,
905 2729 74 62 by
1022 2728 62 55 C.
1127 2730 77 50 M.
1251 2729 282 57 Sublette;
1578 2730 324 51 illustrated
1944 2731 75 50 by
2059 2730 136 52 Will

217 2807 322 53 Crawford.
605 2807 415 66 Indianapolis,
1052 2807 135 51 New
1224 2808 178 66 York,
1432 2809 119 50 The
1585 2808 440 52 Bobbs-Merrill
214 2826 1959 125 company
403 2917 11 33 [
419 2891 19 20 c
443 2888 151 61 1934]

285 2957 83 39 241
397 2969 42 36 p.
469 2957 107 40 incl.
607 2957 147 39 front,
816 2957 168 47 plates.
1046 2957 53 38 21
1105 2960 14 19 cm
1152 2989 8 7 .

316 3015 130 39 "First
479 3013 194 41 edition."

217 3068 51 51 ©
302 3074 124 45 Sept.
459 3074 35 37 7.
526 3071 137 39 1934:
695 3072 64 37 2c.
791 3072 92 37 and
916 3071 77 37 aff.
1028 3074 124 43 Sept.
1184 3074 78 37 38:
1298 3074 37 36 A
1367 3072 141 40 75289:
1568 3075 364 38 Bobbs-Merrill
1964 3087 63 26 co.

297 3130 277 39 (34-30243)

278 3229 365 64 Suppressed
680 3228 223 55 desires,
942 3249 25 33 a
1005 3231 180 52 novel,
1220 3231 73 66 by
1327 3232 95 52 the
1459 3233 204 53 author
1698 3233 62 52 of
1796 3233 238 67 “Illegal
213 3233 1959 126 doctor”.
419 3308 136 51 New
588 3306 176 67 York,
793 3307 86 52 W.
912 3306 261 56 Godwin,
1200 3309 106 51 inc.
1342 3342 11 33 [
1360 3316 16 20 c
1382 3313 151 62 1934]

285 3381 83 40 271
398 3391 41 37 p.
499 3380 55 39 19½
587 3384 14 19 cm
637 3411 5 5 .

216 3434 1979 51 © Sept. 10. 1934; 2c. and aff. Sept. 15; A 75326; William Godwin, inc.
294 3494 277 46 (34-30894)

204 3593 393 66 Teneebaum,
633 3596 235 63 Joseph,
906 3594 163 53 1887-

282 3673 1909 70 Races, nations and Jews, by Dr. Joseph Tenenbaum … New
213 3749 177 68 York,
420 3751 180 52 Bloch
630 3750 332 67 publishing
990 3769 291 47 company.
1314 3757 148 49 1934.

283 3832 44 30 x.
357 3822 86 41 170
505 3857 5 3 p.
573 3823 54 37 20½cm.

215 3876 1977 54 © Aug. 30. 1934; 2c. Sept. 7: aff. Sept. 6: A 75192; Blocli pub. co., inc.
295 3936 277 49 (34-30675)
