2350 4296
1072 3972 130 53 1793

150 363 206 65 Alyea,
383 365 66 54 E.
478 366 80 63 C.,
587 384 178 48 comp.

150 440 1997 148 Alyea’s telegraph and cable code for the fur dealing business, compiled by E. C. Alyea … [Seattle, Leon’s rotaprint
148 598 229 65 service]
410 606 18 20 c
435 602 148 50 1934.

220 671 668 49 3 p. l., 180 p., 1 l. 18½c m .
217 727 336 48 Rotaprinted.

152 779 51 52 ©
227 785 117 39 Nov.
370 784 68 48 10,
465 784 139 49 1934;
632 786 66 40 2c.
724 788 115 39 Nov.
868 786 53 40 16
940 797 8 37 ;
976 786 80 40 aff.
1084 787 115 40 Nov.
1226 787 80 47 15;
1336 787 40 38 A
1401 786 142 41 77262
1562 797 8 37 ;
1601 788 50 37 E.
1680 786 47 41 C.
1754 787 165 47 Alyea,
1948 787 196 40 Seattle.

229 841 83 48 (CA
329 842 175 40 34-160
522 844 234 48 Unrev’d)

152 931 313 54 American
494 933 111 53 law
634 933 294 56 institute.

223 1009 120 52 The
384 1014 364 49 restatement
786 1009 59 53 in
883 1012 95 50 the
1016 1018 214 58 courts;
1273 1030 31 32 a
1343 1009 370 68 compilation
1753 1010 258 68 showing
2050 1011 93 51 the

153 1105 96 34 use
281 1086 74 68 by
386 1088 94 52 the
511 1093 187 48 courts
730 1089 64 51 of
823 1089 95 52 the
948 1090 388 51 Restatement
1366 1088 64 52 of
1458 1090 94 53 the
1582 1089 126 67 law,
1740 1089 283 67 prepared
2053 1088 92 51 for

154 1165 1991 69 the American law institute by Benjamin H. Oehlert … and
153 1243 1990 69 Herbert F. Goodrich … with an appendix containing some
156 1320 145 54 facts
333 1322 172 52 about
536 1323 95 53 the
662 1322 306 53 American
1000 1324 109 51 law
1143 1322 274 54 institute.
1520 1323 82 55 [St.
1635 1324 165 65 Paul]
1839 1323 305 52 American

152 1400 108 52 law
291 1399 261 54 institute
579 1400 337 68 publishers,
947 1405 149 49 1934.

223 1473 284 47 cover-title,
539 1473 84 41 188
656 1484 41 37 p.
759 1473 55 39 22½
847 1477 15 20 cm
896 1506 8 7 .

154 1526 51 52 ©
234 1532 113 46 May
373 1531 38 47 1,
435 1530 141 48 1934;
604 1530 65 41 2c.
698 1531 125 40 June
849 1531 80 47 20;
960 1530 80 40 aff.
1069 1531 126 39 June
1219 1530 82 47 21;
1331 1530 43 39 A
1398 1530 170 47 72910;
1599 1531 157 39 Amer.
1785 1532 96 38 law
1907 1529 241 42 institute.

232 1587 220 47 (35-955)

224 1677 247 54 Student
521 1678 215 53 edition
788 1678 64 52 of
902 1680 390 51 Restatement
1341 1678 63 53 of
1455 1680 96 50 the
1600 1679 109 52 law
1761 1679 63 51 of
1874 1684 163 61 torts,
2089 1697 59 34 as

153 1757 249 67 adopted
445 1757 112 52 and
598 1758 402 67 promulgated
1038 1758 75 66 by
1154 1758 94 52 the
1288 1757 310 53 American
1637 1760 109 50 law
1785 1756 263 54 institute
2091 1762 59 47 at

151 1834 1995 69 Washington, D. C., May 11, 1934 … St. Paul, American law
149 1913 261 54 institute
435 1914 340 68 publishers,
804 1917 149 49 1934.

222 1988 29 38 4
276 1998 43 30 v.
379 1986 57 40 25½
468 1989 44 21 cm
518 2020 7 8 .

225 2044 296 41 Cover-title.

224 2101 162 48 Paged
414 2100 353 49 continuously.

155 2156 50 51 ©
234 2160 126 47 Sept.
384 2159 69 48 20,
479 2158 140 48 1934;
645 2158 64 40 2c.
735 2159 119 39 each
879 2158 96 40 and
1000 2157 80 41 aff.
1107 2158 100 40 Oct.
1233 2158 81 47 11;
1341 2159 40 38 A
1406 2157 170 48 76480;
1601 2159 157 39 Amer.
1785 2159 96 39 law
1906 2158 240 41 institute.

234 2216 221 49 (35-958)

158 2306 208 65 Bacon,
392 2307 222 64 Peggy,
645 2309 171 51 1895-

223 2384 100 55 Off
347 2384 139 53 with
516 2383 150 54 their
689 2382 204 53 heads!
972 2384 91 65 By
1088 2385 198 65 Peggy
1313 2385 210 50 Bacon.
1598 2384 138 51 New
1765 2383 179 67 York,
1971 2385 67 50 R.
2065 2384 78 52 M.

155 2462 883 66 McBride & company [ c 1934]
228 2536 83 50 [89]
341 2547 43 37 p.
443 2536 129 39 illus.
629 2534 54 41 32
688 2536 43 21 cm
737 2566 9 9 .

226 2594 164 39 “First
416 2591 226 43 edition.”

158 2646 51 52 ©
246 2652 117 38 Nov.
401 2650 68 46 19,
503 2648 140 47 1934;
682 2647 65 40 2c.
784 2648 111 39 Dec.
932 2647 83 46 21;
1054 2646 80 39 aff.
1173 2647 109 39 Dec.
1320 2645 82 48 19;
1443 2648 40 38 A
1519 2646 170 47 77796;
1730 2647 49 38 P.
1819 2647 176 46 Bacon,
2034 2648 117 38 New

221 2708 145 39 York.
437 2706 221 49 (35-727)

160 2797 300 66 Baughey,
488 2796 227 53 Donalid
742 2795 240 63 Robert,
1012 2800 169 49 1906-

288 2872 1855 68 … Established present truth; select sermons by the Rev.
158 2950 1989 68 Donald R. Baughey … [Adrian, Mich.] The author; Berne.
157 3033 148 64 Ind.,
334 3031 241 54 Printed
603 3030 75 66 by
708 3029 95 51 the
836 3029 292 65 Economy
1159 3027 261 68 printing
1450 3046 235 35 concern
1723 3062 11 32 [
1740 3034 17 20 c
1764 3031 149 64 1934]

227 3105 85 40 156
345 3115 43 37 p.
448 3103 148 39 front,
626 3099 196 50 (ports.)
891 3100 55 40 19½
979 3103 15 20 cm
1028 3133 8 7 .

158 3160 50 51 ©
239 3164 117 39 Nov.
386 3161 39 48 9,
457 3159 141 47 1934;
631 3159 65 39 2c.
728 3160 95 38 and
854 3157 79 40 aff.
965 3158 116 38 Nov.
1114 3156 80 48 12;
1226 3158 43 38 A
1296 3157 170 47 78028;
1499 3158 55 38 D.
1587 3158 53 37 R.
1672 3158 245 46 Baughey.
1950 3158 198 47 Adrian,

226 3220 141 40 Mich.
440 3215 220 51 (35-764)

154 3308 370 66 Baumgartl,
552 3308 208 62 Isidor,
791 3309 172 50 1860-

286 3379 1685 68 … Life dreams of a realist. Chicago, A. Kroch, 1934.
227 3453 551 52 x, 307 p., 1 l. 23½ cm .
226 3515 64 41 At
313 3515 126 40 head
465 3513 52 40 of
540 3511 134 40 title:
705 3510 37 40 I.
770 3509 302 46 Baumgartl.

159 3571 50 51 ©
237 3576 117 38 Nov.
382 3573 39 41 2.
448 3571 140 45 1934;
615 3570 65 39 2c.
709 3570 95 38 and
830 3566 79 41 aff.
939 3568 116 38 Nov.
1083 3566 52 48 9;
1166 3567 40 39 A
1232 3566 169 42 78020;
1432 3567 190 47 Adolph
1649 3568 175 40 Kroch.

237 3629 220 46 (35-919)

162 3718 235 68 [Béchu,
423 3716 220 54 Marcel
669 3716 238 62 Ernest]
941 3713 171 55 1879-

293 3788 1857 68 … Nos vieux houzards; avec 34 reproductions en couleurs et
158 3893 68 33 en
249 3873 127 54 noir
403 3868 371 56 d’uniformes
798 3867 67 52 de
890 3867 268 66 l’époque.
1233 3866 182 67 Paris,
1442 3866 530 67 Berger-Levrault,
2000 3872 149 52 1933.
