2350 4196
1138 4001 100 53 774

204 372 185 63 Ratei,
419 371 294 54 Simonne.

273 449 120 51 The
427 451 172 51 house
633 447 58 54 in
725 448 94 52 the
854 447 150 65 hills,
1039 447 74 66 by
1150 445 267 57 Simonne
1450 447 194 65 Ratei;
1682 447 312 53 translated
2033 447 148 53 from

204 527 92 52 the
328 527 222 52 French
579 525 75 66 by
686 524 135 52 Eric
854 524 222 55 Sutton.
1152 525 136 52 New
1319 524 179 64 York,
1528 525 120 51 The
1678 524 331 52 Macmillan
205 542 1953 128 company,
407 607 147 49 1934.

277 676 25 39 3
329 685 42 37 p.
397 677 44 44 L,
467 674 83 40 291
579 685 43 37 p.
682 673 57 40 20½c
787 676 25 20 m
820 707 7 7 .

209 729 54 51 ©
290 734 125 38 June
444 732 68 47 19,
542 731 140 42 1934;
714 732 66 40 2c.
811 732 95 38 and
936 731 80 40 aff.
1049 732 124 39 June
1202 730 55 40 20;
1316 731 40 38 A
1387 730 168 47 72855;
1590 730 279 40 Macmillan
1900 742 66 29 co.

284 790 277 47 (34-16713)

198 877 260 65 Redlich,
488 877 247 55 Monica.

272 953 192 69 Cheap
509 959 223 61 return;
779 953 248 68 portrait
1067 954 63 52 of
1174 973 69 32 an
1287 953 271 52 educated
1600 971 191 49 young
1835 972 236 49 woman,
2114 955 73 67 by
201 1033 225 53 Monica
459 1033 256 53 Redlich.
790 1031 255 68 London,

1078 1034 75 51 H.
1188 1032 302 53 Hamilton
1528 1035 170 63 [1934]

274 1108 28 39 3
325 1117 43 37 p.
433 1137 7 15 l.,
470 1106 155 45 9-286,
659 1106 53 48 [1]
742 1116 40 36 p.
847 1105 54 40 19½
934 1108 43 20 cm
983 1137 7 8 .

278 1160 1764 51 © 1c. June 8, 1934; A ad int. 19016; pubd. Apr. 10; M. Redlich,
273 1160 1899 100 London.
450 1218 278 49 (34-19179)

199 1309 308 64 Richards,
537 1308 331 53 Katharine
898 1308 298 55 Lambert.

269 1388 149 51 How
451 1384 316 54 Christmas
797 1403 154 34 came
977 1391 57 47 to
1064 1384 97 52 the
1190 1383 507 68 Sunday-schools;
1731 1384 94 52 the
1856 1385 333 53 observance

201 1465 63 52 of
301 1463 316 55 Christmas
655 1463 59 51 in
750 1463 95 52 the
880 1463 328 51 Protestant
1244 1462 209 52 church
1491 1462 216 53 schools
1744 1461 64 53 of
1842 1463 96 52 the
1973 1464 214 54 United

203 1542 205 66 States,
448 1560 71 32 an
557 1539 295 53 historical
888 1540 188 68 study,
1114 1540 74 67 by
1225 1538 323 54 Katharine
1585 1540 269 53 Lambert
1892 1541 297 65 Richards,
199 1638 96 34 PH.
365 1662 8 9 D.
450 1620 138 51 New

620 1617 179 67 York,
828 1618 189 67 Dodd,
1046 1617 168 53 Mead
1246 1619 45 50 &
1319 1635 295 50 company,
1647 1621 150 50 1934.

271 1693 64 47 ix,
372 1693 85 40 292
496 1703 43 37 p.
597 1692 55 39 21
657 1693 44 21 cm
706 1722 9 9 .

207 1746 53 51 ©
289 1752 115 45 May
429 1750 69 47 24,
529 1749 114 40 1934;
700 1749 67 39 2c.
798 1749 95 39 and
922 1748 79 39 aff.
1034 1748 113 47 May
1175 1748 82 46 26;
1289 1748 40 38 A
1358 1747 142 41 72508;
1560 1749 59 40 K.
1650 1748 50 40 L.
1732 1748 253 49 Richards,

273 1750 1898 104 Northampton,
521 1807 145 38 Mass.
741 1805 277 47 (34-16863)

199 1894 223 65 Rubey,
452 1895 217 63 Harry,
702 1896 169 49 1886-

274 1970 1911 70 Engineering surveys, by Harry Rubey … New York, The
203 2047 331 53 Macmillan
565 2066 294 49 company,
895 2052 146 49 1934.

275 2132 76 37 xv,
379 2121 97 47 321,
503 2120 85 40 109
613 2132 43 36 p.
716 2120 141 48 illus.,
883 2131 137 37 maps
1047 2119 133 48 (part
1206 2120 197 48 double)
1440 2121 177 48 diagrs.
1678 2121 55 40 19½
1765 2124 43 21 cm
1814 2153 8 8 .
1891 2121 297 49 (Half-title:

207 2176 323 49 Engineering
556 2175 185 43 science
770 2176 173 48 series)

279 2233 356 48 “Logarithmic
665 2234 95 39 and
791 2232 360 49 trigonometric
1182 2233 182 40 tables”:
1424 2234 85 40 109
1539 2245 41 37 p.
1611 2237 52 38 at
1695 2237 104 38 end.

278 2287 246 42 “Selected
553 2289 300 40 references”:
910 2300 44 38 p.
979 2289 99 42 321.

205 2343 50 51 ©
289 2348 116 46 May
431 2347 67 46 15,
531 2346 139 46 1934;
705 2346 65 40 2c.
804 2348 93 38 and
931 2346 78 40 aff.
1045 2348 112 46 May
1189 2348 80 46 16;
1304 2348 40 38 A
1375 2348 169 47 71635;
1581 2349 279 40 Macmillan
1893 2360 66 31 co.

284 2403 278 49 (34-16880)

200 2478 245 64 Rüfner,
480 2477 273 65 Yinzenz,
790 2482 169 49 1899-

276 2554 108 55 Die
419 2560 170 46 natur
623 2554 116 52 und
777 2555 98 52 der
910 2555 223 52 mensch
1171 2553 58 53 in
1264 2556 109 67 ihr,
1409 2574 109 34 von
1555 2556 83 54 dr.
1676 2556 249 54 Yinzenz
1963 2557 223 54 Rüfner

267 2631 861 69 … Bonn, P. Hanstein, 1934.
271 2704 26 39 3
325 2713 43 37 p.
431 2734 8 17 l.,
473 2703 147 49 [3]-82
644 2714 43 37 p.
742 2704 57 39 27½c
847 2706 27 20 m
879 2737 8 8 .
954 2703 190 48 (Added
1173 2709 118 45 t.-p.:
1316 2705 94 42 Die
1434 2707 314 50 Philosophie,
1779 2708 104 41 ihre
1911 2710 273 47 geschichte

208 2759 867 49 und ihre Systematik … abt. x)
275 2817 221 40 “Inhalt”
525 2828 59 29 on
610 2828 43 37 p.
685 2818 54 48 [2]
768 2819 50 38 of
847 2827 152 30 cover.

276 2874 226 40 Includes
538 2872 388 50 bibliographies.

206 2930 1743 58 © Feb. 2, 1934; 1c. Apr. 7; A-Foreign 24335; Peter Hanstein,
272 2942 1897 97 Verlagsbuchhandlung.
731 2990 276 48 (34-17218)

198 3064 345 65 Schryvers,
574 3066 236 64 Joseph,
845 3064 168 54 1876-

268 3141 121 52 The
412 3141 117 67 gift
552 3141 64 51 of
638 3140 243 68 oneself;
909 3141 152 53 from
1083 3143 94 53 the
1201 3144 222 53 French
1447 3145 64 54 of
1533 3147 96 51 the
1653 3147 293 53 Reverend
1970 3148 211 68 Joseph

202 3218 328 68 Schryvers,
601 3262 9 9 C.
707 3263 8 8 SS.
789 3262 8 8 R.;
864 3219 312 54 translated
1207 3221 77 68 by
1315 3242 30 32 a
1380 3222 268 69 religious
1683 3224 63 52 of
1779 3224 242 68 Carmel,

200 3228 1964 135 Bettendorf,
478 3297 171 51 Iowa.
726 3296 359 68 Bettendorf,
1151 3316 65 50 Ia.,
1249 3298 224 54 Carmel
1507 3334 12 34 [
1524 3307 18 22 c
1548 3305 150 64 1934]

270 3368 27 41 6
325 3380 42 37 p.
433 3401 8 17 l.,
472 3369 146 40 9-239
645 3380 42 37 p.
748 3369 55 40 19½c
852 3372 27 20 m
884 3401 8 9 .

205 3422 50 51 ©
287 3428 113 46 May
430 3428 38 40 1,
500 3427 139 46 1934;
672 3428 65 38 2c.
771 3428 113 46 May
913 3427 52 46 5;
1000 3426 80 41 aff.
1113 3429 111 46 May
1255 3430 51 45 7;
1340 3430 41 39 A
1412 3431 168 47 71711;
1616 3433 259 41 Garmelite
1906 3445 137 38 nuns,

275 3437 1892 93 Bettendorf,
539 3494 40 29 Ia.
654 3483 277 48 (34-16864)

199 3556 306 66 Sherman,
535 3557 156 56 Lois.

201 3630 1983 152 Experiences from “Over there”, by Lois Sherman. Los Angeles, Calif., Press of Wetzel publishing co., inc. [ c 1933]
275 3780 28 39 4
330 3791 41 37 p.
437 3813 8 14 l.,
475 3781 186 48 11-146,
694 3782 53 49 ill
779 3792 43 38 p.
885 3783 57 41 19½c
988 3785 28 22 m
1020 3815 8 9 .

208 3833 51 51 ©
282 3838 127 40 Mar.
443 3840 67 45 15,
543 3840 138 45 1933;
715 3841 66 39 2c.
813 3842 107 38 Jan.
954 3842 39 47 2,
1026 3842 138 41 1934;
1199 3843 80 40 aff.
1314 3845 115 48 July
1459 3847 81 46 20;
1576 3848 40 38 A
1648 3849 168 40 71315:
1854 3851 119 39 Lula
2009 3850 177 49 Sperry

275 3896 169 47 Yager,
488 3897 228 40 Redondo
759 3898 173 47 Beach,
977 3898 142 41 Calif
1149 3922 7 7 .
1193 3900 277 47 (34-10063)
