2350 4196
1151 4003 100 54 778

408 461 48 38 to
487 460 172 47 supply
690 460 195 41 definite
914 460 262 42 directions
1204 461 80 40 for
1315 462 82 39 the
1427 461 146 48 study
1605 461 50 40 of
1688 462 81 40 the
1801 462 241 50 textbook,
2073 463 133 43 there

226 516 88 39 has
348 516 115 39 been
495 515 236 49 prepared
763 527 27 29 a
824 516 283 50 companion
1141 517 257 41 workbook

1431 516 202 42 entitled
1666 517 240 43 ‘Directed
1941 520 185 42 studies
2159 520 48 41 in

226 566 1934 60 business law’. These two books offer a complete service, providing …
230 629 78 40 the
332 631 123 37 most
477 630 197 40 modern
699 629 51 40 of
771 629 226 49 teaching
1021 630 95 41 and
1139 630 182 48 testing
1342 628 516 51 techniques.”—Pref.

229 680 52 53 ©
311 687 113 46 May
452 685 68 47 23,
550 686 140 46 1934;
721 687 66 39 2c.
817 688 95 39 and
942 687 80 40 aff.
1054 688 123 40 June
1207 688 80 45 18;
1320 688 42 38 A
1390 686 169 48 72846;
1593 687 50 40 G.
1678 688 52 40 G.
1762 689 191 48 Bogert,
1986 688 221 49 Chicago,

297 743 230 40 Kennard
555 743 50 38 E.
638 742 245 41 Goodman
911 745 94 38 and
1033 743 215 41 William
1273 744 51 40 L.
1354 745 176 46 Moore,
1561 745 272 40 Cleveland.

309 798 278 49 (34-17256)

220 900 161 64 Buel,
412 902 137 54 Mrs.
582 901 305 55 Elizabeth
921 901 256 66 Cynthia
1208 902 294 66 (Barney)
1543 905 169 52 1868-

296 980 69 52 D.
395 982 70 49 A.
498 981 65 51 R.
594 980 229 53 manual
854 979 91 54 for
976 977 348 71 citizenship.
1403 980 130 52 10th
1566 980 103 67 ed.,
1698 999 111 35 rev.
1840 986 58 47 to
1929 982 276 66 January,

228 1050 1980 161 1934. Compiled by Elizabeth C. Barney Buel … Washington, D. C., The National society, Daughters of the American
228 1211 332 68 revolution,
591 1217 147 51 1934.

300 1285 53 39 72
381 1296 43 37 p.
484 1286 127 39 illus.
640 1285 133 47 (incl.
801 1285 172 42 double
1002 1284 135 50 map)
1204 1285 56 41 18½
1291 1287 44 22 cm
1341 1317 8 8 .

305 1342 190 41 Earlier
535 1343 208 40 editions
782 1343 121 40 have
945 1344 135 40 title:
1122 1342 199 41 Manual
1360 1342 49 40 of
1450 1343 82 40 the
1572 1342 178 41 United
1793 1341 174 45 States,
2010 1344 79 38 for
2127 1344 81 39 the

231 1395 314 43 information
573 1399 51 39 of
652 1398 304 50 immigrants
985 1401 94 39 and
1108 1398 282 49 foreigners.

228 1447 1981 65 © June 1, 1934; 2c. and aff. June 11; A 72725; Natl. soc., Daughters of
294 1513 80 39 the
402 1513 155 39 Amer.
589 1512 283 41 revolution.
944 1512 276 48 (34-17081)

222 1614 324 67 Charteris,
576 1615 209 66 Leslie,
818 1616 166 54 1907-

298 1692 120 53 The
447 1690 366 56 misfortunes
843 1692 61 52 of
933 1693 108 51 Mr.
1073 1692 154 67 Teal,
1259 1692 92 54 the
1382 1710 118 35 new
1534 1691 166 55 Saint
1731 1691 161 68 book,
1923 1691 73 69 by
2028 1689 182 55 Leslie

230 1759 1977 166 Charteris … Garden City, N. Y., Pub. for the Crime club, inc., by Doubleday,
866 1847 196 54 Doran
1090 1849 45 49 &
1163 1864 294 52 company,
1484 1849 127 66 inc.,
1640 1849 149 50 1934.

297 1918 29 41 5
353 1930 42 37 p.
462 1949 9 19 l.,
500 1918 146 42 3-326
673 1931 43 37 p.
774 1920 55 40 20
834 1922 42 21 cm
882 1951 8 8 .

299 1977 160 41 “First
498 1974 225 44 edition.”

228 2034 52 52 ©
324 2040 111 46 May
477 2037 68 47 16,
588 2037 140 47 1934;
773 2039 66 38 2c.
884 2038 94 39 and
1021 2036 81 42 aff.
1146 2037 124 40 June
1310 2038 81 45 16;
1438 2038 40 38 A
1520 2037 168 47 72831;
1735 2038 49 39 L.
1829 2035 263 49 Charteris,
2139 2038 66 41 St.

295 2094 225 50 George’s
548 2095 118 46 Hill,
697 2093 301 50 Weybridge,
1031 2094 233 47 England.
1337 2093 279 49 (34-16902)

220 2197 193 66 Clark,
445 2197 246 56 Charles
720 2197 270 65 Edward,
1023 2199 167 51 1889-

293 2276 169 55 Cases
518 2294 73 35 on
643 2273 272 71 pleading
970 2278 47 49 &
1069 2274 325 70 procedure.
1485 2274 123 55 One
1662 2274 222 53 volume
1941 2274 85 52 ed.
2116 2275 90 67 By

224 2345 1982 79 Charles E. Clark … St. Paul, West publishing company,
223 2434 148 51 1934.

293 2506 24 39 1
344 2517 42 37 p.
448 2535 9 16 l.,
482 2504 179 47 v-xxii,
688 2504 84 40 905
799 2515 41 38 p.
895 2504 57 40 26
954 2506 15 21 cm
1003 2535 8 8 .
1076 2503 277 50 (American
1381 2503 236 43 casebook
1643 2502 177 48 series;
1848 2504 73 40 W.
1949 2505 55 40 R.
2032 2505 175 47 Vance,

223 2563 192 46 general
443 2559 183 48 editor)

226 2616 52 52 ©
307 2621 112 45 May
445 2618 68 47 10,
541 2619 139 45 1934;
709 2620 66 38 2c.
804 2618 124 40 June
956 2618 80 44 20;
1067 2616 81 41 aff.
1175 2618 128 40 June
1328 2619 80 45 21;
1440 2619 40 39 A
1507 2617 169 46 72912;
1705 2619 133 39 West
1866 2617 107 49 pub.
2002 2628 65 30 co.

304 2675 279 51 (34-17253)

220 2767 240 65 Claudy,
491 2768 133 52 Carl
653 2767 221 63 Henry,
908 2765 168 53 1879-

292 2845 120 52 The
449 2843 289 54 unknown
776 2860 225 48 mason;
1045 2860 73 35 an
1158 2843 205 64 unique
1407 2842 230 54 brother
1680 2841 61 53 of
1783 2841 96 53 the
1922 2839 282 69 “Foreign

222 2919 316 57 countries”
566 2922 61 52 of
661 2922 404 66 freemasonry,
1092 2921 74 67 by
1196 2920 134 55 Carl
1359 2921 77 52 H.
1468 2919 254 70 Claudy;
1756 2920 138 53 with
1926 2938 72 34 an
222 2911 1957 151 introduction

496 3002 74 66 by
613 2998 214 68 Joseph
873 3000 140 50 Fort
1057 2997 255 54 Newton.
1391 2999 253 65 Monroe,
1687 2998 71 52 N.
1804 2998 81 67 C.,
1928 2998 276 53 Nocalore

220 3095 171 51 press.
428 3080 152 50 1934.

292 3143 1513 63 99 p. incl. mounted front. plates, 12 port, on 1 l. 24 cm .
293 3209 144 39 “This
468 3207 182 42 edition
682 3207 40 40 is
753 3206 187 41 limited
970 3208 48 38 to
1050 3214 89 33 one
1169 3207 218 40 hundred
1420 3206 226 48 fifty-two
1681 3205 331 50 autographed
2045 3205 159 48 copies

222 3265 52 39 of
300 3265 154 40 which
485 3265 97 39 this
607 3264 41 40 is
677 3264 199 40 number
905 3262 68 41 0.”

224 3318 55 53 ©
313 3324 113 46 May
460 3322 66 47 19,
563 3322 139 45 1934;
740 3322 66 38 2c.
840 3320 93 39 and
970 3320 80 39 aff.
1087 3320 125 39 June
1246 3320 51 45 6;
1334 3321 41 38 A
1410 3319 170 47 72654;
1619 3320 49 41 C.
1704 3321 60 38 H.
1801 3319 200 48 Claudy,

292 3311 1894 124 Washington.
543 3375 277 52 (34-17249)

217 3467 234 67 Collins,
485 3467 244 65 Gilbert,
765 3471 166 50 1890-

294 3544 186 54 Death
508 3551 169 48 meets
704 3544 95 54 the
823 3542 183 69 king’s
1029 3558 311 53 messenger
1389 3542 74 67 [by]
1516 3541 222 55 Gilbert
1764 3540 230 55 Collins.
225 3528 1952 154 Garden
365 3620 149 70 City,

546 3621 66 54 N.
649 3620 88 69 Y.,
769 3621 139 52 Pub.
943 3619 90 54 for
1064 3620 96 52 the
1191 3618 189 55 Crime
1412 3619 144 67 club,
1587 3619 125 68 inc.,
1743 3618 73 68 by
1850 3615 351 69 Doubleday,

225 3699 196 53 Doran
450 3701 44 49 &
524 3715 293 51 company,
845 3697 125 66 inc.,
1000 3698 150 52 1934.

292 3769 86 40 viii
417 3781 57 38 p.,
512 3770 24 39 1
612 3801 9 17 l.,
658 3770 86 41 368
780 3780 43 38 p.
890 3769 54 39 19½
976 3771 44 21 cm
1025 3799 8 9 .

293 3827 162 42 “First
484 3825 224 44 edition.”

221 3883 52 52 ©
298 3889 125 39 June
445 3887 70 47 20,
539 3885 140 48 1934;
707 3887 64 40 2c.
797 3886 93 42 and
916 3885 80 40 aff.
1023 3886 125 39 June
1171 3885 82 45 22;
1282 3885 39 38 A
1347 3884 169 46 72934;
1544 3885 296 47 Doubleday,
1868 3885 164 38 Doran
2059 3883 36 40 &
2117 3891 82 39 co.,

284 3944 90 42 inc.
447 3942 277 50 (34-16900)
