2350 4196
1129 4025 100 54 557

248 461 227 47 “Typical
507 460 385 40 examinations”:
956 472 40 36 p.
1030 459 214 41 276-287.

180 514 1993 52 © Apr. 14, 1934; 2c. Apr. 28; aff. Apr. 27; A 72238; A. Freilich and
248 576 168 46 Henry
459 576 57 37 H.
565 575 250 47 Shanholt,
862 575 258 47 Brooklyn,
1165 575 94 38 and
1304 574 180 47 Joseph
1528 574 49 40 P.
1623 573 328 48 McCormack,
1996 575 178 45 Bronx,

247 633 55 40 N.
333 633 52 39 Y.
454 632 280 48 (34-11405)

180 723 180 51 Frobeni
434 739 84 44 us,
551 723 136 64 Leo,
724 722 171 53 1873-

174 798 1971 147 … Kulturgeschichte Afrikas; prolegomena zu einer historischen gestaltlehre … [Zürich] Phaidon-verlag [ c 1933]
252 948 1783 51 2 p. l., [3]-652 p. inch front., illus., 164 pl. on 82 1. map. 22 cm .
251 1005 169 42 “1.-15.
454 1007 248 41 tausend.”

254 1063 286 41 “Übersicht
593 1065 117 39 über
766 1065 77 40 die
898 1064 306 47 wichtigsten
1260 1063 238 40 Schriften
1554 1074 93 28 von
1701 1063 93 40 Leo
1850 1063 323 41 Frobenius”:

183 1129 39 37 p.
254 1121 247 49 [433]-434.

180 1173 1996 52 © Nov. 27, 1933; 1c. Mar. 5, 1934; A-Foreign 23930; Phaidon-verlag.
248 1245 105 38 a.-g.
411 1235 280 48 (34-12279)

177 1310 326 67 Fujikawa,
533 1312 111 55 Yu.

308 1388 1868 69 … Japanese medicine, by Y. Fujikawa, M. D.; translated
181 1466 1996 70 from the German by John Ruhräh, M . D., with a chapter on
177 1544 121 53 The
343 1552 191 47 recent
578 1545 223 69 history
848 1545 64 53 of
957 1545 279 53 medicine
1280 1546 61 51 in
1389 1546 213 67 Japan,
1647 1546 76 67 by
1770 1546 268 69 Kageyas
2086 1548 89 52 W.

176 1622 2000 72 Amano … with 8 illustrations. New York, P. B. Hoeber, inc.,
178 1703 150 50 1934.

244 1773 103 48 xiii,
379 1774 85 40 114
498 1785 41 37 p.
615 1775 143 48 illus.,
792 1777 170 47 plates,
998 1777 146 46 ports.
1221 1777 55 39 17
1279 1778 44 20 cm
1327 1806 8 8 .
1423 1776 299 48 (Half-title:
1758 1777 101 40 Clio
1895 1778 184 41 medica;
2148 1791 21 29 a

176 1831 1440 49 series of primers on the history of medicine … XII)
245 1888 140 39 Brief
411 1888 148 40 series
588 1888 108 41 title
723 1891 53 38 at
800 1889 124 40 head
951 1889 53 40 of
1031 1891 96 45 t.-p.

246 1945 224 40 Includes
499 1944 392 48 bibliographies.

180 1997 52 51 ©
258 2001 112 48 Apr.
399 2001 37 47 9,
466 2001 140 46 1934;
637 2001 65 40 2c.
731 2002 112 46 Apr.
874 2003 79 45 14;
985 2001 81 40 aff.
1095 2002 112 47 Apr.
1236 2002 81 47 19;
1349 2003 39 37 A
1416 2002 170 47 71285;
1618 2004 122 39 Paul
1769 2005 38 38 B.
1853 2005 203 47 Hoeber,
2086 2006 88 40 inc.

258 2058 279 48 (34-11982)

174 2131 327 66 Gehrkens,
530 2135 144 51 Karl
706 2135 237 59 Wilson,
975 2138 169 49 1882-

247 2212 186 54 Music
473 2213 60 52 in
573 2213 98 52 the
711 2213 178 68 grade
927 2213 220 53 schools
1176 2213 231 68 (grades
1452 2213 155 68 1-6),
1649 2214 76 67 by
1766 2216 147 51 Karl
1954 2216 222 53 Wilson

178 2290 1650 70 Gehrkens … Boston, C. C. Birchard & co. [ c 1934]
245 2363 1913 50 7 p. l., 233 p. illus. (inch music) 20½ cm . (On cover: The Laurel
176 2422 207 47 library)

181 2475 51 52 ©
260 2480 111 47 Apr.
401 2479 37 46 6,
469 2478 113 40 1934;
638 2477 67 41 2c.
735 2478 113 42 May
876 2476 52 47 2;
960 2476 80 41 aff.
1070 2477 112 47 May
1210 2477 52 47 1;
1293 2478 41 38 A
1362 2477 171 47 72282;
1566 2478 46 40 C.
1645 2479 49 41 C.
1724 2478 240 41 Birchard
1993 2480 40 40 &
2058 2490 66 31 co.

258 2534 280 50 (34-11992)

175 2612 211 64 Goode,
416 2611 277 52 Kenneth
722 2610 401 65 Mackarness,
1155 2612 169 52 1880-

246 2690 241 54 Modern
521 2687 355 69 advertising
906 2688 191 53 makes
1128 2689 231 67 money!
1419 2689 91 67 [by]
1550 2689 267 53 Kenneth
1848 2691 78 52 M.
1962 2691 210 54 Goode.

182 2770 135 52 New
349 2769 164 53 York
547 2768 113 52 and
690 2767 258 66 London,
979 2767 231 66 Harper
1239 2770 45 49 &
1313 2766 279 57 brothers,
1626 2772 150 48 1934.

255 2841 84 40 viii
366 2854 57 37 p.,
451 2843 24 37 1
540 2872 7 16 l.,
576 2840 85 40 203
689 2850 42 37 p.
793 2839 54 39 22
851 2841 44 22 cm
901 2872 8 8 .

253 2897 162 41 “First
444 2896 225 42 edition.”

182 2952 52 51 ©
260 2957 111 46 Apr.
399 2957 40 45 7,
466 2954 113 40 1934;
635 2955 66 38 2c.
731 2954 113 46 May
871 2954 51 42 8;
953 2952 81 40 aff.
1063 2954 113 46 May
1203 2953 25 39 9;
1284 2953 43 39 A
1353 2953 169 47 72344;
1554 2954 193 47 Harper
1774 2955 35 39 &
1838 2956 122 39 bros.

260 3012 279 49 (34-11963)

177 3087 280 65 Grinnell,
487 3088 227 62 George
744 3087 159 64 Bird,
937 3088 171 50 1849-
1319 3086 83 53 ed.

253 3166 272 66 Hunting
550 3162 164 56 trails
741 3182 72 33 on
839 3162 158 54 three
1025 3163 343 65 continents;
1400 3180 30 33 a
1459 3162 145 53 book
1631 3163 64 52 of
1721 3163 96 54 the
1844 3163 193 53 Boone
2064 3164 110 52 and

186 3243 265 56 Crockett
489 3241 154 66 club;
685 3240 228 68 editors,
950 3238 217 69 George
1204 3239 146 53 Bird
1391 3238 279 69 Grinnell,
1710 3241 229 53 Kermit
188 3241 1964 150 Roosevelt,
346 3321 89 53 W.
468 3318 299 55 Redmond
800 3317 166 54 Cross
1023 3317 129 67 [and]
1190 3318 256 53 Prentiss
1479 3317 68 56 N.
1584 3317 172 70 Gray.
1829 3318 133 55 New
2000 3319 176 68 York,

185 3401 120 53 The
336 3397 317 69 Derrydale
686 3414 155 50 press
877 3430 13 33 [
895 3402 17 21 c
918 3398 151 65 1933]

254 3470 26 41 3
306 3482 43 37 p.
373 3472 45 46 h,
447 3469 125 41 v-xi.
597 3468 85 41 302
708 3480 41 36 p.
807 3467 162 48 front.,
997 3469 170 47 plates,
1195 3479 149 36 maps.
1402 3469 54 38 21½
1490 3472 43 20 cm
1539 3501 8 8 .

256 3524 1624 50 “Two hundred and fifty copies … printed … Number 118.”
186 3588 50 51 ©
261 3592 117 39 Nov.
402 3590 70 46 27,
497 3587 139 45 1933;
664 3587 64 39 2c.
756 3586 94 38 and
875 3584 81 41 aff.
981 3586 112 46 Apr.
1119 3584 66 45 12,
1212 3584 139 47 1984;
1380 3585 40 38 A
1445 3585 169 46 71208;
1643 3586 162 41 Boone
1831 3588 95 39 and
1953 3587 225 40 Crockett

257 3647 121 46 club,
402 3646 118 39 New
543 3644 144 39 York.
751 3641 279 50 (34-11754)

184 3723 261 64 Harrow,
475 3717 337 66 Benjamin,
842 3719 171 51 1888-

253 3793 1865 72 The chemistry of the hormones, by Benjamin Harrow …
185 3871 1995 68 and Carl P. Sherwin … Baltimore, The Williams & Wilkins
182 3975 296 51 company,
508 3957 152 50 1934.
