2350 4196
1123 4000 132 52 1874

197 404 174 62 Bour,
400 403 52 53 J.
484 404 136 61 Coy.

329 475 1858 54 … The American law institute’s restatement of the law of
200 554 220 54 conflict
460 554 63 52 of
562 557 135 51 laws
736 555 139 50 with
916 555 361 51 annotations
1312 558 58 46 to
1408 553 95 51 the
1542 552 270 52 Missouri
1852 552 334 53 authorities

211 628 1977 69 (sections 79-92) By J. Coy Bour … [Columbia, Mo., The
197 710 333 65 University
560 710 60 50 of
650 709 285 54 Missouri,
967 711 149 62 1933]

267 783 58 38 40
354 793 40 36 p.
453 782 53 39 23
511 784 43 19 cm
636 781 124 47 (The
789 779 280 47 University
1101 779 53 38 of
1181 778 229 39 Missouri
1441 778 217 40 bulletin,
1719 790 41 27 v.
1793 779 69 45 34,
1893 789 73 28 no.
2000 779 68 48 21,
197 781 1974 97 November
413 839 67 41 15,
509 837 137 46 1933)

271 910 142 38 “Law
443 908 148 40 series
620 907 98 40 46.”

203 975 1984 52 © Nov. 25 : 1933; 2c. Nov. 6; aff. Dec. 13: A 68304; James Lewis Parks,
271 1039 183 37 trustee
481 1036 80 39 for
587 1037 81 38 the
697 1033 228 41 Missouri
953 1034 86 38 bar
1067 1043 139 34 assn.,
1238 1031 265 41 Columbia
1534 1033 89 38 Mo.

198 1137 303 65 Brigham,
534 1138 207 52 Albert
773 1138 202 61 Berry,
1011 1141 323 49 1855-1932.

328 1212 1862 67 … The new world [by] Albert Perry Brigham … and Charles
201 1290 1987 67 T. McFarlane … Philadelphia ed. New York, Cincinnati
204 1375 135 59 [etc.]
408 1368 304 52 American
740 1368 147 52 book
915 1381 276 53 company
1227 1401 10 32 [
1245 1375 16 19 c
1268 1371 150 62 1934]

270 1454 44 29 x.
342 1441 84 40 404
455 1452 38 36 p.
522 1442 106 38 incl.
658 1441 146 38 front,
862 1440 140 46 illus.,
1032 1440 84 39 col.
1146 1442 168 45 plates,
1345 1451 150 36 maps.
1551 1440 55 39 25½
1639 1442 43 20 cm
1688 1469 7 8 .
1764 1439 124 49 (Our
1916 1442 150 39 world
2097 1444 95 38 and

199 1500 269 46 ourselves)

268 1571 197 37 Illustra
475 1569 78 39 ted
587 1567 358 48 lining-papers.

203 1636 1987 51 © Dec. 17, 1934; 2c. and aff. Dec. 24; A 77853; Charles T. McFarlane,
267 1697 160 39 Dobbs
463 1697 145 46 Ferry,
660 1697 53 37 N.
751 1697 66 44 Y.,
856 1697 94 38 and
988 1696 141 39 Flora
1165 1696 69 39 W.
1271 1696 245 47 Brigliam,
1552 1696 116 38 New
1703 1696 144 39 York.
1912 1694 280 49 [Copyright

270 1753 41 39 is
338 1753 204 39 claimed
568 1763 59 27 on
657 1752 223 40 modified
910 1751 107 41 title
1048 1753 94 38 and
1172 1754 220 46 changes]

202 1856 341 64 Chenevier,
569 1857 220 54 Pierre.

330 1931 1859 69 … Cours de trigonométrie conforme aux programmes du
201 2013 65 49 30
302 2012 145 50 avril
484 2013 151 63 1931,
672 2011 31 50 à
738 2010 210 67 l’usage
983 2011 95 51 des
1114 2012 198 51 classes
1348 2010 67 52 de
1451 2009 469 67 mathématiques
1956 2009 67 52 de
200 2008 1968 144 l’enseignement

583 2086 340 54 secondaire.
1008 2087 233 67 (Lycées
1279 2093 56 47 et
1373 2087 237 67 collèges
1650 2087 68 52 de
1755 2104 238 50 garçons
2030 2091 57 48 et
2124 2086 67 53 de

208 2164 184 64 jeunes
486 2164 106 64 filles)
668 2164 183 66 Paris,
882 2165 282 52 Hachette
1199 2197 12 34 [
1216 2170 18 21 c
1238 2167 152 63 1934]

269 2235 936 50 1 p. l., ii, 218, [1] p. diagrs. 23 cm .
202 2302 1989 52 © Mar. 14. 1934; 1c. Nov. 21: A-Foreign 26231; Librairie Hachette.
280 2364 247 46 (35-2355)

202 2465 344 64 Chevallier,
576 2467 253 53 Simone.

332 2540 1719 68 … L’ami des vacances, roman. Paris, Fasquelle [ c 1934]
270 2614 83 39 272
384 2625 40 37 p.
483 2614 54 39 19
541 2617 15 20 cm
589 2645 8 8 .

269 2670 690 48 Bibliothèque-Charpentier.

205 2737 1899 52 © Oct. 19, 1934; 1c. Dec. 15; A-Foreign 26428; Fasquelle éditeurs.
280 2797 248 49 (35-2476)

202 2899 238 65 Cooper,
470 2901 245 53 Charles
738 2902 63 53 P.

272 2974 152 54 “The
472 2976 169 67 spirit
686 2978 63 51 of
794 2978 95 51 the
937 2976 424 56 Constitution”
1410 2978 111 52 and
1568 2976 159 53 “The
1770 2975 310 68 principles
2128 2976 63 52 of

202 3056 227 50 natural
468 3053 236 67 justice”
743 3054 60 51 in
842 3053 427 55 constitutional
1309 3054 454 68 interpretation.
1839 3056 143 51 Part
2044 3095 10 10 I.
200 3054 1967 128 Inherent
438 3130 337 53 limitations

817 3149 155 49 upon
1013 3135 426 63 governmental
1482 3150 208 49 power,
1730 3133 75 65 by
1849 3132 234 55 Charles
2123 3133 67 52 P.

202 3205 1759 71 Cooper … Jacksonville, Fla., The Cooper press [ c 1934]
269 3281 96 45 106,
400 3281 52 48 [3]
484 3291 39 36 p.
582 3280 53 39 23½
669 3282 43 20 cm
718 3311 7 7 .

207 3345 51 51 ©
300 3350 123 47 Sept.
463 3351 39 44 8,
541 3349 138 46 1934;
720 3350 64 40 2c.
828 3351 124 46 Sept.
991 3349 80 46 19;
1115 3350 79 39 aff.
1237 3351 126 46 Sept.
1402 3351 81 47 20;
1524 3352 42 38 A
1603 3351 169 46 75444;
1815 3351 48 40 C.
1904 3352 49 38 P.
1994 3351 195 47 Cooper,

272 3407 339 46 Jacksonville,
639 3406 101 40 Fla.

206 3508 217 64 Earles,
451 3509 155 56 Lois.

332 3585 1859 69 … Musician by proxy … pt. II . Fortepiano, written from
203 3660 156 67 daily
398 3663 325 64 experience
762 3663 64 51 of
863 3664 98 51 the
997 3664 105 51 life
1141 3664 61 52 of
1242 3682 31 33 a
1312 3663 272 54 scientific
1622 3663 230 69 pianist.
1927 3666 90 65 By
2054 3665 134 51 Lois

200 3737 1819 71 Earles … [Hadleigh, England, Epoch delivery co., 1934]
271 3811 1240 49 3 p. l., [5]-59, [3] p. front., plate, ports. 23 cm .
204 3875 1984 55 © 1c. Aug. 10, 1934; A ad int. 19374; pubd. Aug. 15; Epoch delivery co.
