2350 4196
1150 4002 95 55 760

213 454 50 50 ©
300 459 112 45 May
447 458 68 46 22,
551 458 113 39 1934;
727 458 67 39 2c.
831 458 125 40 June
991 459 80 40 15;
1110 458 78 40 aff.
1226 460 126 39 June
1386 459 81 39 12:
1505 460 40 38 A
1579 460 167 45 72807;
1787 459 408 41 Commonwealth

280 513 136 41 fund.
487 514 278 47 (34-27161)

205 605 346 52 Tennessee,
627 606 163 51 Laws
799 647 11 24 ,
840 610 256 62 statutes,
1126 612 97 47 etc.

275 681 330 54 Annotated
646 683 150 53 Code
836 682 62 52 of
934 686 324 63 Tennessee,
1298 687 160 61 1934;
1499 683 330 67 containing
1867 684 76 51 all
1981 688 115 47 acts
2133 684 62 51 of

205 761 1965 222 a general and public nature in force January 1, 1934, including also the state and federal constitutions and rules of Appellate courts, compiled and annotated by Samuel C. Williams …
204 995 241 52 Volume
539 1037 8 8 IV.
616 994 415 67 Indianapolis,
1062 996 117 51 The
1211 995 441 53 Bobbs-Merrill
1685 1014 238 47 company
2000 999 190 63 [c1934]

284 1068 60 46 vi,
377 1068 81 40 892
491 1080 41 35 p.
592 1068 144 39 26½cm.

213 1121 1982 100 © June 11, 1934; 1c. July 7; 1c. June 15; aff. June 27; A 74165; Bobbs-Merrill co.
203 1269 1290 67 Tret’i͡akov, Serg i͡eĭ Mīkhaĭlovīch, 1892-
211 1346 1960 138 … A Chinese testament; the autobiography of Tan Shih-hua,
368 1447 56 33 as
452 1428 120 52 told
601 1433 58 47 to
689 1427 57 54 S.
775 1426 325 53 Tretiakov.
1164 1427 138 51 New
1332 1425 179 67 York,
1541 1426 197 54 Simon
1767 1425 110 52 and
1910 1425 285 67 Schuster,

211 1506 147 50 1934.

278 1578 51 39 ix
354 1589 58 38 p.,
436 1578 27 39 2
525 1609 8 16 l.,
559 1577 143 41 3-316
727 1589 44 38 p.
830 1578 115 40 24cm.

282 1635 271 49 Originally
598 1635 253 49 published
898 1636 50 38 in
993 1634 223 41 Russian.
1289 1634 411 41 Transliteration
1744 1634 50 41 of
1839 1634 206 49 original
2091 1635 106 41 title

211 1693 130 40 “Den
372 1692 280 41 Shī-khua”.
707 1693 117 38 This
854 1702 139 31 name
1020 1692 50 39 in
1101 1690 201 42 Chinese
1330 1692 279 40 characters
1639 1692 41 39 is
1708 1693 51 38 at
1787 1693 123 40 head
1940 1692 50 41 of
2016 1692 123 42 title.

213 1748 51 51 ©
298 1754 125 38 June
455 1752 67 45 12,
556 1751 138 40 1934;
730 1751 65 39 2c.
830 1751 93 38 and
957 1749 81 41 aff.
1072 1750 124 39 June
1229 1750 80 45 13;
1346 1750 39 38 A
1419 1750 168 46 73046;
1627 1749 162 41 Simon
1823 1752 94 38 and
1954 1751 241 45 Schuster,

280 1809 88 39 inc.
443 1807 278 48 (34-27197)

204 1898 330 65 Umstattd,
566 1900 201 51 James
802 1896 330 65 Greenleaf,
1169 1900 166 49 1896-

210 1974 1983 146 Supply and demand of college teachers, by James G. Umstattd … Minneapolis, The University of Minnesota press
230 2137 173 61 [c1933]

280 2205 489 47 3 p. l., 41 p. 23cm.
213 2259 50 51 ©
294 2264 107 38 Jan.
430 2262 38 46 9,
499 2263 138 41 1934;
668 2262 64 39 2c.
763 2264 93 37 and
886 2261 78 38 aff.
998 2262 110 46 May
1137 2260 79 43 18;
1248 2260 41 39 A
1316 2259 169 47 72695;
1519 2259 280 48 University
1827 2260 52 40 of
1909 2258 286 49 Minnesota,

279 2319 333 48 Minneapolis.
688 2319 278 46 (34-16327)

204 2409 248 62 Undset,
482 2407 215 66 Sigrid,
730 2411 170 49 1882-

207 2482 1963 148 … Ida Elisabeth; herausgegeben von J. Sandmeier. Frankfurt am Main, R ütten & Loening, 1934.
278 2622 680 63 3 p. l., 9-446, [2] p. 20cm.
281 2692 1909 50 “Berechtigte ü bertragung aus dem norwegischen von J. Sandmeier und
211 2750 42 41 S.
287 2751 351 48 Angermann.”

212 2804 1983 52 © Nov. 30, 1933; 1c. May 1, 1934; A -Foreign 24569; Rütten & Loening
282 2866 177 46 verlag.
531 2865 277 47 (34-16851)

207 2953 234 64 Ursina,
474 2954 324 56 Charlotte.

276 3032 288 64 Erasmus,
599 3049 196 34 roman
830 3050 110 34 von
976 3030 295 54 Charlotte
1304 3030 229 54 Ursina.
1607 3028 114 55 Mit
1757 3034 61 50 51
206 3031 1965 130 holzschnitten

327 3127 109 33 von
467 3108 220 52 Rudolf
714 3109 210 52 Wirth.
998 3107 303 67 München,
1329 3108 56 54 J.
1414 3109 175 51 Kösel
1617 3110 46 50 &
1690 3108 64 52 F.
1784 3108 201 53 Pustet
2038 3110 131 50 [1933]

277 3182 84 39 167
397 3191 42 37 p.
500 3181 127 40 illus.
686 3180 115 42 20cm.

213 3234 1980 51 © Oct. 30, 1933; 1c. Mar. 5, 1934; A -Foreign 23913; Verlag Josef
279 3295 146 40 Kösel
455 3295 34 38 &
517 3294 250 40 Friedrich
797 3296 183 46 Pustet,
1011 3296 171 39 komm.
1214 3305 92 37 ges.
1339 3306 42 29 a.
1412 3306 40 28 a.
1524 3295 279 46 (34-17046)

205 3383 286 64 Virginia.
567 3386 163 51 Laws
738 3429 10 20 ,
781 3392 236 47 statutes
1024 3433 10 14 ,
1070 3392 99 47 etc.

277 3464 134 48 1934
445 3461 357 67 supplement
834 3468 57 45 to
927 3463 94 52 the
1055 3462 265 67 Virginia
1357 3463 133 53 code
1525 3462 60 51 of
1623 3465 149 49 1930.
1843 3461 348 67 Containing

208 3539 75 50 all
316 3538 92 51 the
442 3540 227 65 general
703 3539 135 53 laws
872 3541 229 50 enacted
1137 3545 54 47 at
1224 3541 94 51 the
1354 3544 130 48 1933
1518 3544 159 49 extra
1709 3540 208 52 session
1952 3540 110 51 and
2096 3540 96 51 the

209 3620 132 48 1934
384 3617 226 66 regular
653 3617 208 51 session
905 3616 138 51 with
1087 3617 110 52 full
1243 3619 375 51 annotations.
1698 3618 199 54 Under
1939 3618 94 52 the
205 3616 1959 129 editorial
409 3693 353 67 supervision
794 3693 61 54 of
888 3696 68 50 A.
990 3696 247 51 Hewson
1268 3695 228 65 Michie,
1529 3695 234 53 assisted
1795 3696 74 65 by
1903 3695 164 54 Chas.
2099 3696 89 53 W.

209 3770 237 54 Sublett.
525 3770 476 55 Charlottesville,
1040 3773 122 55 Va.,
1199 3773 118 52 The
1355 3773 210 52 Michie
1603 3792 294 46 company,
1938 3775 147 51 1934.

280 3845 60 44 vi,
376 3846 69 47 [1],
476 3845 85 39 234
592 3855 41 37 p.
691 3844 143 39 26½cm.

212 3897 50 51 ©
292 3902 115 47 July
434 3901 38 46 5,
501 3900 139 45 1934;
670 3901 66 39 2c.
766 3901 93 39 and
889 3899 80 41 aff.
998 3901 115 46 July
1143 3902 23 38 7;
1223 3901 41 38 A
1291 3902 140 38 74147;
1491 3901 176 41 Michie
1696 3913 65 30 co.
