2350 4196
1091 4006 133 52 1691

232 434 44 37 vi
303 443 56 37 p.,
388 435 23 37 1
462 467 6 6 l.,
511 435 83 39 183
622 444 42 37 p.
729 435 125 38 illus.
918 433 114 40 19cm.

228 489 163 41 “First
420 491 260 47 printing.”

160 544 51 51 ©
236 549 115 40 Nov.
378 550 66 41 12,
472 548 111 40 1934;
637 549 64 39 2c.
730 549 93 39 and
851 549 80 40 aff.
957 549 114 39 Nov.
1101 549 53 37 14
1174 559 6 30 :
1209 549 39 37 A
1272 547 143 41 78096;
1471 548 147 39 Webb
1646 548 121 38 book
1795 547 107 47 pub.
1931 556 66 30 co.

237 603 279 49 (34-39675)

156 709 279 63 Graham,
467 710 216 64 Harry,
719 713 165 51 1874-

294 802 151 51 Happy
480 784 263 68 families,
774 806 27 31 a
833 794 152 58 story
1020 786 90 51 for
1140 785 92 53 the
1259 802 192 51 young
1479 785 63 50 of
1572 785 77 53 all
1678 801 148 50 ages,
1859 784 66 68 by
1961 783 192 66 Harry

162 862 280 61 Graham;
496 863 133 51 with
679 863 376 53 illustrations
1102 862 71 68 by
1222 862 182 53 Lewis
1450 861 262 54 Baumer.
1798 860 256 67 London,
2100 859 53 55 J.

161 938 154 69 Cape
377 943 133 48 [1934]

227 1010 1113 51 2 p. l., 9-316, [1] p. front., illus. 20½cm.
159 1066 1996 52 © 1c. Dec. 4. 1934; A ad int. 19680; pubd. Oct. 8; H. Graham, London.
236 1127 281 47 (34-42420)

160 1229 275 67 [Gribble,
470 1232 265 54 Leonard
768 1232 305 66 Reginald]
1114 1237 169 49 1908-

231 1307 120 51 The
383 1325 129 36 man
549 1307 147 52 from
732 1306 368 65 Manhattan;
1138 1325 26 33 a
1203 1308 229 51 murder
1466 1315 246 61 mystery
1751 1308 68 66 by
1861 1308 109 52 Leo
2005 1307 47 52 G
2062 1325 91 33 rex

166 1385 194 68 [pseud.]
475 1385 257 66 London,
764 1385 361 53 Hutchinson
1157 1386 44 50 &
1232 1402 75 35 co.
1340 1384 102 54 ltd.
1481 1388 173 66 [1934]

226 1455 607 49 3 p. l., 11-287 p. 19cm
159 1512 1998 52 © 1c. Nov. 9, 1934; A ad int. 19677; pubd. Sept. 14; Doubleday, Doran &
226 1584 80 34 co.,
336 1574 103 45 inc.,
469 1573 191 40 Garden
690 1573 122 47 City,
843 1574 52 38 N.
927 1574 49 38 Y.
1050 1572 278 48 (34-42422)

156 1662 135 66 Hill,
320 1664 314 65 Tristram,
663 1666 194 65 pseud.

225 1741 1935 68 Questing heart, by Tristram Hill … London, Eldon press,
157 1820 219 52 limited
416 1822 172 64 [1934]

255 1890 665 50 x p., 1 l., 13-317 p. 19cm.
159 1945 1999 53 © 1c. Nov. 10, 1934; A ad int. 19564; pubd. Sept. 14; Yseult Alice Mary
228 2007 280 40 Letchmere
544 2007 125 45 Low,
706 2007 286 38 Amersham
1031 2006 240 46 Common,
1310 2006 485 48 Buckinghamshire,
1834 2006 234 48 England.

236 2063 279 47 (34-42182)

156 2154 274 65 Huffard,
460 2156 136 52 Mrs.
629 2154 186 54 Grace
843 2153 354 65 Thompson,
1227 2156 83 50 ed.

227 2232 101 68 My
357 2240 198 60 poetry
582 2232 145 52 book;
786 2250 68 33 an
884 2232 308 68 anthology
1224 2232 63 52 of
1316 2233 234 51 modern
1577 2251 154 34 verse
1762 2233 90 51 for
1880 2233 137 66 boys
2044 2233 104 51 and

157 2311 158 68 girls,
347 2311 236 54 selected
617 2311 110 52 and
762 2311 281 66 arranged
1075 2310 74 67 by
1180 2310 182 55 Grace
1393 2312 328 65 Thompson
1755 2312 252 51 Huffard
2043 2313 108 51 and

156 2388 189 54 Laura
373 2389 130 52 Mae
532 2388 260 64 Carlisle,
819 2389 57 50 in
908 2388 407 52 collaboration
1347 2389 135 52 with
1514 2389 185 51 Helen
1728 2389 222 63 Ferris;
158 2390 1975 129 introduction
431 2467 71 67 by
546 2468 186 51 Booth
773 2466 379 67 Tarkington,
1195 2466 321 52 illustrated
1563 2467 72 64 by
1675 2467 179 67 Willy
1898 2469 253 65 Pogány.

160 2545 270 68 Chicago,
471 2544 406 66 Philadelphia
941 2552 99 44 [etc.]
1108 2545 118 51 The
1268 2545 155 53 John
1466 2543 61 54 C.
1568 2545 264 54 Winston
1877 2564 276 48 company

165 2627 192 64 [c1934]

228 2696 116 48 xxii,
382 2699 86 37 504.
504 2708 42 35 p.
587 2695 107 39 incl.
732 2695 156 48 plates
918 2696 134 47 (part
1089 2695 109 46 col.)
1275 2697 85 38 col.
1398 2696 147 40 front.
1608 2694 144 42 22½cm.

228 2754 128 39 Title
392 2753 170 39 within
596 2762 116 29 orname
797 2753 100 37 ntal
935 2752 184 38 border.

232 2811 285 39 Illustrated
548 2809 349 47 lining-papers
925 2809 48 39 in
1003 2809 141 39 color.

162 2864 53 51 ©
244 2867 99 41 Oct.
373 2868 68 42 26,
474 2866 111 40 1934;
646 2865 67 41 2c.
745 2866 92 39 and
870 2865 79 39 aff.
982 2866 109 39 Dec.
1126 2867 51 39 17;
1239 2868 38 36 A
1307 2866 170 46 78600;
1511 2867 127 39 John
1714 2901 6 7 C.
1753 2866 223 40 Winston
2006 2877 68 31 co.

238 2925 279 48 (34-28463)

162 3017 178 66 [IIive,
372 3016 199 65 Jacob]
611 3015 323 54 1705-1763.

227 3094 120 52 The
384 3093 162 52 Book
581 3092 63 52 of
680 3091 225 66 Jasher,
940 3109 103 35 one
1079 3092 62 52 of
1176 3093 94 51 the
1307 3092 193 52 sacred
1538 3092 173 52 books
1748 3092 62 52 of
1843 3093 94 51 the
1973 3093 185 65 Bible,

158 3168 2000 148 long lost or undiscovered. Now offered in photographic reproduction of the version of Alcuin. [ San José, Calif.] The
158 3326 368 52 Rosicrucian
556 3324 184 66 order,
768 3324 70 52 A.
866 3323 77 54 M.
975 3323 67 54 O.
1071 3324 68 53 R.
1167 3323 64 56 C.
1265 3327 172 64 [1934]

227 3395 1007 51 2 p. l., facsim.; xi, [3]. 63, 9 p. 28cm.
229 3454 132 41 With
392 3453 342 48 reproduction
764 3452 50 41 of
843 3455 96 44 t.-p.
970 3452 50 39 of
1047 3451 113 40 1829
1188 3453 211 40 edition;
1431 3454 99 38 The
1562 3452 131 40 Book
1724 3453 49 39 of
1836 3455 169 39 Jasher:
2041 3456 113 39 with

159 3510 300 41 testimonies
495 3510 95 40 and
628 3512 150 42 notes,
813 3508 191 40 critical
1039 3509 96 39 and
1171 3509 268 44 historical,
1476 3509 322 47 explanatory
1835 3510 50 38 of
1923 3512 78 39 the
2040 3514 115 38 text.

158 3569 68 39 To
257 3568 156 39 which
447 3568 41 39 is
520 3566 228 49 prefixed,
783 3565 196 40 various
1012 3564 240 49 readings,
1285 3566 95 39 and
1414 3575 26 29 a
1474 3565 316 48 preliminary
1825 3567 330 41 dissertation,

160 3626 202 48 proving
399 3624 82 40 the
521 3621 327 48 authenticity
887 3621 51 40 of
976 3622 82 39 the
1099 3622 145 39 work.
1313 3622 291 39 Translated
1646 3622 103 40 into
1790 3623 198 48 English
2029 3625 125 40 from

160 3684 81 39 the
273 3681 220 46 Hebrew,
529 3681 59 45 by
622 3678 203 40 Flaccus
858 3677 202 39 Albinus
1093 3677 245 43 Alcuinus,
1372 3677 50 39 of
1456 3677 207 43 Britain,
1699 3679 144 39 abbot
1877 3680 51 39 of
158 3680 1982 106 Canterbury,

333 3738 107 41 who
479 3739 127 37 went
641 3745 27 29 a
708 3733 287 50 pilgrimage
1032 3733 104 40 into
1172 3735 80 39 the
1292 3733 126 48 Holy
1458 3734 148 47 Land,
1643 3736 95 38 and
1777 3735 182 48 Persia,
1997 3738 160 41 where

159 3789 1998 48 he discovered this volume, in the city of Gazna … Bristol: Printed for
159 3855 80 38 the
267 3852 171 45 editor,
467 3850 59 47 by
556 3848 49 42 P.
634 3848 124 40 Rose
790 3849 115 46 [etc.,
934 3849 104 45 etc.]
1070 3844 126 42 1829.

231 3909 160 39 “First
424 3906 197 46 edition,
658 3902 291 48 September,
984 3900 156 41 1934.”
