2350 4196
1048 4047 129 49 1545

210 471 79 45 vii,
320 473 71 47 [1],
415 471 87 40 379
523 481 42 38 p.
593 473 109 40 incl.
728 474 141 45 illus.,
897 472 194 46 diagrs.,
1116 471 166 38 forms.
1343 468 55 40 24
1403 471 43 21 cm
1452 501 6 7 .

213 528 338 48 “Directories,
601 529 243 41 reference
886 529 160 40 books,
1092 529 93 38 and
1231 527 145 39 books
1423 526 53 40 of
1518 527 192 46 general
1759 524 377 41 information”:

143 597 38 35 p.
213 585 216 40 340-352.

144 655 50 51 ©
227 659 99 39 Oct.
359 659 68 45 13,
460 658 140 42 1934:
634 659 66 40 2c.
730 661 117 39 Nov.
880 660 24 38 5;
963 659 81 40 aff.
1079 658 99 40 Oct.
1211 656 54 39 29;
1327 657 40 38 A
1399 656 168 47 76923;
1603 658 159 46 Lyons
1792 657 38 40 &
1860 657 274 40 Carnahan.

228 716 264 47 [Copyright
520 717 40 37 is
588 717 203 38 claimed
820 727 58 28 on
907 716 236 39 revisions
1172 716 92 38 and
1293 725 105 29 new
1425 716 194 47 matter]

221 771 278 48 (34-38498)

141 876 147 63 Hall,
319 877 260 53 Thomas
612 876 217 65 Victor,
862 876 170 53 1879-

208 951 156 53 First
389 957 152 62 steps
568 953 58 50 in
651 953 268 67 pictorial
944 951 392 68 composition,
1360 952 76 68 by
1462 951 64 52 T.
1555 951 203 53 Victor
1783 949 173 68 Hall;
139 949 1974 132 foreword

327 1029 75 69 by
436 1028 306 70 Chauncey
774 1032 65 50 F.
872 1031 211 68 Ryder.
1152 1029 138 53 New
1322 1028 181 69 York,
1534 1028 236 53 Pitman
1803 1027 337 69 publishing
136 1108 363 66 corporation
540 1111 171 63 [1934]

206 1180 63 49 xi,
299 1179 143 41 13-88
469 1190 42 38 p.
571 1180 127 41 illus.
753 1181 56 38 22½
843 1184 43 20 cm
892 1215 7 7 .

143 1251 50 51 ©
222 1254 115 39 Nov.
371 1256 36 40 7.
438 1254 139 40 1934:
610 1254 65 42 2c.
707 1256 93 37 and
834 1255 80 39 aff.
946 1256 114 38 Nov.
1094 1252 51 48 9;
1177 1255 40 37 A
1248 1252 141 42 78019;
1449 1253 199 40 Pitman
1676 1255 109 47 pub.
1816 1264 127 37 corp.

221 1311 277 48 (34-38352)

144 1412 211 64 Handy
391 1410 147 55 office
576 1414 144 52 book
755 1414 62 52 of
853 1419 226 62 system,
1116 1414 150 51 form
1305 1413 112 52 and
1451 1413 261 67 method;
1752 1431 32 35 a

1819 1412 169 68 quick
206 1411 1906 131 reference
436 1489 146 53 book
617 1489 65 54 of
716 1509 244 34 answers
998 1497 57 46 to
1093 1491 284 68 everyday
1413 1487 289 71 questions
1740 1507 73 35 on
1849 1487 290 54 finance—

207 1568 340 67 accounting
567 1600 70 5 —
656 1568 207 68 selling
881 1601 70 5 —
971 1568 108 52 law
1100 1600 71 6 —
1190 1567 948 69 organization—management—

204 1646 741 69 production—customary
966 1646 575 68 practice—business
1563 1644 386 55 calculations.
2000 1645 137 54 New

208 1724 179 67 York,
415 1724 120 52 The
562 1724 226 53 Ronald
818 1743 154 49 press
998 1741 280 51 company
1312 1756 14 34 [
1330 1728 18 23 c
1354 1726 152 65 1934]

205 1807 45 30 x.
277 1798 84 38 277
387 1808 41 36 p.
458 1798 109 41 incl.
595 1798 167 41 tables,
790 1799 192 46 diagrs.,
1012 1798 165 39 forms.
1239 1797 48 39 21
1298 1799 43 21 cm
1346 1830 6 6 .

208 1853 112 41 “100
344 1854 207 41 selected
578 1854 149 41 books
751 1866 60 28 on
837 1855 222 39 business
1081 1853 272 48 subjects”:
1379 1864 45 38 p.
1450 1853 217 41 275-277.

142 1923 51 51 ©
224 1927 100 40 Oct.
354 1926 68 40 29.
453 1927 140 40 1934:
626 1928 64 39 2c.
722 1929 115 37 Nov.
869 1928 51 41 3:
955 1928 80 38 aff.
1067 1928 116 40 Nov.
1215 1927 51 46 2;
1299 1928 42 38 A
1370 1927 169 44 77065;
1574 1928 189 39 Ronald
1795 1937 135 38 press
1958 1938 68 29 co.

218 1984 280 48 (34-38499)

140 2089 225 63 Hogan,
396 2088 155 53 John
583 2088 263 56 Francis.

206 2164 119 51 The
366 2182 123 33 new
531 2165 127 51 deal
699 2164 138 53 calls
878 2164 93 53 for
1013 2183 30 33 a
1083 2182 122 34 new
1246 2164 140 53 deck
1426 2164 64 52 of
1532 2164 192 66 cards;
1767 2162 172 54 based
1982 2180 155 50 upon

136 2241 242 69 changes
404 2242 58 51 in
486 2242 310 52 industrial
820 2242 271 53 relations
1118 2243 105 51 due
1249 2248 58 48 to
1333 2243 214 52 section
1573 2242 72 53 7a
1671 2241 64 54 of
1759 2242 100 52 the
1880 2241 71 53 N.
1973 2241 68 52 R.
2064 2240 72 53 A.

197 2319 1878 70 … a solution of the vital problem, by John F. Hogan …
133 2397 247 59 Detroit,
407 2398 194 66 Mich.,
632 2401 150 49 1934.

205 2471 54 39 31
287 2481 43 37 p.
393 2470 54 40 19
452 2472 42 22 cm
501 2503 7 7 .

141 2540 54 51 ©
223 2545 117 46 Aug.
374 2544 68 41 28,
475 2544 140 40 1934:
650 2545 64 38 2c.
750 2546 92 37 and
879 2544 81 40 aff.
994 2546 118 46 Aug.
1147 2545 80 41 29:
1263 2547 40 37 A
1336 2545 169 47 75104;
1543 2547 39 38 J.
1620 2546 50 39 F.
1706 2546 186 46 Hogan,
1928 2544 206 41 Detroit.

217 2601 279 46 (34-38359)

137 2703 294 66 Hussiein,
464 2705 218 62 Joseph
714 2706 238 62 Casper,
986 2705 170 54 1873-

140 2781 1991 145 The spirit world about us [by] Joseph Hussiein … New York, Milwaukee [etc.]
893 2860 120 52 The
1045 2861 181 51 Bruce
1258 2860 335 68 publishing
1621 2877 280 49 company
1939 2892 10 33 [
1956 2865 17 21 c
1980 2863 150 62 1934]

202 2934 63 49 xi,
300 2935 69 48 [1],
399 2934 84 39 148
511 2945 41 36 p.
610 2934 162 47 front.,
804 2935 169 46 plates.
1032 2934 55 39 20½
1120 2937 43 20 cm
1168 2966 7 8 .
1244 2935 298 49 (Half-title:
1574 2934 219 44 Religion
1822 2935 91 38 and
1948 2933 187 41 culture

133 2990 1010 48 series, J. Hussiein … general editor)
140 3044 50 51 ©
221 3048 88 39 Oct
353 3049 38 39 2,
423 3047 113 40 1934:
595 3048 66 39 2c.
693 3047 100 40 Oct.
823 3047 54 37 29:
940 3047 79 39 aff.
1053 3047 100 40 Oct.
1186 3048 53 38 15:
1301 3049 41 37 A
1372 3046 142 41 75997:
1575 3048 179 46 Joseph
1787 3047 246 44 Hussiein,
2068 3047 63 39 St.

206 3105 159 38 Louis.
438 3104 279 48 (34-38549)

137 3208 332 65 Kahmann,
502 3209 269 63 Chesley.

201 3286 260 67 Carmen,
489 3286 167 53 silent
687 3291 250 61 partner,
965 3286 74 66 by
1070 3286 237 68 Chesley
1335 3288 338 59 Kahmann;
1706 3284 323 54 illustrated
2058 3286 74 65 by
129 3363 346 69 Armstrong

505 3365 230 66 Sperry.
812 3365 138 51 New
976 3365 178 56 York,
1177 3366 190 66 Dodd,
1391 3366 171 50 Mead
1586 3368 46 48 &
1657 3382 296 48 company,
1981 3367 148 50 1934.

204 3436 1031 48 3 p. l., 249 p. incl. front., illus. 19½ cm .
137 3490 50 51 ©
215 3496 116 40 Nov.
359 3496 67 44 15,
451 3494 139 40 1934:
620 3494 64 39 2c.
712 3496 94 37 and
833 3494 79 40 aff.
941 3496 116 39 Nov.
1087 3496 80 38 20:
1197 3496 39 37 A
1264 3494 168 40 77288:
1463 3495 48 39 C.
1538 3495 275 39 Kahmann,
1842 3494 106 38 New
1985 3493 142 39 York.

215 3551 279 48 (34-38324)

134 3654 226 66 Kenny,
395 3653 270 64 Michael,
703 3657 172 49 1863-

203 3731 120 53 The
351 3749 260 36 romance
640 3732 63 52 of
731 3732 94 52 the
855 3731 294 66 Floridas;
1182 3733 94 52 the
1306 3731 222 68 finding
1557 3732 113 51 and
1698 3732 95 51 the
1824 3729 305 69 founding,

133 3808 1934 69 by Michael Kenny … foreword by Dr. James A. Robertson …
131 3885 138 53 New
309 3887 179 67 York,
526 3886 342 53 Milwaukee
912 3893 137 61 [etc.]
1094 3888 118 52 The
1251 3890 184 50 Bruce
1474 3887 337 68 publishing
1849 3904 276 50 company

136 3997 12 33 [
154 3970 16 20 c
177 3966 149 65 1934]
