2350 4196
1130 4048 101 55 717

170 420 294 63 Loukusa,
495 421 223 62 Henry.

241 496 271 68 Drifting
533 497 169 52 sands;
761 515 31 34 a
814 497 147 52 book
983 496 63 53 of
1070 514 208 49 poems,
1302 495 74 67 by
1401 494 202 66 Henry
1628 492 284 53 Loukusa.
171 492 1973 149 Philadelphia,

451 575 121 66 Pa.,
604 574 213 68 Poetry
847 574 338 68 publishers,
1218 576 150 49 1934.

240 646 57 40 39
327 659 42 36 p.
429 647 116 40 22cm.

176 702 51 51 ©
260 707 128 38 June
417 706 39 46 1,
488 705 141 46 1934;
664 705 64 38 2c.
764 706 125 38 June
963 716 8 36 6;
1008 704 79 39 aff.
1122 705 125 38 June
1280 704 52 46 8;
1368 704 40 38 A
1441 703 170 47 72695;
1648 704 59 38 H.
1743 702 242 47 Loukusa,
2019 702 153 47 Royal

244 761 117 43 Oak,
393 762 142 39 Mich.
610 762 280 47 (34-15823)

170 865 156 64 Low,
353 865 317 63 Benjamin
701 865 262 53 Robbins
992 864 221 66 Curtis,
1244 868 169 50 1880-

240 945 202 51 Poems
477 942 59 51 in
571 943 336 67 shorthand,
939 943 74 66 by
1048 939 306 70 Benjamin
1390 942 67 51 R.
1495 941 62 55 C.
1592 942 153 51 Low.
1821 942 138 51 New
2001 941 175 63 York,

172 1020 298 55 Columbia
503 1020 317 69 university
848 1039 174 49 press,
1056 1023 148 49 1934.

242 1095 28 39 2
299 1106 43 37 p.
409 1127 8 16 l.,
450 1095 56 40 73
537 1106 41 36 p.
639 1095 56 38 22
699 1098 43 20 cm
748 1128 8 8 .

177 1149 51 51 ©
254 1154 113 46 May
389 1153 70 46 26,
483 1153 114 39 1934;
650 1153 66 40 2c.
742 1154 125 38 June
891 1154 26 37 4;
972 1151 80 41 aff.
1080 1153 111 46 May
1216 1150 83 47 29;
1327 1152 39 38 A
1392 1152 170 46 72585;
1589 1151 253 41 Columbia
1868 1150 130 40 univ.
2024 1158 151 40 press.

254 1209 280 47 (34-15824)

175 1298 313 65 Macbride,
518 1300 260 53 Thomas
810 1301 252 61 Huston,
1097 1302 323 49 1848-1934.

244 1378 120 52 The
403 1378 423 67 Myxomycetes;
898 1396 30 33 a
967 1377 342 68 descriptive
1348 1377 98 52 list
1484 1377 63 52 of
1583 1377 97 51 the
1716 1376 209 52 known
1963 1374 211 68 species

181 1457 135 51 with
356 1456 210 68 special
607 1456 287 52 reference
931 1462 58 46 to
1027 1456 158 51 those
1225 1456 300 67 occurring
1566 1455 59 52 in
1665 1455 189 52 North
1893 1454 285 66 America,

178 1535 72 67 by
273 1534 247 52 Thomas
545 1534 77 52 H.
648 1534 294 53 Macbride
969 1534 111 52 and
1108 1534 67 54 G.
1198 1528 74 59 W.
1314 1534 221 51 Martin
1566 1577 54 8 ...
1684 1534 139 52 New
1852 1533 181 65 York,
2057 1533 120 52 The

174 1613 334 51 Macmillan
540 1630 297 50 company,
867 1616 150 49 1934.

248 1684 899 51 viii p., 2 l., 339 p. xxi pl. 24 cm .
249 1742 302 49 Descriptive
580 1746 104 37 text
712 1755 58 28 on
798 1755 137 29 verso
964 1743 50 41 of
1040 1744 118 39 each
1184 1744 259 48 preceding
1466 1744 147 48 plate.

252 1800 156 41 Based
438 1812 60 29 on
527 1801 82 40 Dr.
641 1800 286 41 Macbride's
959 1801 126 41 “The
1113 1801 153 40 North
1296 1801 256 41 American
1582 1802 392 48 slime-moulds”,
2005 1805 172 39 second

176 1859 197 46 edition,
404 1857 127 41 1922.
591 1858 61 47 cf.
685 1858 184 41 Introd.

251 1916 348 49 Bibliography:
660 1927 42 37 p.
734 1914 217 41 313-322.

181 1971 51 51 ©
259 1975 125 39 June
411 1975 37 42 5,
476 1973 114 40 1934;
645 1974 65 39 2c.
740 1975 95 38 and
862 1973 81 40 aff.
971 1974 127 38 June
1122 1973 52 45 6;
1203 1974 42 37 A
1268 1973 143 40 72627;
1470 1974 282 40 Macmillan
1780 1986 67 31 сo.
259 2031 279 49 (34-15676)

180 2121 231 67 Newell,
443 2123 254 52 Edward
728 2121 320 66 Theodore,
1082 2125 168 49 1886-

254 2245 54 8 ...
343 2201 248 52 Ancient
618 2201 242 52 oriental
890 2200 142 52 seals
1060 2200 60 51 in
1146 2200 96 52 the
1271 2199 295 54 collection
1595 2201 64 52 of
1687 2201 111 52 Mr.
1828 2202 256 52 Edward
2112 2203 65 51 T.

179 2279 232 67 Newell,
443 2279 76 67 by
551 2279 163 52 Hans
749 2278 276 69 Henning
1061 2297 109 33 von
1205 2279 98 52 der
1340 2278 193 54 Osten.
1606 2279 272 70 Chicago,
1910 2282 115 66 Ill.,
2059 2281 120 53 The

183 2356 331 69 University
546 2357 62 52 of
640 2356 252 69 Chicago
924 2374 155 51 press
1138 2360 151 63 [1934]

180 2429 1985 107 xiii, 204 p., 1 1. illus., XLI pl., diagr. 30½cn. (The University of Chicago Oriental institute publications, vol. XXII)
252 2546 246 41 “Selected
529 2545 365 48 bibliography”:
956 2556 43 37 p.
1031 2544 215 42 168-190.

183 2601 51 51 ©
257 2606 114 46 Apr.
395 2604 67 46 10,
486 2604 114 40 1934;
652 2604 65 39 2c.
744 2603 125 39 June
893 2604 27 37 4;
974 2602 82 41 aff.
1081 2603 124 40 June
1230 2603 52 47 6;
1309 2604 41 38 A
1371 2604 144 40 72667;
1571 2605 285 50 University
1879 2607 52 41 of
1957 2607 224 50 Chicago,

255 2662 222 47 Chicago.
549 2660 280 48 (34-15806)

179 2752 259 66 Nichols,
466 2752 304 63 Beverley.

250 2830 138 52 This
425 2831 47 51 is
510 2831 95 51 the
643 2830 141 67 path
823 2830 128 51 that
985 2829 92 52 led
1113 2848 88 33 me
1237 2835 57 47 to
1333 2831 94 51 the
1466 2837 247 61 greatest
1748 2835 184 51 lesson
1969 2835 30 50 I
2038 2836 143 51 have

179 2927 127 34 ever
342 2909 231 52 learned
610 2908 172 51 about
817 2907 235 51 modern
1089 2907 120 67 life,
1245 2925 126 49 says
1409 2910 282 67 Beverley
1724 2910 249 54 Nichols.

266 2984 79 48 (In
379 2978 182 43 Nash’s
595 2978 106 42 Pall
735 2977 117 43 mall
885 2977 276 51 magazine,
1195 2979 116 42 25th
1343 2979 235 52 birthday
1608 2981 224 51 number,
1866 2981 132 53 July,
2034 2983 143 50 1934)

186 3037 1996 53 © 1c. July 17, 1934; A ad int. 19164; pubd. June 18; Internatl. magazine
253 3108 80 36 сo.,
360 3097 105 46 inc.,
493 3097 115 38 New
634 3095 146 39 York.

184 3187 191 51 North
405 3188 257 51 western
692 3190 272 62 reporter.
1032 3186 166 54 Cases
1230 3186 213 67 argued
1474 3187 112 52 and
1616 3188 351 54 determined
1999 3191 58 50 in
2086 3191 97 51 the

251 3269 186 48 courts
472 3265 62 51 of
568 3266 177 64 Iowa,
776 3262 314 68 Michigan,
1124 3264 340 67 Minnesota,
1500 3266 311 61 Nebraska,
1845 3269 187 54 North
250 3269 1908 141 Dakota,

448 3343 180 56 South
671 3342 246 66 Dakota,
957 3340 339 69 Wisconsin,
1338 3342 140 52 with
1517 3343 109 67 key
1666 3346 238 52 number
251 3353 1906 123 annotations.
481 3440 50 36 V.
561 3423 116 49 252.

745 3419 554 68 February-March,
1330 3424 149 49 1934.
1548 3422 82 54 St.
1661 3425 165 66 Paul,
1853 3426 160 53 West
251 3427 1907 141 publishing
497 3519 98 48 сo.,
628 3502 148 49 1934.

254 3575 95 46 xiv,
381 3574 112 39 1001
524 3584 42 37 p.
625 3572 58 39 26
684 3574 44 21 cm
734 3604 7 8 .

189 3629 54 51 ©
272 3634 112 37 May
414 3631 69 46 15,
514 3630 140 45 1934;
688 3629 67 39 2c.
788 3630 125 38 June
944 3627 82 46 20;
1061 3627 82 40 aff.
1175 3628 124 39 June
1330 3629 82 47 21;
1448 3630 41 38 A
1519 3629 170 48 72925;
1726 3632 134 39 West
1891 3632 107 47 pub.
2031 3644 67 29 сo.

184 3778 232 64 Oregon
476 3777 186 67 digest
723 3774 322 53 annotated.
1121 3775 169 67 June,
1350 3778 150 64 1934,
1560 3779 299 66 pamphlet
1925 3823 53 8 ...
2043 3781 137 52 with

253 3852 1906 150 table of statutes construed. San Francisco, Bancroft-Whitney company; St. Paul, West publishing сo. [ c1934]
