2350 4196
1073 4007 134 55 1317

136 356 343 68 Kilpatrick,
514 357 254 56 William
802 358 217 59 Heard,
1057 356 170 56 1871-

208 438 265 68 Syllabus
522 439 58 51 in
631 438 347 68 philosophy
1025 435 63 53 of
1137 435 318 65 education,
1502 433 74 67 by
1623 433 261 53 William
1936 430 197 54 Heard

136 510 1997 74 Kilpatrick … Revision of 1934. New York city, Teachers
136 596 226 67 college,
392 594 300 54 Columbia
720 594 337 66 university,
1089 595 149 51 1934.

205 670 47 38 iv
292 679 56 37 p.,
389 668 26 38 2
490 699 8 17 l.,
539 668 114 40 3-72
693 680 41 36 p.
795 668 55 40 23
855 670 42 21 cm
904 700 7 7 .
982 665 291 51 ([Columbia
1318 664 285 47 university]
1674 663 240 40 Teachers
1956 663 178 46 college

135 725 188 48 syllabi,
357 735 74 30 no.
469 724 80 48 10)

207 782 294 39 “Reference
531 781 175 40 books”:
768 793 42 36 p.
841 781 111 46 3-6;
986 781 23 17 “
1040 777 272 49 Readings”
1342 780 53 38 at
1423 778 91 39 end
1545 778 51 39 of
1626 778 117 38 each
1774 777 140 47 topic.

143 836 50 51 ©
227 840 115 46 July
373 839 40 46 3,
446 837 141 49 1934;
621 839 65 39 2c.
720 839 119 46 Aug.
873 839 81 38 24:
1024 837 49 42 aff.
1111 837 126 47 Sept.
1270 838 52 39 4:
1360 836 40 38 A
1434 835 169 47 75148;
1640 835 71 40 W.
1747 835 58 39 H.
1842 833 292 48 Kilpatrick,

209 897 115 38 New
352 896 144 39 York.
568 895 279 48 (34-33116)

135 984 573 65 Kühneli-Leddihn,
740 984 163 66 Erik,
933 985 169 52 ritter
1130 1000 130 39 von.

135 1057 2001 149 … Jesuiten, spiesser, bolschewiken; roman. Salzburg, A. Pustet [1933]
206 1213 86 40 436
321 1224 42 38 p.
425 1212 57 41 19½
512 1215 44 20 cm
561 1245 8 7 .

208 1272 63 38 At
296 1271 123 39 head
446 1270 51 39 of
523 1270 106 39 title:
685 1270 120 38 Erik
831 1271 62 38 M.
920 1281 34 28 r.
983 1281 41 28 v.
1051 1267 472 42 Kühnelt-Leddihn.

208 1327 313 47 Advertising
547 1329 206 37 matter:
785 1338 42 36 p.
854 1325 217 40 434-436.

145 1381 1994 50 © Nov. 6, 1933: 1c. Mar. 30. 1934: A-Foreign 24225; Verlag Anton
212 1443 183 39 Pustet.
467 1441 279 48 (34-33803)

137 1534 82 49 La
249 1533 252 64 Rocque,
533 1533 238 64 Joseph,
887 1575 28 24 bp.,
949 1533 324 52 1808-1887.

211 1612 122 51 The
360 1611 398 53 ecclesiastical
788 1612 112 52 and
932 1611 292 67 liturgical
1254 1628 154 49 year,
1436 1610 74 67 by
1541 1610 95 53 the
1665 1611 114 51 late
1811 1610 156 52 Most
142 1610 1975 132 Reverend

345 1689 1798 69 Joseph La Rocque … translated from the French by a
145 1768 181 54 Sister
363 1769 202 52 adorer
602 1768 65 53 of
704 1769 95 52 the
838 1773 148 48 most
1027 1768 255 68 precious
1321 1768 186 52 blood.
1604 1767 314 68 Brooklyn,
1958 1768 68 52 N.
2070 1768 69 51 Y.

145 1881 11 33 [
162 1855 17 21 c
184 1850 151 64 1934]

211 1918 63 49 ix,
303 1919 86 39 405
419 1929 42 37 p.
523 1919 54 40 18½
612 1921 42 21 cm
661 1951 7 8 .

150 1974 1995 52 © Aug. 25, 1934; 2c. Sept. 10; aff. Sept. 8; A 75238; Sisters adorers of
216 2037 80 38 the
327 2037 124 38 most
484 2036 219 47 precious
737 2036 151 40 blood.
923 2036 259 46 Brooklyn.
1254 2035 280 47 (34-33078)

140 2121 427 69 Lichtenstein,
598 2126 248 63 Arthur,
882 2128 170 51 1906-

275 2203 1868 70 … Can attitudes be taught? By Arthur Lichtenstein, PH. D.
148 2283 330 66 Baltimore,
507 2282 120 53 The
654 2283 184 53 Johns
867 2283 272 68 Hopkins
1165 2302 174 49 press,
1370 2287 150 50 1934.

216 2357 64 47 ix,
308 2355 55 41 89
387 2366 42 37 p.
489 2356 57 38 24½
578 2358 14 21 cm
627 2387 8 8 .
708 2357 123 46 (The
859 2357 154 39 Johns
1039 2357 220 48 Hopkins
1287 2357 271 47 university
1587 2357 186 40 studies
1800 2358 48 38 in
1876 2359 270 41 education,

145 2424 73 29 no.
247 2412 82 49 21)

216 2471 172 39 Issued
416 2470 103 40 also
546 2480 54 29 as
628 2470 152 40 thesis
818 2470 108 48 (ph.
952 2471 65 47 d.)
1054 2471 153 40 Johns
1234 2470 223 50 Hopkins
1485 2471 284 48 university.

215 2527 348 47 Bibliography:
629 2538 42 37 p.
709 2525 156 42 79-82.

153 2581 1994 52 © Aug. 20. 1934: 2c. and aff. Aug. 23; A 74618; Johns Hopkins press.
230 2642 279 48 (34-33115)

146 2715 243 66 Lignell,
421 2717 155 55 Lois.

219 2794 182 53 Three
425 2793 284 68 Japanese
731 2794 142 53 mice
898 2795 113 52 and
1038 2795 147 53 their
1211 2796 291 67 whiskers,
1526 2797 73 67 by
1624 2798 134 52 Lois
1783 2798 226 67 Lignell
2038 2799 109 50 and
149 2873 138 51 Betz
322 2869 367 54 Princehorn.
767 2872 138 52 New

942 2872 1203 70 York, Farrar & Rinehart, inc. [ c 1934]
223 2945 681 49 [32] ‘p. illus. 21 × 28½ cm .
157 2998 50 51 ©
241 3003 99 39 Oct.
376 3002 37 47 8,
447 3002 139 47 1934;
622 3003 66 39 2c.
723 3002 101 40 Oct.
859 3002 80 46 10;
974 2984 82 57 Iff.
1093 3003 99 40 Oct.
1229 3004 24 39 9:
1317 3005 39 38 A
1391 3005 169 46 76432;
1598 3006 47 38 L.
1682 3006 186 46 Lignell
1902 3007 91 38 and
2032 3006 118 39 Betz

225 3060 308 44 Princehorn,
563 3060 113 38 New
703 3060 143 38 York.
918 3059 277 50 (34-33329)

157 3133 491 54 Massachusetts.
726 3136 179 51 Laws.
940 3142 254 61 statutes,
1230 3144 97 46 etc.

223 3210 331 53 Annotated
590 3211 133 53 laws
757 3213 63 50 of
852 3215 456 52 Massachusetts.
1382 3218 134 49 1934
1549 3217 343 51 cumulative
157 3217 1969 131 supplement,
362 3290 332 67 containing

730 3291 75 52 all
838 3292 93 51 the
967 3297 227 61 general
1230 3296 137 49 laws
1403 3295 62 50 of
1503 3298 131 49 1933
1674 3296 109 50 and
1825 3298 146 53 1934,
159 3314 1969 119 completely
418 3369 306 50 annotated
774 3369 73 66 by
895 3369 93 52 the

1038 3371 265 53 editorial
1352 3370 161 56 staffs
1562 3373 63 51 of
1673 3374 93 51 the
1817 3373 333 66 publishers.

158 3445 1970 134 V. 1-10 … Charlottesville, Va., The Michie company; Rochester,
309 3524 68 51 N.
430 3525 88 51 Y..
571 3524 117 52 The
743 3525 264 54 Lawyers
1059 3529 379 64 co-operative
1490 3531 335 66 publishing
1875 3549 278 49 company

165 3601 189 65 [c1934]

230 3672 56 39 10
309 3684 42 28 v.
412 3673 54 40 23
470 3676 44 20 cm
520 3706 7 7 .

232 3729 152 40 These
416 3731 272 46 pamphlets
721 3741 82 29 are
836 3734 46 37 to
916 3733 53 38 be
1002 3733 138 40 tilted
1172 3735 99 39 into
1305 3737 80 38 the
1418 3737 195 47 pockets
1647 3739 52 37 at
1730 3739 79 37 the
1842 3738 121 39 back
1994 3739 50 38 of
2076 3740 80 39 the

164 3785 215 40 volumes'
402 3788 51 38 of
481 3788 81 38 the
590 3789 72 37 set
692 3790 47 38 to
769 3789 156 39 which
956 3791 112 46 they
1099 3791 180 48 belong.

169 3836 53 50 ©
256 3842 100 41 Oct.
393 3844 67 45 15,
501 3842 139 47 1934;
678 3844 26 38 2
709 3855 35 29 c.
782 3846 118 38 each
937 3848 94 37 and
1070 3848 78 38 aff.
1188 3848 101 42 Oct.
1328 3851 81 38 37:
1450 3851 39 38 A
1527 3851 170 46 76555;
1740 3850 175 41 Michie
1954 3862 64 29 co.
2060 3853 95 39 and

235 3898 225 47 Lawyers
496 3902 320 45 co-operative
851 3903 106 46 pub.
995 3914 64 29 co.
