2350 4196
1150 4000 130 49 1712

294 442 110 45 Map
441 450 58 28 on
536 442 358 44 lining-paper.

221 511 1979 51 © Nov. 5. 1934: 1c. Dec. 10: aff. Dec. 1: A 77568: C. Weils. Westport.
290 572 143 38 Conn.
507 570 277 46 (34—12410)

244 675 276 60 [Wescott,
555 673 186 63 Ralph
775 673 233 63 Wesley]
1064 679 169 48 1883-

290 751 87 50 An
415 737 295 70 historical
747 756 237 47 account
1017 750 63 52 of
1113 750 92 52 the
1244 754 241 47 customs
1522 747 226 53 service,
1786 748 93 50 the
1919 747 289 64 buildings

219 826 108 51 and
363 844 148 33 some
544 825 62 52 of
637 828 93 50 the
764 827 287 66 principal
1084 843 230 49 persons
1349 824 301 52 connected
1685 823 299 51 therewith
2020 829 61 45 at
2111 821 93 51 the

223 913 123 57 port
376 905 63 51 of
468 905 424 66 Philadelphia,
923 905 278 66 prepared
1232 904 58 52 in
1322 904 94 51 the
1447 902 150 53 office
1625 901 63 52 of
1719 902 94 51 the
1846 901 364 65 comptroller

218 983 62 50 of
305 989 258 58 customs,
588 1001 69 33 on
683 983 93 51 the
802 983 256 52 occasion
1080 981 63 53 of
1169 982 91 51 the
1288 980 322 53 dedication
1637 979 64 52 of
1726 980 94 52 the
1845 998 121 32 new
1995 987 210 43 custom

217 1060 167 51 house
446 1067 55 44 at
557 1060 425 66 Philadelphia,
1038 1058 440 66 Pennsylvania,
1538 1057 316 52 November
1917 1060 79 61 10,
2060 1060 145 47 1934.

242 1137 268 65 [Camden,
550 1137 66 51 N.
657 1137 73 64 J.,
769 1137 155 51 Priv.
966 1139 193 63 print.,
1198 1135 229 66 printed
1467 1135 72 65 by
1579 1135 93 50 the
1713 1135 250 51 Haddon
219 1134 1964 144 craftsmen,
390 1214 90 50 inc.,
544 1220 16 19 c
567 1216 149 62 1934]

288 1297 52 39 31
370 1309 40 35 p.
472 1298 125 39 ilius.
659 1297 53 38 22½
748 1300 41 19 cm
796 1331 5 5 .

293 1366 69 40 On
393 1379 137 28 cover:
589 1368 98 37 The
718 1369 209 39 customs
959 1368 179 39 service
1168 1367 46 38 in
1246 1365 352 47 Philadelphia,
1631 1365 260 40 1789-1934
1926 1365 88 49 [byj
2052 1365 153 46 Ralph

222 1423 184 46 Wesley
436 1424 224 40 Wescott.

289 1478 1913 49 “This pamphlet … is unofficial and is printed for private distribution
218 1536 489 45 only.’’—Foreword.

223 1604 1966 102 © Nov. 10. 1934: 2c. and aff. Dec. 13: A 78311: R. W. Wescott, Haddonfield,
489 1697 6 6 N.
528 1667 40 38 J.
641 1666 245 40 (34-12371
907 1666 12 44 )
1969 1662 148 41 11014

218 1768 181 62 West,
430 1767 270 54 Wallace.

292 1844 349 52 Paramount
696 1847 263 49 newsreel
1014 1863 121 33 men
1195 1844 137 52 with
1388 1843 265 52 Admiral
1707 1844 159 64 Byrd
1923 1844 57 50 in
2034 1844 173 50 Little

222 1920 259 52 America:
551 1922 91 51 the
677 1926 158 60 story
869 1921 62 52 of
964 1922 175 51 Little
1175 1920 259 53 America
1471 1922 140 51 with
1646 1922 246 64 pictures
1928 1921 72 63 by
221 1921 1962 129 Paramount
448 2017 240 32 newsreel

744 2017 346 33 cameramen
1125 1999 109 51 and
1266 1998 94 51 the
1391 2005 156 57 story
1581 1998 61 52 of
1672 1998 148 51 their
1854 1998 351 51 adventures.

221 2075 1961 142 By Wallace West. Racine, Wis., Whitman publishing company [ c 1934]
291 2238 1335 49 1 p. l., 7-90. [1] p. illus. (inch ports.) 17 × 16 cm .
223 2304 52 51 ©
307 2310 111 44 May
447 2311 66 37 23.
546 2309 138 39 1934:
718 2309 64 38 2c.
815 2310 106 39 Dec.
953 2310 50 37 7:
1037 2309 78 38 aff.
1192 2318 70 29 Nov.
1293 2309 80 38 30:
1410 2310 36 37 A
1480 2309 167 38 77521:
1681 2309 291 38 Paramount
293 2308 1897 95 productions.

464 2366 75 39 inc.,
602 2367 296 44 Hollywood.
934 2365 139 39 Calif.
1147 2365 276 47 (34-41969)

221 2468 214 63 White,
469 2469 226 54 Travis.

293 2545 131 53 Odd
456 2545 192 53 tricks,
682 2546 73 65 by
791 2547 203 50 Travis
1029 2545 207 53 White.
1306 2547 138 50 New
1488 2546 152 52 York
1674 2545 131 65 city,
1840 2545 117 51 The
1993 2545 212 64 Bridge

221 2622 571 66 world, inc. [ c 1934 ]
291 2694 669 49 5 p. L. 104. [1] p. 22½ cm .
295 2750 199 40 “Edited
523 2752 59 45 by
611 2751 165 39 Albert
805 2751 58 39 H.
892 2750 260 41 Morehead
1177 2751 34 39 &
1240 2750 201 41 Clifford
1470 2753 50 36 A.
1552 2751 230 41 Bender.'’

294 2807 158 39 “First
485 2807 227 47 printing.
793 2807 232 40 November.
1059 2807 113 39 1934.

226 2873 51 50 ©
313 2879 106 37 Dec.
454 2879 66 36 10.
552 2877 137 38 1934:
725 2880 63 34 2c.
825 2878 91 37 and
951 2876 78 39 aff.
1065 2877 105 37 Dec.
1206 2878 78 37 12:
1323 2878 38 36 A
1394 2877 166 39 77623:
1600 2877 175 45 Bridge
1809 2875 162 40 world,
2009 2876 84 38 inc.

303 2934 276 40 (34-41370)

220 3032 289 67 Wilhelm,
542 3035 221 52 Donald
802 3037 242 62 George,
1082 3039 167 50 1887—

298 3114 155 50 Your
482 3114 160 51 home
673 3114 110 52 and
813 3113 97 51 the
935 3119 385 59 government,
1350 3113 73 65 by
1454 3114 228 51 Donald
1715 3112 283 52 Wilhelm.
2078 3113 81 49 New

229 3189 172 64 York,
430 3191 212 50 Farrar
672 3192 43 49 &
745 3190 297 64 Rinehart,
1073 3191 395 63 incorporated
1505 3224 11 32 [
1523 3199 16 19 c
1546 3194 133 48 1934]

296 3259 1913 47 3 p. l., 42 p. 18½ cm . (On cover: The Farrar & Rinehart pamphlets,
227 3325 71 29 no.
329 3317 48 40 5)

229 3381 1974 108 © Nov. 30. 1934: 2c Dec. 4; aff. Dec. 1: A 78438: Donald Wilhelm. West-port. Conn. (34-41784)
225 3544 276 65 Winckel,
531 3547 156 53 Max.

223 3621 1982 131 Die deutschc volksnahrung und -ernährung. von dr. Max Winckel … Berlin.
893 3700 364 64 Rothgiesser
1289 3703 45 48 &
1362 3701 240 65 Diesing
1636 3720 70 46 ag
1742 3734 12 32 [
1760 3708 16 19 c
1782 3703 151 61 1934]

293 3769 55 36 89
386 3781 40 36 p.
489 3769 54 39 23
547 3773 41 19 cm
596 3803 6 6 .

229 3834 50 51 ©
312 3839 106 38 Feb.
451 3838 65 40 10,
550 3839 137 38 1934:
722 3841 62 38 1c.
819 3841 112 46 May
961 3841 49 36 1:
1046 3840 306 48 A-Foreign
1383 3842 168 39 24541:
1586 3841 311 47 Rothgiesser
1930 3841 36 38 &
1996 3839 212 46 Diesing,

295 3905 101 36 a.-g.
471 3895 188 44 (35-22)
