2350 4196
1066 4036 131 50 1575

228 474 906 51 4 p. l., 3-213, [1 ] p. illus. 21 ½ cm .
227 532 62 38 At
318 532 121 38 head
468 532 51 39 of
546 533 134 39 title:
712 532 239 40 Roderick
979 533 49 39 L.
1057 532 340 47 Haig-Brown.

162 583 50 51 ©
240 588 115 38 Nov.
388 586 38 48 9,
458 587 140 49 1934;
632 589 64 40 2c.
730 591 117 38 Nov.
878 591 54 38 17
951 600 8 36 ;
1068 622 7 6 aff.
1106 589 115 39 Nov.
1254 588 82 47 16;
1368 590 43 37 A
1438 589 169 47 78158;
1643 591 55 40 R.
1731 591 49 40 L.
1814 591 341 46 Haig-Brown.

228 644 243 48 Campbell
507 645 160 48 River,
701 646 186 40 British
921 646 262 40 Columbia.
1257 645 280 49 (34-39395)

155 720 153 63 Hall,
339 721 152 54 Ford
522 722 270 57 Poulton.

227 796 1931 70 Government and business, by Ford P. Hall … 1st ed.
157 876 135 51 New
341 875 161 53 York
550 877 112 53 and
709 878 259 66 London,
1016 876 428 55 McGraw-Hill
1495 876 146 53 book
1687 896 299 49 company,
2033 877 125 67 inc.,

156 955 148 51 1934.

223 1035 45 38 x,
295 1026 86 40 275
409 1037 41 37 p.
512 1027 55 40 23½
600 1030 44 21 cm
649 1061 8 7 .

226 1081 348 43 “References”
603 1087 51 38 at
680 1087 90 38 end
801 1086 50 40 of
878 1090 125 35 most
1030 1086 52 38 of
1108 1088 79 37 the
1215 1086 239 48 chapters.

159 1137 50 51 ©
243 1142 100 40 Oct.
375 1140 69 44 26,
477 1141 140 42 1934:
652 1145 66 38 2c.
752 1143 102 41 Oct.
887 1143 81 42 29;
1005 1143 81 40 aff.
1118 1143 100 41 Oct.
1251 1143 82 41 30:
1369 1145 41 37 A
1441 1143 136 40 77021
1604 1155 7 29 :
1649 1144 353 40 McGraw-Hill
2035 1146 121 38 book

224 1209 81 36 co.,
336 1199 88 39 inc.
498 1198 279 49 (34-39224)

152 1273 221 66 Hooke,
403 1276 138 53 Mrs.
575 1275 278 54 Florence
884 1276 274 64 (Harris)
1198 1279 325 51 1891-1933.

221 1353 104 52 We
368 1353 127 52 who
539 1354 143 53 have
726 1371 127 36 seen
896 1355 113 52 and
1052 1354 161 54 other
1256 1372 207 48 poems,
1507 1355 73 66 by
1625 1356 270 52 Florence
1940 1356 210 52 Harris

156 1429 212 68 Hooke,
400 1434 324 51 1891-1933.
799 1432 327 67 Montclair,
1153 1433 67 52 N.
1250 1434 75 64 J.,
1354 1436 151 50 1934.

222 1503 1171 49 6 p. l. , [11]-66 p., 1 l. front, (port.) 20 cm .
225 1560 113 40 “100
373 1562 160 46 copies
569 1562 51 38 of
658 1561 98 40 this
792 1562 121 39 book
949 1562 124 39 have
1107 1562 115 40 been
1261 1562 241 47 privately
1540 1561 235 48 printed.”

222 1616 224 41 Includes
480 1620 95 37 two
606 1628 138 37 prose
774 1619 235 40 sketches.

157 1670 50 52 ©
241 1675 100 41 Oct.
373 1674 68 43 29.
473 1674 140 42 1934:
647 1676 65 39 2c.
746 1677 117 39 Nov.
897 1677 80 47 16;
1012 1676 81 40 aff.
1124 1677 114 39 Nov.
1274 1677 81 40 15;
1390 1677 41 38 A
1463 1676 170 42 78100;
1669 1677 186 39 Robert.
1885 1677 50 40 G.
1971 1677 180 47 Hooke,

226 1733 162 47 Upper
413 1733 274 43 Montclair,
716 1734 55 39 N.
801 1735 40 37 J.
915 1732 277 49 (34-39347)

152 1807 221 65 Hyder,
404 1807 173 57 Alan.

223 1882 340 71 Black-girl,
603 1887 355 65 white-lady,
997 1905 29 33 a
1070 1887 182 65 novel,
1293 1886 73 66 by
1406 1887 155 51 Alan
1601 1886 220 66 Hyder.
1898 1886 257 65 London,

148 1963 70 52 A.
253 1962 238 68 Barker,
524 1964 103 53 ltd.
688 1967 152 65 [1934]

223 2039 60 41 vi,
311 2038 85 40 338
423 2048 40 37 p.
553 2037 25 40 19
582 2040 44 21 cm
632 2072 7 7 .

154 2091 1996 52 © 1c. Nov. 14, 1934: A ad int. 19610: pubd. Sept. 17 ; A. Hyder, London.
232 2152 278 47 (34-39361)

151 2225 433 55 International
627 2228 222 56 clinics;
898 2248 27 31 a
968 2229 290 66 quarterly
1303 2229 62 50 of
1407 2227 326 53 illustrated
1778 2228 225 54 clinical
219 2228 1908 129 lectures

220 2305 1901 146 and especially prepared original articles … By leading
374 2385 274 50 members
704 2383 63 54 of
821 2384 99 52 the
971 2384 240 52 medical
1268 2384 323 67 profession
1645 2385 351 66 throughout
2055 2389 93 47 the

221 2462 1930 67 world. Edited by Louis Hamman … with the collaboration
220 2538 1929 69 of Francis Gilman Blake … Vernon C. David … [and
221 2618 206 66 others]
510 2620 242 51 Volume
861 2661 7 8 IV.
948 2618 411 67 Forty-fourth
1401 2620 185 64 series,
1632 2622 148 51 1934.
221 2618 1905 144 Philadelphia,

407 2685 1550 79 Montreal [etc.] J. B. Lippincott company [ c 1934]
220 2770 98 46 viii,
345 2770 84 39 826
458 2781 39 36 p.
556 2771 85 38 col.
667 2770 165 45 front.,
860 2770 125 38 illus.,
1028 2771 170 47 plates,
1227 2771 179 47 diagrs.
1463 2770 53 40 23½
1551 2772 14 21 cm
1601 2804 7 7 .

153 2822 1978 103 © Dec. 3. 1934: 1c. and aff. Dec. 5; 1c. Dec. 15; A 77698; J. B. Lippincott co.
151 2957 224 66 Kallen,
405 2960 229 53 Horace
664 2960 222 63 Meyer,
921 2962 169 49 1882-

216 3036 321 53 Education
577 3054 192 34 versus
804 3034 447 55 indoctrination
1289 3038 58 51 in
1383 3037 95 52 the
1515 3034 217 55 schools
1774 3036 108 65 [by]
1924 3036 226 51 Horace

145 3112 2004 70 M. Kallen … Chicago, Ill., The University of Chicago press
150 3225 11 34 [
167 3200 18 20 c
192 3196 150 63 1934]

221 3263 1926 52 iii, 22, [1] p. 19½ cm . (Public policy pamphlet no, 13. H. D. Gideonse,
146 3324 181 47 editor)

218 3379 293 48 “Suggested
550 3377 224 48 reading”
795 3389 8 27 :
837 3388 40 37 p.
913 3377 82 49 [23]

152 3433 50 51 ©
235 3437 127 47 Sept.
390 3438 68 41 27,
490 3435 139 41 1934:
663 3436 65 38 2c.
762 3434 101 40 Oct.
894 3434 80 39 13:
1008 3433 80 40 aff.
1122 3434 98 40 Oct.
1255 3434 80 46 15;
1371 3435 39 37 A
1441 3433 168 41 76533;
1644 3432 283 49 University
1958 3434 51 39 of
218 3433 1912 106 Chicago.
379 3493 223 46 Chicago.
675 3489 279 51 (34-39393)

151 3554 276 66 Leacock,
456 3553 261 65 Stephen
748 3552 226 64 Butler,
1008 3555 169 50 1869-

218 3632 120 53 The
387 3631 224 68 pursuit
661 3630 63 53 of
769 3629 362 67 knowledge;
1183 3649 30 34 a
1261 3630 313 52 discussion
1621 3628 63 53 of
1731 3629 256 53 freedom
2035 3630 110 52 and

149 3706 1997 70 compulsion in education, by Stephen Leacock … New York,
147 3783 1291 70 Liveright publishing corporation [ c 1934]
218 3860 55 39 48
305 3871 42 36 p.
408 3859 55 39 19
466 3862 43 20 cm
516 3891 7 6 .
594 3858 97 47 (On
722 3866 163 31 cover:
916 3856 100 38 The
1048 3856 172 47 Kappa
1253 3857 129 39 delta
1419 3856 46 48 pl
1500 3857 183 39 lecture
1716 3856 164 39 series,
1946 3868 87 35 [no.
2069 3858 68 43 5])

152 3912 50 51 ©
234 3918 117 44 Aug.
383 3916 68 41 24.
484 3915 139 41 1284;
657 3914 67 40 2c.
758 3913 126 47 Sept.
917 3913 23 39 8
960 3924 7 29 :
1004 3912 80 41 aff.
1121 3913 125 47 Sept.
1279 3913 81 40 28:
1396 3914 39 37 A
1465 3912 169 43 75569;
1673 3913 208 40 Stephen
1917 3914 227 41 Leacock.

217 3975 253 38 Montreal.
544 3969 280 51 (34-39383)
