2350 4196
1182 4018 131 51 1388

277 378 536 66 Calder-Marshall,
844 380 250 56 Arthur.

346 452 1917 72 At sea. a novel, by Arthur Calder-Marshall … New York,
275 528 62 54 C.
372 529 310 55 Scribner’s
714 548 147 51 sons,
895 536 149 50 1934.

343 603 611 48 3 p. l ., 9-283 p. 19½cm.
280 670 1983 51 © Oct. 19. 1934: 2c. Oct. 30: aff. Oct. 22: A 77012: Charles Scribner’s
347 741 124 30 sons.
542 733 278 47 (34-35467)

278 835 265 66 Carfrae,
577 837 323 56 Elizabeth.

349 911 273 71 Sunlight
660 933 72 33 on
769 915 95 52 the
902 915 135 53 hills
1081 916 108 67 [by]
1234 914 299 53 Elizabeth
1575 914 257 56 Carfrae.
1907 916 138 52 New
2088 914 175 68 York,

277 990 67 55 G.
376 994 67 51 P.
473 993 295 52 Putnam’s
798 1012 128 35 sons
963 996 191 65 [c1934]

345 1065 86 41 256
457 1076 42 38 p.
585 1065 113 40 19½cm.

281 1132 1983 51 © Oct. 26. 1934: 2c. and aff. Oct. 27: A 75957; Elizabeth Carfrae
348 1193 231 47 Cradock,
609 1194 191 46 Hadley
828 1194 162 45 Wood,
1024 1193 188 39 Sussex.
1244 1193 232 46 England.
1550 1192 278 47 (34-35306)

278 1300 163 61 Carr,
471 1297 153 54 John
655 1297 276 56 Dickson.

408 1374 1861 70 … The blind barber. New York and London, Harper &
277 1453 276 68 brothers,
588 1456 148 52 1934.

345 1526 517 49 4 p. l., 279 p. 19cm.
347 1585 41 38 A
414 1585 193 47 Harper
634 1585 161 40 sealed
822 1588 214 44 mystery
1061 1587 133 45 story
1232 1585 66 47 (p.
1325 1582 204 42 175-279
1556 1583 188 48 sealed)

351 1641 161 41 “First
542 1640 225 41 edition.”

279 1708 51 51 ©
364 1712 99 41 Oct.
495 1711 68 48 25,
594 1712 139 42 1934:
767 1712 66 40 2c.
866 1713 101 40 Oct.
999 1713 80 40 23:
1116 1712 79 40 aff.
1229 1712 99 40 Oct.
1362 1712 80 41 27:
1478 1713 40 37 A
1550 1710 168 47 75970;
1755 1712 40 39 J.
1829 1712 56 39 D.
1919 1711 135 47 Carr,
347 1711 1917 105 Union-town,
525 1770 81 39 Pa.
679 1769 277 47 (34-35303)

277 1869 430 68 Christiansen,
740 1873 216 63 Sigurd
990 1873 248 65 Wesley,
1275 1876 171 50 1891-

348 1947 170 55 Chaff
552 1948 194 53 before
781 1950 95 52 the
914 1949 171 68 wind,
1122 1949 71 69 by
1234 1948 215 70 Sigurd
1488 1947 422 68 Christiansen;
1950 1945 315 55 translated

277 2025 153 53 from
448 2027 96 51 the
565 2026 343 69 Norwegian
929 2026 74 69 by
1025 2027 161 52 Isaac
1206 2026 318 53 Anderson.
1606 2026 139 52 New
1766 2023 181 67 York,
1966 2023 300 69 Liveright

275 2103 335 70 publishing
646 2105 362 67 corporation
1049 2107 190 64 [c1934]

344 2176 86 40 319
456 2187 43 38 p.
592 2177 115 41 19½cm.

281 2244 1985 52 © Oct. 24, 1934; 2c. Oct. 25; aff. Oct. 30; A 75993; Liveright pub. corp.
358 2305 277 47 (34-35473)

277 2404 336 69 Cicognani,
643 2410 235 52 Amleto
909 2409 304 66 Giovanni,
1244 2412 126 67 abp.,
1422 2413 171 50 1883-

347 2482 197 54 Canon
591 2486 124 51 law.
797 2502 38 36 I.
883 2486 400 53 Introduction
1329 2492 58 48 to
1432 2488 100 52 the
1577 2487 171 68 study
1796 2485 65 53 of
1908 2502 179 36 canon
2137 2485 126 51 law.

327 2562 1937 68 II . History of the sources of canon law. III. A commentary
276 2656 71 34 on
385 2640 146 52 book
570 2645 27 47 1
639 2639 64 53 of
741 2641 94 52 the
876 2642 150 51 code.
1103 2642 88 68 By
1232 2643 96 51 the
1368 2642 154 52 Most
1563 2641 297 53 Reverend
1900 2638 363 69 Archbishop

274 2715 1990 72 Amleto Giovanni Cieognani … Authorized English version
273 2791 1967 152 by the Rev. Joseph M. O’Hara … and the Rev. Francis Brennan … Philadelphia, The Dolphin press, 1934.
344 2944 96 46 xiv,
471 2944 85 42 887
586 2955 44 37 p.
689 2945 144 40 23½cm.

345 2999 224 43 Includes
598 3001 387 48 bibliographies.

279 3055 51 51 ©
356 3060 101 40 Oct.
482 3060 38 47 2,
547 3059 139 42 1934:
712 3060 66 40 2c.
805 3062 94 38 and
925 3060 80 41 aff.
1034 3062 100 39 Oct.
1161 3061 25 40 9:
1241 3062 39 39 A
1308 3061 141 41 75696:
1504 3062 212 48 Dolphin
1743 3071 148 38 press.

356 3117 277 46 (34-35110)

271 3216 198 67 Coffin,
498 3220 221 54 Robert
746 3223 176 52 Peter
949 3220 311 68 Tristram,
1292 3226 170 50 1892-

340 3298 139 53 Lost
503 3297 262 69 paradise;
822 3318 31 34 a
877 3300 263 68 boyhood
1167 3319 71 36 on
1265 3321 31 34 a
1322 3302 198 52 Maine
1542 3305 157 49 coast
1723 3299 156 53 farm
1910 3298 108 67 [by]
2050 3297 216 52 Robert

269 3376 65 51 P.
357 3376 283 54 Tristram
661 3376 193 55 Coffin.
928 3377 139 54 New
1091 3379 178 67 York,
1292 3381 123 52 The
1435 3379 337 53 Macmillan
1793 3394 298 50 company,
2116 3378 150 49 1934.

338 3449 561 49 4 p. l., 284 p. 20½cm.
339 3506 288 41 Illustrated
658 3505 359 50 lining-papers.

337 3561 411 50 Autobiography.

273 3614 50 51 ©
353 3618 101 41 Oct.
481 3620 69 46 16,
579 3619 113 41 1934;
747 3620 64 39 2c.
842 3621 94 38 and
964 3620 79 40 aff.
1076 3621 98 40 Oct.
1204 3623 55 39 17;
1318 3624 42 37 A
1389 3621 142 41 76559;
1590 3619 281 41 Macmillan
1900 3629 66 29 co.

349 3675 278 49 (34-35147)

263 3772 233 68 Collins,
527 3778 177 53 Lorin
737 3780 172 64 Cone,
942 3783 168 51 1848-

333 3850 481 73 Autobiography
849 3855 109 69 [by]
995 3857 178 53 Lorin
1205 3858 158 54 Cone
1394 3855 242 68 Collins,
1664 3854 72 68 jr,
1811 3849 288 70 [Chicago,
262 3846 1980 133 Lincoln
419 3929 261 67 printing
710 3949 97 47 co.,
837 3935 174 66 c1934]
