2350 4196
1089 4003 100 51 447

244 426 126 38 “The
408 426 132 40 third
578 428 189 39 volume
804 429 52 37 of
891 429 80 39 the
1009 428 181 39 Jewish
1229 428 186 48 library
1452 432 267 39 endeavors
1758 434 47 37 to
1844 434 201 46 portray
2082 435 82 39 the

168 482 182 40 Jewish
388 485 335 37 woman—her
763 484 357 40 achievements
1155 485 47 38 in
1243 486 80 39 the
1361 489 122 44 past,
1525 489 84 38 her
1648 488 312 47 significance
1995 490 48 37 in
2083 490 81 39 the

167 543 206 43 present,
402 541 86 38 her
518 541 111 38 task
656 541 48 38 in
735 543 80 38 the
843 541 403 40 future.”—Pref.

169 592 1993 59 © Apr. 25, 1934; 2c. May 3; aff. May 2; A 72285; Jewish library pub. co.
162 685 172 65 King,
370 688 172 62 Mary
569 688 219 63 Trilby.

233 763 402 69 Mothercraft,
667 765 74 68 by
773 765 78 51 M.
886 765 196 67 Truby
1115 764 176 69 King.
1362 763 231 69 Sydney
1633 767 137 61 [etc.]
1808 762 357 54 Whitcombe

162 842 112 52 and
307 843 226 67 Tombs,
566 843 223 54 limited
827 846 171 64 [1934]

233 914 1107 51 6 p. l., 252 p. plates, port., diagr. 19 cm .
234 973 159 41 “First
423 973 255 49 published
710 976 47 38 in
791 975 156 40 1934.”

237 1029 352 43 “Mothercraft
629 1033 148 39 books
818 1032 417 40 recommended”:
1309 1033 53 38 6th
1401 1032 171 47 prelim.
1631 1032 112 40 leaf.

165 1086 50 51 ©
275 1102 34 28 1c.
340 1089 112 48 Apr.
484 1090 37 47 5,
551 1090 141 46 1934;
725 1091 40 38 A
790 1091 63 39 ad
883 1090 84 39 int.
998 1089 141 40 18793;
1200 1089 141 47 pubd.
1373 1089 109 40 Feb.
1514 1089 80 47 15;
1629 1091 61 39 M.
1720 1090 52 40 T.
1804 1090 142 48 King,
234 1091 1911 103 Christchurch,
456 1148 115 38 New
600 1148 223 39 Zealand.
897 1146 248 48 (34-9391)

160 1221 365 66 Kjellstrom,
557 1224 143 51 Erik
731 1224 250 52 Torsten
1008 1221 293 63 Rjalmar,
1335 1225 171 51 1904-

229 1302 287 67 Managed
550 1320 230 48 money;
816 1303 95 53 the
943 1301 326 67 experience
1303 1302 63 52 of
1402 1301 255 67 Sweden,
1687 1301 77 67 by
1798 1302 145 52 Erik
1979 1304 62 51 T.
2076 1304 77 51 H.

162 1375 1993 72 Kjellstrom, with a foreword by H. Parker Willis … New
161 1456 177 68 York,
368 1458 298 55 Columbia
694 1458 316 67 university
1040 1475 154 49 press
1229 1492 11 32 [
1247 1464 15 20 c
1269 1461 151 63 1934]

227 1542 33 28 x
285 1541 58 38 p.,
370 1530 26 40 3
444 1562 22 16 l.,
500 1529 174 51 [3]-109
701 1541 44 38 p.
805 1531 178 49 diagrs.
1044 1529 54 38 22½
1133 1531 42 22 cm
1181 1562 8 8 .

231 1589 374 48 Bibliography:
637 1600 43 37 p.
717 1589 112 49 [105]

161 1643 51 52 ©
249 1648 110 47 Apr.
399 1648 67 45 14,
504 1647 139 45 1934;
684 1647 64 40 2c.
787 1649 113 44 Apr.
937 1647 80 45 17;
1058 1645 81 40 aff.
1176 1646 112 47 Apr.
1327 1646 81 46 18;
1448 1647 41 37 A
1527 1646 140 40 72073;
1738 1646 249 41 Columbia
2028 1647 128 40 univ.

231 1715 148 37 press.
452 1704 249 48 (34-9033)

159 1781 266 66 [Knight,
452 1781 258 52 Thomas
740 1780 313 65 Jefferson]

228 1859 120 52 The
383 1858 104 53 life
524 1861 111 51 and
672 1857 281 53 activities
992 1857 61 52 of
1090 1856 243 68 Captain
1375 1859 238 51 Newton
1653 1858 228 67 Knight
1916 1860 112 51 and
2064 1860 88 51 his

155 1954 293 50 company.
532 1935 320 67 [Ellisville,
905 1934 176 68 Miss.,
1133 1936 238 52 Printed
1424 1936 72 66 by
1551 1937 93 50 the
1698 1936 455 68 Progress-item,

156 2021 15 20 c
178 2018 150 64 1934]

228 2088 283 44 cover-title,
541 2087 56 40 90
625 2097 42 37 p.
729 2086 126 40 illus.
885 2086 132 48 (incl.
1048 2085 173 49 ports.)
1290 2086 55 41 18½
1379 2089 42 20 cm
1427 2120 9 6 .

230 2144 168 40 “Thos.
430 2145 41 39 J.
500 2144 227 47 Knight’s
754 2146 133 44 story
915 2144 51 39 of
992 2144 75 39 his
1092 2143 179 43 father,
1299 2144 202 38 Newton
1532 2144 335 47 Knight.”—p.
1896 2144 40 39 2.

158 2198 50 51 ©
238 2203 119 38 Mar.
386 2204 38 44 1,
451 2201 140 42 1934;
619 2201 66 40 2c.
714 2202 121 40 Mar.
863 2201 52 42 2;
944 2201 81 39 aff.
1055 2202 120 38 Mar.
1202 2200 55 41 30;
1314 2202 41 37 A
1381 2200 168 45 71099;
1580 2201 51 39 T.
1661 2201 42 41 J.
1733 2202 200 51 Knight,
1963 2203 190 48 Laurel,

224 2258 130 41 Miss.
429 2258 249 48 (34-8725)

151 2334 297 65 Lagerlof,
479 2334 195 56 Selma
703 2334 287 54 Ottiliana
1021 2335 231 63 Lovisa,
1285 2337 170 50 1858-

223 2414 302 53 Memories
557 2412 63 54 of
649 2431 95 50 my
777 2412 335 67 childhood;
1149 2412 228 53 further
1409 2431 162 50 years
1604 2419 58 46 at
1692 2413 313 53 Mårbacka
2062 2415 70 67 [by]

155 2490 188 56 Selma
397 2491 304 69 Lagerlof;
760 2492 314 52 translated
1130 2491 74 68 by
1259 2492 203 53 Yelma
1522 2490 300 56 Swanston
1880 2493 273 53 Howard.

152 2569 232 55 Garden
418 2569 150 68 City,
598 2570 70 53 N.
701 2570 89 67 Y.,
821 2570 355 67 Doubleday,
1207 2570 198 52 Doran
1435 2573 46 49 &
1513 2588 297 50 company,
1844 2572 124 67 inc.,
1999 2575 153 50 1934.

220 2644 47 40 vi
294 2655 57 37 p.,
379 2646 24 38 1
452 2676 22 15 l.,
500 2643 85 41 290
613 2655 41 37 p.
716 2643 136 41 front.
894 2643 237 48 (facsim.)
1169 2643 126 41 illus.
1325 2643 162 49 (plan)
1556 2643 54 40 21½
1644 2646 43 21 cm
1694 2677 7 7 .

208 2702 100 40 The
344 2700 316 49 frontispiece
701 2702 41 39 is
783 2711 27 29 a
851 2701 341 46 reproduction
1230 2701 50 40 of
1319 2702 81 41 the
1439 2704 96 46 t.-p.
1577 2702 51 40 of
1665 2704 82 39 the
1787 2702 104 41 first
1934 2705 216 40 Swedish

147 2759 196 41 edition.

221 2814 162 42 “First
412 2815 225 41 edition.”

221 2872 127 40 “The
382 2873 148 39 books
564 2872 51 40 of
652 2871 157 41 Selma
846 2871 252 48 Lagerlöf;
1136 2871 126 40 brief
1296 2871 291 48 descriptive
1623 2873 165 40 notes”:
1856 2884 41 37 p.
1933 2873 214 41 287-290.

155 2925 50 52 ©
233 2930 111 48 Apr.
373 2929 67 48 18,
469 2929 140 42 1934;
637 2929 65 39 2c.
733 2930 93 38 and
854 2928 80 40 aff.
962 2929 112 46 Apr.
1103 2928 79 47 19;
1213 2930 41 37 A
1280 2928 170 47 71308;
1481 2930 299 48 Doubleday.
1810 2932 167 39 Doran
2005 2932 36 40 &
2067 2942 81 34 co.,

220 2987 90 40 inc.
382 2985 279 49 (34-27093)

150 3063 296 64 Lambert,
476 3063 288 63 Dorothy.

222 3139 1927 69 Invitation, by Dorothy Lambert … London, Collins, 1934.
218 3214 84 40 252
335 3226 43 37 p.
440 3214 55 40 19
499 3216 14 21 cm
548 3246 7 7 .

155 3269 50 51 ©
277 3284 37 28 1c.
356 3273 111 47 Apr.
512 3272 67 46 11,
622 3270 140 47 1934;
808 3270 41 39 A
889 3272 61 38 ad
992 3271 85 39 int.
1121 3270 168 47 18827;
1336 3271 142 47 pubd.
1523 3271 109 41 Feb.
1676 3273 81 45 12;
1805 3273 54 39 D.
1905 3273 240 49 Lambert,

224 3328 398 49 Shepherdswell,
651 3337 71 30 nr.
752 3328 172 45 Dover,
956 3328 231 46 England.
1261 3327 250 48 (34-9897)

148 3405 236 66 Larkin,
422 3404 208 64 Sarah,
669 3405 171 50 1896-

220 3482 182 52 Three
426 3483 234 63 Rivers;
690 3500 31 33 a
744 3481 113 51 tale
885 3480 62 52 of
972 3480 139 53 New
1138 3481 235 66 France,
1400 3481 74 67 by
1503 3480 184 55 Sarah
1714 3482 247 66 Larkin;
149 3482 1977 131 decorations
412 3561 74 67 by
533 3558 237 56 Charles
816 3558 278 53 Kirtland
1144 3558 249 55 Stevens.
1477 3560 139 52 New
1665 3560 178 68 York,
1890 3561 258 67 London,

148 3638 68 53 G.
244 3639 64 53 P.
337 3638 296 52 Putnam’s
660 3654 144 50 sons,
833 3640 151 49 1934.

218 3711 54 40 93
300 3722 43 38 p.
370 3711 109 40 incl.
507 3711 163 46 front.,
699 3710 127 41 illus.
888 3709 54 39 21
946 3712 42 21 cm
995 3743 8 7 .

217 3771 74 38 An
320 3770 104 48 epic
452 3779 150 38 poem.

223 3827 186 41 “Books
436 3828 117 39 used
583 3827 50 38 in
661 3825 273 41 reference”:
995 3836 43 37 p.
1066 3824 69 41 93.

153 3883 50 51 ©
231 3887 109 39 Feb.
365 3886 68 46 23,
460 3885 140 45 1934;
628 3884 65 39 2c.
721 3884 119 38 Mar.
868 3883 52 41 2;
950 3882 79 40 aff.
1058 3884 119 38 Mar.
1204 3882 81 47 21;
1316 3883 39 38 A
1382 3883 168 48 70838;
1581 3885 52 39 G.
1661 3886 49 39 P.
1739 3886 251 42 Putnam’s
2017 3897 124 31 sons.

233 3942 249 49 (34-8711)
