2350 4196
1139 4002 130 48 1412

229 480 160 49 macy
422 463 111 50 and
562 463 210 51 science
805 463 110 50 and
947 463 92 50 the
1072 461 235 54 Alumni
1341 462 330 52 association
1707 462 62 51 of
1800 464 92 49 the
231 463 1957 142 Philadelphia

398 538 208 68 college
638 539 63 51 of
731 539 309 66 pharmacy
1074 541 111 51 and
1215 541 228 66 science,
1477 543 148 48 1934.

301 611 84 40 189
447 644 6 6 p.
509 612 162 39 front.,
699 612 125 38 illus.
854 611 128 46 (incl.
1014 616 161 43 ports.,
1202 614 152 46 plans,
1380 612 215 47 facsim.)
1660 611 54 40 26
1719 615 43 20 cm
1767 644 6 6 .

235 665 51 51 ©
315 670 117 39 Nov.
461 670 39 45 1,
528 667 139 41 1934:
699 668 66 40 2c.
794 669 114 39 Nov.
943 670 50 39 6:
1027 669 81 40 aff.
1138 670 115 38 Nov.
1286 669 81 46 16;
1399 669 40 38 A
1468 669 168 45 77265;
1670 668 338 47 Philadelphia
2039 669 181 47 college

301 726 51 38 of
385 727 264 46 pharmacy
683 726 94 38 and
812 725 185 40 science
1031 727 94 38 and
1160 726 194 38 Alumni
1391 736 127 30 assn.
1555 726 50 39 of
1639 727 81 37 the
1755 725 339 47 Philadelphia
301 725 1897 106 college
435 784 52 37 of
517 783 263 46 pharmacy
812 782 95 39 and
938 783 196 39 science.

232 899 203 53 Radin,
471 901 160 55 Paul,
667 905 168 49 1883-

300 977 1913 67 The story of the American Indian, by Paul Radio … New
231 1054 177 66 York,
440 1054 139 51 Live
585 1055 153 66 right
769 1055 334 67 publishing
1133 1057 361 65 corporation
1573 1058 148 62 [c1934]

296 1128 95 45 xiv,
418 1127 83 40 383
526 1138 42 36 p.
623 1128 83 39 col.
735 1127 162 40 front.,
926 1128 141 40 illus..
1093 1129 158 46 plates
1279 1127 138 49 (part
1440 1128 111 46 col.)
1616 1126 53 39 22½
1703 1129 43 20 cm
1753 1160 6 6 .

301 1185 205 39 Revised
534 1184 195 40 edition.

298 1243 245 40 “Selected
573 1242 364 47 bibliography”
959 1253 7 28 :
1034 1275 6 7 p.
1071 1242 213 40 373-377.

232 1296 51 51 ©
314 1300 101 40 Oct.
444 1298 67 47 19,
543 1298 139 41 1934;
713 1298 65 41 2c.
814 1299 100 40 Oct.
948 1299 80 42 22;
1064 1299 79 40 aff.
1177 1300 100 40 Oct.
1310 1300 80 38 26:
1425 1300 40 37 A
1497 1299 167 39 76763:
1701 1299 249 46 Liveright
1980 1298 107 46 pub.
298 1307 1902 97 corporation.
607 1357 276 45 (34-35662)

225 1472 272 66 Régnier,
529 1475 183 52 Henri
741 1475 283 52 Francois
1050 1474 219 64 Joseph
1300 1476 86 62 de,
1420 1478 167 48 1864-

357 1551 1650 69 … Poems from The wingéd sandal <La sanclale ailée>
227 1555 1964 126 translated
423 1628 152 53 from
619 1629 95 52 the
758 1630 221 51 French
1025 1630 73 67 by
1143 1630 171 52 Flora
1362 1630 178 51 Brent
1584 1629 317 51 Hamilton.
1983 1629 232 63 Boston,

228 1708 63 51 B.
325 1706 387 68 Humphreys,
741 1707 108 53 inc.
887 1740 13 34 [
905 1714 17 21 c
928 1710 151 63 1933]

298 1778 738 49 5 p. l., 13-76 p., 1 l. 22½ cm .
298 1836 985 48 At head of title: Henri de Regnier …
300 1893 182 40 “There
513 1894 123 40 have
667 1894 115 39 been
815 1894 191 47 printed
1039 1895 134 38 these
1202 1893 89 40 live
1326 1894 217 39 hundred
1575 1894 158 46 copies
1765 1905 58 27 on
1857 1894 81 38 red
1971 1892 93 40 lion
2100 1899 115 34 text,

231 1951 95 39 this
376 1950 224 49 properly
648 1949 319 49 constituting
1016 1951 78 39 the
1145 1951 205 47 original
1400 1951 196 39 edition,
1647 1951 198 39 finished
1899 1952 214 47 printing
2167 1951 49 39 18

227 2007 204 41 October
467 2006 126 41 1933.”

230 2061 51 51 ©
330 2067 108 37 Dec.
488 2066 67 41 13,
605 2064 138 40 1933:
791 2063 67 40 2c.
908 2063 99 40 Oct.
1055 2065 40 38 4.
1144 2063 138 39 1934:
1334 2064 78 38 aff.
1465 2064 100 40 Oct.
1615 2064 80 38 12:
1749 2065 38 37 A
1835 2065 170 39 75753:
2058 2065 155 39 Bruce

298 2122 307 47 Humphries,
638 2122 88 39 inc.
800 2121 277 47 (34-34947)

227 2238 314 66 Robinson,
574 2240 200 62 Edgar
810 2240 254 62 Eugene,
1099 2240 168 52 1887-

359 2315 1854 68 … American democracy in time of crisis [by] Edgar Eugene
227 2393 1985 67 Robinson … Stanford University, Calif., Stanford university
228 2470 1916 68 press; London. H. Milford, Oxford university press [ c 1934]
296 2544 54 39 90
376 2556 40 35 p.
474 2545 54 39 20
549 2547 25 19 cm
581 2577 7 6 .
653 2545 259 47 (Stanford
939 2545 284 46 pamphlets,
1280 2556 74 29 no.
1384 2545 50 47 5)

299 2602 117 40 Five
443 2603 253 39 addresses
725 2602 242 39 delivered
997 2605 50 36 at
1081 2601 231 40 Stanford
1342 2600 283 48 university,
1656 2602 112 45 May
1799 2600 67 41 21.
1899 2600 314 39 1933-March

227 2660 67 38 11.
327 2657 125 41 1934.

232 2712 51 51 ©
319 2716 125 47 Sept.
475 2715 68 48 29,
577 2715 138 41 1934:
749 2716 65 40 2c.
852 2716 100 40 Oct.
986 2717 80 40 11:
1104 2715 80 40 aff.
1221 2715 100 41 Oct.
1355 2713 52 42 9;
1442 2716 41 38 A
1518 2714 167 48 76519;
1722 2717 162 38 Board
1919 2716 51 38 of
2003 2718 210 37 trustees

300 2773 51 39 of
381 2774 81 38 the
494 2774 181 38 Leland
712 2773 233 40 Stanford
979 2773 163 46 junior
1175 2772 142 41 univ.,
1358 2772 231 40 Stanford
1626 2771 294 41 University.
1956 2770 141 42 Calif.

308 2829 277 48 (34-35663)

227 2945 298 64 Remains,
556 2945 179 64 Jules,
769 2953 169 48 1885-

354 3024 1857 65 … Les homines de bonne volonté. vit. Recherche d'une église.
249 3100 183 65 [Paris]
466 3100 391 53 Flammarion
932 3106 149 62 [c1934]

300 3172 718 50 3 p. l. , [5]—332 p., 1 l. 19 cm .
233 3226 51 51 ©
315 3231 116 38 Nov.
463 3231 38 41 1,
532 3229 138 42 1934;
702 3232 63 37 1c.
799 3232 117 39 Nov.
947 3233 82 38 14:
1064 3232 306 42 A-Foreign
1403 3231 168 40 26156:
1607 3233 175 37 Ernest
1816 3231 342 39 Flammarion.

228 3348 210 63 Rubin,
469 3349 179 52 Jacob
679 3350 91 62 H.,
805 3351 170 53 1870-

297 3426 29 50 I
353 3426 109 51 live
489 3430 57 47 to
575 3426 126 52 tell:
729 3425 94 53 the
852 3426 245 55 Russian
1128 3428 336 52 adventures
1491 3426 65 53 of
1584 3444 70 35 an
1684 3426 303 52 American
230 3423 1959 133 socialist.

361 3501 1850 71 by Jacob H. Rubin … Indianapolis, New York, The
231 3581 436 52 Bobbs-Merrill
697 3598 279 50 company
1053 3585 132 49 [c1934]

297 3654 84 40 330
412 3666 41 35 p.
510 3654 162 42 front.,
705 3656 168 45 plates,
905 3657 145 45 ports.
1110 3654 52 39 21½
1196 3658 43 21 cm
1245 3687 6 7 .

304 3711 1905 49 “Victor Rubin … has translated into vivid language the reports of my
229 3766 625 41 adventlives.”—Author’s
875 3766 117 48 pref.

300 3823 159 39 “First
481 3822 224 42 edition.”

234 3876 54 50 ©;
316 3879 99 40 Oct.
446 3880 66 41 15.
543 3879 138 39 1934:
712 3879 65 40 2c.
809 3879 97 39 Oct.
939 3880 78 38 18:
1052 3880 80 39 aff.
1161 3881 114 38 Nov.
1309 3883 49 37 7:
1393 3882 39 37 A
1463 3880 167 40 76653:
1663 3879 367 41 Bobbs-Merrill
2060 3890 65 28 co.

311 3935 276 43 (34-34562)
