2350 4196
1132 4015 133 53 1714

265 442 60 36 At
351 441 119 38 head
498 439 51 37 of
573 439 105 39 title:
733 440 81 37 Dr.
843 439 133 38 Iwan
1002 437 162 39 Bloch.

200 494 50 50 ©
283 499 96 38 Dec
424 499 65 37 14.
522 498 110 37 1934:
691 498 64 37 2c.
788 498 91 37 and
914 497 77 38 aff.
1026 497 107 38 Dec.
1167 497 78 37 15:
1279 496 38 37 A
1348 493 166 40 78559:
1550 494 221 44 Panurge
1804 501 148 37 press,
1986 491 87 39 inc.

277 555 277 46 (34-42845)

201 658 177 62 Bond,
410 658 194 51 Frank
636 659 231 52 Fraser.

272 736 124 50 You
445 753 102 34 can
590 733 177 55 write,
815 734 71 66 by
932 735 63 51 F.
1041 734 202 52 Fraser
1294 732 177 53 Bond.
1549 732 134 49 New
1734 730 177 54 York,
1954 729 232 51 Leisure

201 812 191 67 league
420 811 63 52 of
510 812 279 59 America,
819 817 146 47 1934.

271 884 85 39 112
389 895 41 36 p.
492 882 83 41 204
580 886 41 20 cm
628 915 8 7 .
707 884 297 47 (Half-title:
1037 883 198 38 Leisure
1268 883 168 42 league
1469 881 126 37 little
1628 880 135 39 hook.
1795 889 74 28 no.
1903 878 51 40 2)

272 926 370 64 Bibliography:
679 951 37 36 p.
752 940 212 41 110-112.

202 991 1992 102 © July 29. 1934: 2c. Nov. 9: aff. Nov. 28: A 77619: F. F. Bond. Whit-bourne.
498 1055 400 38 Newfoundland.
972 1053 278 46 (34-42584)

201 1143 238 64 Boodin,
469 1145 153 51 John
653 1144 152 64 Elof,
839 1149 169 48 1869-

200 1215 1976 150 God and creation … [by] John Elof Boodin … New York, The Macmillan company, 1934.
272 1373 28 38 2
326 1383 42 28 v.
427 1371 149 40 front,
606 1371 63 48 (v.
701 1372 39 47 2,
772 1372 147 48 port.)
988 1372 49 38 21
1046 1374 14 20 cm
1096 1403 6 7 .

203 1423 1974 112 “A sequel to A realistic universe … and Cosmic evolution.’’—Foreword [V. 2]
274 1541 225 39 Includes
533 1540 389 48 bibliographies.

278 1597 398 40 CONTENTS.—[v.
712 1594 38 51 1]
786 1598 154 39 Three
975 1596 397 47 interpretations
1408 1597 48 37 of
1490 1596 79 39 (he
1605 1594 234 40 universe.-[v.
2001 1593 42 49 2]
2079 1593 118 43 God,
203 1663 27 29 a
259 1653 173 40 cosmic
459 1654 286 47 philosophy
772 1654 51 40 of
850 1653 216 48 religion.

202 1721 40 27 v.
274 1711 38 41 1,
345 1707 50 50 ©
425 1712 115 38 Nov.
572 1710 68 40 22.
670 1709 139 41 1934:
843 1722 40 27 v.
914 1710 38 38 2.
987 1707 56 50 ©
1068 1711 112 37 Nov.
1213 1710 81 39 28:
1327 1709 64 40 2c.
1424 1711 116 38 each
1573 1711 107 38 Dec.
1711 1708 79 41 12:
1825 1709 105 39 affs.
1965 1710 108 39 Dec.
2109 1707 84 39 10:

272 1768 38 37 A
339 1767 154 41 77656.
521 1768 142 39 77657:
719 1768 40 38 J.
791 1768 48 37 E.
870 1767 198 40 Boodin.
1098 1767 89 38 Los
1215 1767 216 46 Angeles.

284 1824 278 48 (34-42806)

206 1914 228 63 Bowen,
461 1915 238 53 Trevor.

272 1991 211 51 Divine
520 1991 171 52 white
726 1991 186 66 right;
952 2010 31 33 a
1016 1992 169 64 study
1223 1991 61 52 of
1320 2010 125 33 race
1479 1991 359 65 segregation
1875 1990 112 52 and
204 1990 1966 130 interracial

418 2068 361 65 cooperation
819 2069 59 50 in
919 2068 268 66 religious
1227 2069 422 65 organizations
1689 2067 111 52 and
1838 2067 357 52 institutions

202 2144 60 52 in
288 2145 92 51 the
405 2145 216 53 United
648 2145 205 66 States,
879 2146 73 65 by
977 2147 213 51 Trevor
1217 2147 238 62 Bowen;
1487 2145 136 52 with
1651 2165 29 33 a
1707 2145 213 52 section
1944 2162 71 34 on
2040 2143 154 53 “The

205 2221 209 52 church
452 2223 110 51 and
598 2223 277 52 educaton
910 2223 94 52 for
1038 2222 285 67 negroes”,
1356 2223 73 64 by
1464 2223 98 52 Ira
1598 2223 85 50 De
1720 2223 69 49 A.
1823 2220 166 53 Reid.
2057 2221 138 52 New

209 2298 158 52 York
411 2300 110 51 and
565 2299 256 66 London,
865 2300 142 51 Pub.
1052 2300 94 52 for
1185 2300 95 52 the
1322 2300 273 52 Institute
1637 2299 62 52 of
1740 2299 173 51 social

204 2297 1969 145 and religious research by Harper & brothers [ c 1934]
278 2459 73 35 xv,
383 2447 85 40 310
503 2459 41 37 p.
606 2447 55 40 22
666 2451 41 20 cm
713 2480 7 7 .

277 2503 1924 49 “The Institute of social and religious research … is responsible for
205 2560 98 41 this
334 2560 446 49 publication.”—p.
833 2560 49 49 [ii]

276 2616 161 41 “First
472 2617 224 41 edition.”

277 2673 345 41 “References”
653 2675 53 38 at
732 2674 91 39 end
853 2672 51 41 of
932 2674 117 39 each
1077 2675 123 46 part.

277 2726 1914 52 CONTENTS.—pt. l. The economic background.— pt. 2. Institutional
207 2784 450 50 segregation.—pt.
692 2783 39 41 3.
765 2786 99 39 The
897 2785 180 40 church
1109 2785 93 38 and
1235 2786 256 40 education
1523 2786 77 39 for
1632 2797 211 37 negroes,
1877 2785 58 45 by
1969 2785 35 37 I.
2040 2785 70 39 De
2142 2784 50 37 A.

206 2844 135 40 Reid.

211 2897 50 50 ©
291 2902 110 38 Dec.
431 2902 67 45 10,
527 2900 139 39 1934:
697 2898 64 39 2c.
793 2899 107 38 Dec.
931 2896 56 40 20:
1045 2896 80 40 aff.
1155 2898 108 39 Dec.
1294 2897 80 39 11:
1407 2899 39 37 A
1476 2899 167 40 76018:
1678 2899 191 47 Harper
1899 2898 34 37 &
1963 2897 121 39 bros.

288 2957 277 46 (34-42840)

211 3045 233 64 Bronte,
478 3044 191 65 Emily
698 3046 163 64 Jane,
895 3050 320 50 1818-1848.

279 3123 136 51 Two
440 3140 189 47 poems:
683 3121 197 52 Love’s
906 3122 221 66 rebuke,
1151 3122 455 65 Remembrance,
1631 3121 72 67 by
1730 3117 194 69 Emily
1953 3121 243 60 Brontë;

210 3200 133 51 with
370 3200 94 50 the
489 3199 160 51 Gondal
739 3199 365 67 background
1130 3199 62 51 of
1217 3200 98 51 her
1341 3218 190 48 poems
1555 3199 113 51 and
1692 3199 164 52 novel
1880 3198 73 65 by
1980 3195 216 53 Fannie

210 3276 292 52 Elizabeth
556 3276 338 52 Ratchford.
978 3276 227 67 Austin,
1252 3277 133 51 Tex.
1461 3275 61 53 [C.
1573 3277 65 52 E.
1687 3274 237 66 Martin,
1969 3274 226 66 jr.-Von

211 3354 558 53 Boeckmann-Jones
801 3373 96 48 co.]
939 3358 147 48 1934.

281 3427 83 48 [45]
395 3438 41 36 p.
498 3429 226 38 mounted
753 3428 84 40 col.
866 3429 148 38 front.
1074 3429 56 39 30
1133 3431 14 20 cm
1181 3460 7 7 .

280 3483 1423 48 “Sixty copies … printed.” This copy not numbered.
210 3535 1971 100 © June 11, 1934: 2c. June 16: aff. Sept. 11; A 74909; Fannie E. Ratchford.
432 3596 188 43 Austin,
652 3597 111 38 Tex.
830 3597 278 47 [Copyright
1141 3597 38 38 is
1211 3597 202 39 claimed
1447 3608 59 28 on
1541 3597 199 40 Gondal.
1776 3597 80 39 the
1890 3595 310 43 background

306 3652 20 37 of
358 3653 78 38 the
468 3663 175 36 poems,
717 3653 277 45 (34-42821)

212 3738 208 65 Bryan,
450 3739 253 54 William
733 3742 189 65 Lowe,
954 3748 169 49 1860-

275 3816 117 49 The
425 3817 331 64 president’s
783 3820 217 50 column
1058 3819 91 66 [by]
1192 3819 251 52 William
1469 3820 170 53 Lowe
1668 3820 215 65 Bryan.
206 3815 1970 143 [Bloomington,

450 3893 146 67 Ind.]
631 3894 247 55 Indiana
908 3896 333 67 university,
1274 3900 148 51 1934.
