2350 4196
1110 4006 132 53 1719

183 354 216 65 Gregg,
428 356 202 53 James
658 356 333 65 Lawrence,
1024 360 167 50 1899-

251 430 1929 71 The alloys of iron and copper, by J. L. Gregg … and B. N.
182 508 1998 68 Daniloff … 1st ed. New York and London, Pub. for the
182 585 392 69 Engineering
612 588 344 52 foundation
993 589 73 66 by
1103 589 94 52 the
1234 588 427 54 McGraw-Hill
1706 589 141 51 book
1885 606 295 49 company,

181 664 124 65 inc.,
339 665 152 52 1934.

248 735 85 47 xii,
359 735 86 39 454
472 747 43 37 p.
577 736 141 46 illus.,
747 738 179 48 diagrs.
988 737 54 39 23½
1076 740 43 20 cm
1124 769 8 8 .
1204 738 298 46 (Half-title:
1530 739 165 46 Alloys
1724 739 48 37 of
1803 740 102 38 iron
1940 742 234 36 research.

181 791 297 49 Monograph
507 794 164 39 series.
732 795 160 39 Frank
923 795 50 38 T.
1007 795 145 41 Sisco,
1183 796 181 45 editor)

251 849 145 40 “This
434 852 297 47 monograph
772 852 86 38 has
899 852 113 39 been
1052 851 234 47 prepared
1325 856 51 34 at
1418 852 85 38 Hat
1515 852 110 39 telle
1664 853 249 38 memorial
1955 852 224 39 institute

178 916 55 30 as
265 916 29 30 a
327 908 110 46 part
471 906 50 40 of
554 907 82 40 the
666 906 267 41 institute’s
965 907 328 40 contribution
1327 910 46 37 to
1406 907 165 47 Alloys
1603 908 50 39 of
1686 909 104 39 iron
1824 908 266 40 research.“

251 961 346 50 Bibliography:
659 974 43 38 p.
733 963 217 40 403—428.

182 1017 50 51 ©
264 1021 114 38 Nov.
409 1020 69 43 23,
510 1019 112 40 1934;
681 1020 65 39 2c.
779 1020 116 39 Nov.
927 1021 54 36 28:
1042 1019 79 39 aff.
1156 1020 107 37 Dec.
1297 1021 24 37 3;
1383 1021 40 38 A
1456 1018 140 41 78491;
1666 1021 172 39 United
1867 1020 313 47 engineering

249 1080 223 37 trustees,
504 1078 103 46 inc.,
637 1078 114 38 New
780 1077 139 39 York.
994 1076 190 46 (35-19)

178 1180 346 65 Guilbeaux,
555 1183 204 54 Henri.

247 1258 92 52 Du
370 1260 261 50 Kremlin
664 1279 69 32 an
766 1259 444 55 Cherche-Midi.
1282 1261 178 63 Paris,
1491 1258 341 67 Gallimard,
1865 1263 147 48 1933.

270 1335 71 37 1 v.
181 1385 1940 52 © Jan. 27, 1933; 1c. Apr. 4: A-Foreign 20517; Librairie Gallimard.
179 1510 191 63 Gunn,
399 1508 132 53 Neil
561 1508 208 56 Miller.

249 1587 297 52 Butcher’s
579 1586 213 68 broom,
830 1587 73 66 by
939 1586 126 54 Neil
1102 1588 76 52 M.
1216 1586 188 54 Gunn.
1491 1586 354 67 Edinburgh,
1880 1587 119 52 The
179 1589 1973 143 Porpoise
361 1683 156 49 press
550 1669 171 63 [1934]

248 1736 87 41 429
363 1749 42 37 p.
467 1736 55 41 19½
554 1740 43 20 cm
604 1770 7 8 .

180 1777 1998 66 © 1c. Dec. 6, 1934; A ad int. 19698: pubd. Oct. 11; Harcourt, Brace &
246 1864 80 34 co.,
356 1853 76 38 inc.,
491 1853 114 39 New
635 1852 141 38 York.
850 1851 279 48 (34-12876)

177 1956 227 64 Hague.
479 1956 359 52 Permanent
874 1959 168 49 court
1078 1956 64 52 of
1176 1956 423 52 international
1635 1956 237 61 justice.

250 2033 199 54 World
485 2039 160 45 court
683 2038 249 61 reports;
971 2051 31 33 a
1041 2031 293 53 collection
1371 2032 64 51 of
1471 2032 94 52 the
1602 2031 347 68 judgments,
1985 2034 194 51 orders

177 2112 112 52 and
323 2111 264 67 opinions
621 2110 63 52 of
717 2111 96 52 the
845 2112 347 51 Permanent
1223 2119 160 44 court
1418 2112 63 50 of
1514 2110 410 53 international
1958 2111 220 67 justice,

176 2189 1999 68 edited by Manley O. Hudson … Volume i. 1922-1926.
182 2267 397 63 Washington,
634 2265 279 69 Carnegie
968 2266 354 52 endowment
1378 2267 91 51 for
1524 2264 409 53 international
1988 2282 186 51 peace,

176 2350 148 50 1934.

247 2420 132 47 xxix,
428 2422 82 39 777
559 2432 38 36 p.
677 2421 114 39 fold.
843 2431 148 36 maps.
1068 2420 112 38 25cm.
1271 2422 298 46 (Half-title:
1618 2420 333 39 Publications
1998 2421 52 39 of
2097 2422 82 38 the

177 2480 235 43 Carnegie
444 2480 303 37 endowment
779 2479 77 37 for
888 2478 348 40 international
1272 2488 143 36 peace
1495 2478 217 38 Division
1744 2477 50 39 of
1828 2478 350 39 international

176 2537 106 38 law.
316 2535 346 46 Washington)

250 2591 132 40 “List
407 2592 52 38 of
488 2590 269 40 references
785 2594 47 36 to
858 2590 231 40 authors”:
1149 2603 37 27 v.
1216 2593 37 39 1,
1282 2602 40 36 p.
1351 2590 214 42 763-765.

180 2644 50 51 ©
262 2649 105 39 Dec.
401 2650 37 41 5,
470 2647 140 42 1934;
643 2647 63 40 2c.
740 2649 94 38 and
866 2648 80 39 aff.
978 2649 107 37 Dec.
1118 2649 53 38 17:
1230 2649 38 37 A
1300 2649 168 39 77722:
1502 2647 236 47 Carnegie
1768 2649 303 38 endowment
2099 2648 79 38 for

248 2706 246 38 internatl.
525 2714 155 38 peace.
754 2705 279 43 (34-42544)

175 2809 368 63 Hartsough,
574 2807 247 53 Mildred
853 2808 215 57 Lucile.

248 2886 172 50 From
467 2903 170 33 canoe
683 2889 57 46 to
785 2885 131 51 steel
965 2886 171 67 barge
1179 2905 68 31 on
1297 2887 93 51 the
1439 2903 179 49 upper
1667 2882 342 68 Mississippi
2081 2884 90 67 [by]

179 2964 245 51 Mildred
479 2964 59 51 L.
593 2961 351 67 Hartsough.
1045 2963 400 66 [Minneapolis]
1500 2962 142 54 Pub.
1694 2962 93 52 for
1833 2962 94 51 the
1975 2963 202 65 Upper

176 3042 347 65 Mississippi
553 3045 301 63 waterway
881 3041 334 53 association
1265 3042 91 67 [by]
1387 3042 94 52 the
1506 3039 334 68 University
1867 3041 63 51 of
175 3040 1978 132 Minnesota
330 3138 172 47 press.
539 3122 144 47 1934.

252 3192 1868 48 xviii p., 4 l., 3-308 p. front., illus. (maps, facsims.) plates. 23½cm.
253 3251 283 38 Illustrated
571 3249 359 47 lining-papers.

251 3308 67 38 “A
350 3307 146 39 select
530 3305 390 47 bibliography”:
958 3317 40 36 p.
1032 3305 214 41 281-282.

181 3360 50 51 ©
263 3365 107 37 Dec.
402 3365 37 40 I,
469 3362 109 38 1934:
639 3364 65 37 2c.
736 3363 93 38 and
859 3363 80 38 aff.
970 3364 108 37 Dec.
1111 3364 53 38 17;
1223 3363 42 38 A
1292 3363 141 39 77687:
1494 3363 280 47 University
1807 3363 49 38 of
1889 3361 287 43 Minnesota,

250 3420 334 47 Minneapolis.
658 3419 280 47 (34—12543)

176 3522 155 64 Hild,
360 3524 67 54 A.
457 3525 87 53 W.

250 3600 236 52 Manual
519 3601 89 52 del
641 3601 193 66 pintor
865 3602 198 50 decora
1072 3602 118 59 dor,
1222 3620 104 47 por
1357 3603 68 49 A.
1456 3603 89 52 W.
1577 3600 162 60 Hild,
1768 3600 225 52 version
2024 3600 66 52 de
2121 3601 52 50 la

179 3681 29 47 3
213 3685 20 19 a
261 3679 220 52 edición
511 3680 273 54 alemana,
814 3698 103 48 por
946 3682 64 49 R.
1042 3682 61 49 F.
1135 3680 151 52 Villa
1320 3680 64 51 de
1415 3681 136 51 Rev.
1617 3679 330 55 Barcelona,
1979 3677 196 68 Spain,

177 3756 68 54 G.
275 3757 138 55 Gili,
444 3761 148 50 1932.

251 3834 17 35 1
306 3842 37 27 v.

181 3883 1912 52 © June 27, 1932; 1c. Mar. 2, 1933; A-Foreign 20432; Gustavo Gili.
