2350 4296
1064 3981 131 54 1473

165 353 165 65 Barr,
360 355 139 56 Mrs.
529 354 214 54 Louise
774 354 301 65 (Farrow)
1115 352 170 54 1887-

227 433 226 52 Presses
493 432 64 51 of
594 433 274 53 northern
911 431 323 54 California
1276 432 112 52 and
1427 431 149 52 their
1614 431 191 64 books,
1850 435 307 49 1900-1933

164 510 106 68 [by]
302 509 206 54 Louise
534 512 236 52 Farrow
796 513 165 51 Barr.
1037 510 294 66 Berkeley,
1360 510 121 51 The
1511 510 162 51 Book
1700 515 117 48 arts
1844 509 144 66 club,
158 508 1975 147 University
399 588 64 54 of
494 588 342 68 California,
868 593 148 50 1934.

229 666 1073 50 4 p. l., vii-xxii p., 1 l., 276 p., 1 l. 26cm.
230 724 113 41 “400
369 725 157 48 copies
554 726 124 39 have
707 726 117 39 been
851 724 193 49 printed
1075 725 59 46 by
1164 725 80 38 the
1272 723 227 48 Printing
1527 725 320 46 department,
1879 724 280 47 University

158 781 51 40 of
237 780 271 41 California
535 792 149 38 press,
713 782 248 46 Berkeley.
1023 781 117 40 This
1168 791 116 37 copy
1312 779 43 42 is
1381 791 74 29 no.
1483 780 129 41 386.”

227 839 101 39 The
357 839 142 40 items
527 839 145 40 listed
702 850 83 28 are
812 839 188 40 limited
1030 841 47 37 to
1108 839 80 39 the
1217 837 190 48 private
1436 847 191 38 presses
1658 838 94 39 and
1784 848 188 37 presses
2005 838 153 40 which

157 896 207 47 produce
392 895 94 40 fine
518 897 147 39 books
694 896 157 40 which
882 907 83 29 are
992 895 189 40 located
1208 896 50 39 in
1289 894 96 41 San
1416 895 260 39 Francisco
1705 896 96 38 and
1834 895 201 47 vicinity
2067 898 92 37 and

158 952 157 40 which
347 952 123 40 have
501 953 118 39 been
653 954 159 38 active
843 953 177 45 during
1054 953 80 39 the
1167 954 109 45 past
1310 951 92 41 five
1434 962 156 36 years,
1651 952 61 46 cf.
1749 953 183 39 Introd.

502 1010 259 39 CONTENTS.—Presses
788 1011 94 38 and
908 1006 771 50 bibliographies.—Institutions
1705 1009 311 48 coöperating
2041 1009 119 39 with

156 1064 445 47 presses.—Source
633 1065 336 49 bibliography
1009 1066 67 47 (p.
1106 1065 202 40 236-242)

160 1133 51 52 ©
248 1138 100 39 Oct.
387 1138 38 43 5,
462 1136 140 43 1934;
642 1137 65 42 2c.
745 1139 94 38 and
877 1138 79 39 aff.
998 1138 100 40 Oct.
1136 1136 79 47 22;
1256 1139 42 36 A
1335 1136 168 41 77108:
1547 1138 49 39 L.
1636 1138 50 40 F.
1725 1139 139 46 Barr,
1905 1138 249 45 Berkeley,

227 1194 143 41 Calif.
443 1195 278 48 (34-37077)

155 1298 141 65 Bell,
328 1298 275 56 Thomas.

224 1374 1931 69 Striker Godown, by Thomas Bell … London, Eyre and
154 1453 188 68 Spotti
351 1454 240 66 swoode,
658 1457 117 50 1934.

222 1527 86 40 318
338 1538 42 37 p.
441 1526 116 42 19cm.

157 1593 53 51 ©
264 1609 36 28 1c.
332 1597 99 40 Oct.
460 1596 68 47 26,
558 1597 139 43 1934;
730 1599 42 38 A
799 1600 60 38 ad
888 1598 86 41 int.
1002 1597 113 39 19508;
1202 1597 140 47 pubd.
1374 1598 118 45 Aug.
1520 1598 82 46 31;
1635 1598 49 37 T.
1715 1598 119 46 Bell,
1865 1598 116 38 New
2010 1598 143 38 York.

234 1654 280 48 (34-37248)

152 1757 279 66 Berning,
468 1757 292 65 Wilhelm,
800 1757 172 55 1877-

284 1833 1695 68 … Katholische kirche und deutsches yolkstum, von dr.
152 1833 1979 148 Wilhelm Berning … München, G. D. W. Callwey, 1934.
221 1984 69 48 41,
324 1986 54 48 [1]
407 1996 41 37 p.
501 1984 119 48 21cm.
689 1985 124 48 (Das
840 1996 124 32 neue
992 1986 144 48 reich,
1164 1986 130 46 hrsg.
1322 1995 93 29 von
1446 1985 86 40 der
1558 1984 279 41 Deutschen
1868 1985 277 48 akademie)

154 2053 1999 52 © Apr. 21, 1934; 1c. June 26; A-Foreign 25019; Georg D. W. Callwey.
232 2114 280 48 (34-37657)

150 2219 303 66 Bolgiano,
483 2220 130 53 Ella
639 2221 229 55 Porter.

217 2296 264 69 Ginger’s
525 2296 263 54 hundred
834 2296 186 54 dollar
1064 2296 170 53 check
1278 2299 113 51 and
1435 2296 161 53 other
1639 2295 219 69 stories,
1902 2296 73 68 by
2020 2297 132 53 Ella

148 2375 203 53 Porter
404 2375 300 68 Bolgiano.
781 2374 425 68 Philadelphia.
1257 2376 292 51 Dorrance
1599 2378 46 50 &
1696 2392 297 50 company,
2043 2377 109 52 inc.

151 2456 193 64 [c1934]

217 2528 85 39 137
331 2538 42 37 p.
435 2526 146 42 19½cm.

153 2593 1997 52 © Oct. 15, 1934; 2c. Nov. 1; aff. Nov. 9: A 76988; Dorrance & co., inc.
229 2655 279 48 (34-37088)

150 2754 326 58 Charteris.
509 2757 210 66 Leslie,
754 2757 171 54 1907-

214 2835 120 52 The
379 2834 167 55 Saint
586 2834 318 53 intervenes
969 2835 91 66 [by]
1107 2836 184 53 Leslie
1335 2835 310 55 Charteris.
1721 2834 232 55 Garden
1997 2834 153 69 City,

150 2913 64 52 N.
250 2913 90 66 Y.,
374 2913 143 52 Pub.
554 2912 94 52 for
680 2913 96 52 the
811 2912 191 55 Crime
1036 2911 144 69 club,
1214 2913 126 66 inc.,
1373 2913 75 67 by
1483 2912 357 67 Doubleday,
1874 2913 198 53 Doran
2107 2915 44 50 &

145 3008 296 49 company,
467 2989 128 68 inc.,
624 2992 148 49 1934.

216 3065 26 39 7
268 3075 44 37 p.
338 3066 44 44 l.,
410 3064 87 40 302
522 3074 58 37 p.,
607 3064 25 38 1
681 3096 8 8 l.
751 3063 115 40 20cm.

216 3120 162 41 “First
407 3119 227 41 edition.”

215 3177 197 41 London
449 3176 183 41 edition
680 3175 223 47 (Hodder
941 3177 91 39 and
1075 3175 284 47 Stoughton,
1396 3176 213 45 limited)
1655 3176 88 40 has
1779 3175 134 40 title:
1956 3177 191 40 Boodle.

150 3242 49 51 ©
229 3247 99 40 Oct.
356 3247 68 39 24.
452 3247 114 40 1934;
620 3245 67 41 2c.
716 3248 93 37 and
838 3245 80 42 aff.
946 3246 116 39 Nov.
1092 3246 54 39 10;
1203 3246 40 39 A
1272 3246 143 40 78032;
1472 3247 51 39 L.
1552 3246 267 48 Charteris,
1846 3246 300 49 Weybridge,

217 3306 234 45 England.
524 3302 280 49 (34-37242)

149 3405 233 66 Collins,
412 3409 285 58 Norman,
729 3408 170 53 1907-

211 3485 238 68 Penang
479 3484 416 68 appointment,
923 3484 74 67 by
1027 3486 253 52 Norman
1312 3484 234 55 Collins.
1621 3486 257 65 London,
1910 3487 69 53 V.
146 3486 1976 144 Gollancz,
347 3563 122 66 ltd.,
501 3567 147 49 1934.

213 3634 88 41 286
330 3646 44 37 p.
433 3635 116 41 19cm.

218 3692 162 41 “First
427 3692 269 49 published,
749 3692 291 48 September,
1088 3691 114 40 1934;
1280 3693 173 40 second
1501 3690 303 50 impression,
1855 3692 291 49 September,

147 3746 154 44 1934.”

152 3816 1997 54 © 1c. Oct. 25, 1934; A ad int. 19494; pubd. Sept. 3; Doubleday, Doran &
217 3887 79 33 co.,
332 3879 102 42 inc.,
471 3878 192 41 Garden
699 3876 132 50 City;
856 3878 55 40 N.
920 3878 80 39 Ύ.
1071 3876 279 49 (34-37437)
