2350 4196
1153 3998 92 48 1016

214 379 244 53 Indiana
485 380 206 63 league
722 380 62 52 of
814 395 223 37 women
1070 382 216 50 voters.

286 464 1914 68 Indiana voters’ handbook. 1st ed. … Indianapolis, Ind.,
218 544 246 52 Indiana
491 546 196 66 league
715 544 63 53 of
808 563 212 34 women
1048 548 202 60 voters,
1281 544 148 50 1930.

287 616 96 47 110,
416 617 53 49 [1]
497 627 42 37 p.
568 618 107 38 incl.
703 617 169 47 plates,
900 627 149 37 maps.
1109 616 55 40 19
1168 617 43 22 cm
1215 647 8 8 .

224 671 50 51 ©
305 677 120 39 Mar.
455 675 67 46 20,
553 674 138 41 1930;
724 674 63 40 2c.
821 676 113 46 May
961 676 80 44 14;
1076 673 79 40 aff.
1186 674 115 45 May
1328 672 55 39 24;
1443 672 40 39 A
1512 672 169 47 72748;
1716 672 204 40 Indiana
1952 674 172 45 league
2149 673 54 39 of

292 743 182 28 women
503 735 172 36 voters.
748 731 276 48 (34-22939)

214 832 304 67 Jacobsen,
549 834 298 65 Thorkild,
886 838 168 49 1904-

348 921 1856 72 … Philological notes on Eshnunna and its inscriptions, by
219 1002 279 53 Thorkild
530 1002 294 54 Jacobsen.
901 1002 267 67 Chicago,
1198 1002 111 66 Ill.,
1340 1001 122 52 The
1491 998 336 69 University
1858 999 64 54 of
1954 999 251 69 Chicago

218 1098 155 49 press
413 1083 170 64 [1934]

295 1154 95 46 xiv,
427 1155 54 39 35
518 1165 42 36 p.
627 1155 125 39 illus.
818 1154 55 38 24½
906 1156 44 21 cm
955 1185 6 6 .
1037 1154 126 48 (The
1199 1152 219 41 Oriental
1455 1152 229 40 institute
1719 1153 52 39 of
1808 1152 83 40 the
1927 1151 279 47 University

218 1211 53 39 of
299 1210 221 48 Chicago.
580 1209 376 49 Assyriological
984 1209 197 47 studies,
1210 1218 74 31 no.
1312 1208 50 48 6)

292 1266 132 41 “List
452 1267 53 40 of
533 1265 387 42 abbreviations”:
981 1278 43 37 p.
1053 1265 217 41 xiii-xiv.

566 1320 1643 49 CONTENTS. — The name of Eshnunna. — The E-sikil inscriptions of
222 1380 286 48 Shulgi.—A
536 1381 144 39 letter
707 1381 127 38 from
864 1381 265 38 Eshnunna
1158 1379 94 39 and
1280 1388 61 30 an
1371 1377 235 48 Assyrian
1635 1377 109 41 law.

227 1435 50 50 ©
310 1439 125 38 June
466 1439 38 45 5,
536 1437 139 46 1934;
709 1438 65 38 2c.
808 1438 93 38 and
934 1436 79 40 aff.
1049 1437 114 45 July
1194 1435 81 46 16;
1313 1436 39 37 A
1383 1434 168 47 73480;
1588 1434 281 48 University
1902 1436 51 39 of
1985 1434 221 48 Chicago,

294 1494 220 47 Chicago.
587 1494 276 47 (34-23074)

221 1597 217 65 James,
523 1596 113 65 Rian,
673 1600 168 51 1899-

296 1689 120 53 The
447 1688 170 52 white
647 1688 228 67 parade,
906 1688 74 66 by
1007 1687 151 52 Rian
1187 1686 208 54 James.
1463 1686 138 52 New
1691 1685 120 68 York,
1840 1686 71 52 A.
1943 1686 76 52 H.
2049 1685 160 68 King

245 1769 173 63 [ c 1934]
296 1838 86 40 316
412 1849 44 38 p.
517 1837 54 40 19½
604 1840 43 20 cm
651 1869 9 9 .

230 1893 50 50 ©
309 1897 116 46 Aug.
456 1896 67 42 10,
551 1894 139 42 1934;
722 1895 66 39 2c.
817 1896 93 37 and
940 1894 79 40 aff.
1049 1894 116 46 Aug.
1194 1895 81 40 11;
1307 1893 40 39 A
1377 1894 168 41 74508;
1577 1894 170 39 Alfred
1778 1895 59 40 H.
1866 1894 141 47 King,
2038 1895 89 40 inc.

306 1952 277 48 (34-23092)

224 2054 231 65 Jarcho,
489 2055 208 64 Julius,
734 2058 169 49 1882-

293 2133 265 51 Postures
591 2136 44 50 &
664 2132 273 67 practices
968 2132 209 67 during
1206 2133 159 51 labor
1395 2151 208 49 among
1630 2133 291 67 primitive
1953 2134 254 66 peoples;

225 2209 363 69 adaptations
627 2216 57 47 to
723 2210 234 52 modern
996 2210 309 67 obstetrics,
1343 2211 141 51 with
1523 2212 261 66 chapters
1823 2229 71 34 on
1934 2211 193 52 taboos
2166 2214 45 50 &

224 2288 1926 67 superstitions & postpartum gymnastics, by Julius Jarcho …
227 2367 137 50 with
407 2370 98 48 130
543 2364 392 53 illustrations.
1012 2365 137 52 New
1188 2366 178 66 York,
1404 2369 66 51 P.
1510 2369 65 50 B.
1614 2366 244 65 Hoeber,
1896 2365 126 62 inc.,
2062 2369 149 50 1934.

300 2440 95 46 xvi,
425 2440 84 39 175
535 2450 42 36 p.
605 2438 77 40 incl.
741 2439 162 46 front.,
933 2439 123 39 illus.
1115 2437 55 41 27½
1202 2440 43 22 cm
1251 2471 8 8 .

301 2496 346 47 Bibliography:
706 2505 41 37 p.
780 2495 214 39 155-161.

235 2549 50 51 ©
317 2554 114 45 July
461 2553 66 43 11,
559 2550 113 40 1934;
730 2551 64 40 2c.
828 2553 93 38 and
952 2550 80 41 aff.
1065 2552 115 46 July
1209 2553 53 38 13;
1322 2552 39 38 A
1394 2552 167 46 73400;
1596 2553 122 38 Paul
1748 2553 52 37 B.
1835 2552 201 45 Hoeber,
2069 2551 88 39 inc.

313 2608 276 49 (34-22739)

226 2710 311 65 Jefferson,
574 2711 245 54 Charles
853 2711 269 65 Edward,
1161 2714 168 49 1860-

304 2789 139 52 Like
482 2808 30 32 a
551 2793 268 61 trumpet,
856 2788 75 66 by
971 2786 232 55 Charles
1243 2790 67 52 E.
1351 2788 297 55 Jefferson.
1724 2789 136 52 New
1902 2788 161 53 York
2101 2790 110 51 and

234 2868 254 65 London,
517 2868 231 64 Harper
776 2870 44 48 &
845 2866 274 65 brothers,
1151 2870 146 49 1934.

306 2936 610 51 4 p. l., 3-125 p. 19½ cm .
308 2995 160 40 “First
497 2994 223 41 edition.”

238 3050 50 50 ©
318 3054 82 38 July
461 3054 37 41 5,
530 3051 112 40 1934;
700 3051 65 40 2c.
796 3052 113 45 July
940 3052 24 38 5;
1025 3051 77 39 aff.
1136 3052 113 47 July
1281 3054 24 38 7;
1364 3053 39 38 A
1435 3053 168 46 74154;
1636 3053 192 47 Harper
1859 3052 37 40 &
1925 3053 121 39 bros.

316 3109 275 48 (34-22779)

232 3211 175 65 Kant,
444 3212 340 63 Immanuel,
824 3210 320 53 1724-1804.

307 3289 265 67 Religion
614 3287 202 53 within
858 3289 93 51 the
994 3288 177 53 limits
1213 3288 63 53 of
1319 3308 197 34 reason
1559 3290 177 66 alone,
1777 3290 75 65 by
1895 3288 318 54 Immanuel

242 3367 180 64 Kant;
459 3367 311 51 translated
802 3365 139 52 with
973 3384 71 33 an
1074 3367 384 54 introduction
1489 3370 111 51 and
1632 3372 155 47 notes
1816 3367 75 66 by
1922 3367 293 52 Theodore

239 3443 1975 69 M. Greene … and Hoyt H. Hudson … Chicago, London, The
239 3519 1231 70 Open court publishing company [ c 1934]
307 3594 162 40 lxxxv,
499 3592 86 40 200
613 3603 42 36 p.
716 3592 53 39 23½
803 3595 42 20 cm
852 3625 7 7 .

313 3649 1854 48 “The content of this introduction has been taken largely from …
240 3705 1975 108 [T. M. Greene’si doctoral dissertation … presented in 1924 at the University of Edinburgh … Professor Hudson … [assisted] in the selection,
241 3819 355 41 condensation,
621 3819 94 38 and
736 3819 245 39 extensive
1005 3818 247 49 rewriting
1274 3820 51 39 of
1347 3820 97 40 this
1468 3820 595 47 material.”—Foot-note,
2085 3830 44 38 p.
2152 3820 65 43 ix.

242 3872 50 50 ©
322 3877 113 44 July
463 3875 67 46 20,
559 3875 137 46 1934;
728 3874 64 40 2c.
823 3875 113 46 July
965 3875 81 43 31;
1078 3876 80 40 aff.
1185 3877 119 47 Aug.
1332 3876 53 48 2;
1416 3878 40 38 A
1483 3878 170 47 74368;
1687 3878 131 48 Open
1846 3878 140 40 court
2011 3877 108 49 pub.
2148 3887 68 31 co.

322 3931 276 48 (34-22775)
