2350 4296
1116 4006 96 49 113

166 356 240 63 Agnew,
438 352 282 55 Franklin
752 352 74 55 H.

233 432 121 52 The
381 432 94 66 lay
505 430 64 53 of
597 450 31 32 a
656 429 290 54 summer’s
976 429 139 66 day;
1150 445 79 48 or,
1261 426 184 52 “Love
1479 426 43 52 is
1553 424 270 68 mightier
1855 425 136 51 than
2027 425 128 58 all”,

166 510 67 66 by
272 512 63 51 F.
369 510 76 53 H.
482 509 69 53 A.
622 509 111 51 Los
765 507 265 67 Angeles,
1068 508 119 51 The
1222 507 165 50 Faun
1423 522 173 49 press,
1633 507 149 49 1933.

231 584 55 40 48
316 594 55 37 p.,
402 584 24 37 1
477 615 7 7 l.
543 582 54 38 21
601 584 43 21 cm
651 614 8 7 .

234 634 1067 54 “Copyright … by Franklin H. Agnew.”
165 694 50 51 ©
277 708 74 29 Jan.
380 698 39 45 2,
448 696 140 45 1934;
619 696 66 39 2c.
714 697 94 38 and
838 692 80 42 aff.
949 694 107 39 Jan.
1087 693 81 47 20;
1199 692 40 39 A
1268 691 168 47 69327;
1470 691 51 40 F.
1550 691 60 39 H.
1641 690 193 47 Agnew,
1869 690 95 39 San
1994 689 164 47 Diego,

236 755 141 40 Calir.
450 753 249 48 (34-2488)

162 858 316 54 American
508 860 111 51 law
651 857 297 54 institute.

164 930 1994 229 Restatement of the law of contracts, as adopted and promulgated by the American law institute. Containing Mississippi annotations, prepared by Sydney Smith … William
165 1165 1996 73 Hemingway … William I. McKay [and others] … under the
165 1244 1948 72 auspices of the Mississippi state bar association, volume I, II
307 1325 80 55 St.
415 1328 165 66 Paul,
607 1326 306 53 American
939 1327 109 51 law
1076 1325 337 68 publishers,
1443 1326 149 49 1933.

229 1402 26 38 2
283 1410 41 30 v.
382 1401 59 38 22½
470 1402 43 21 cm
520 1434 7 6 .

231 1458 71 40 On
330 1469 166 28 cover:
529 1458 178 39 Pocket
737 1458 315 46 supplement.

165 1510 50 52 ©
241 1516 110 39 Dec.
377 1515 38 47 6,
442 1515 112 40 1933;
608 1515 64 39 2c.
700 1515 118 39 each
843 1515 94 38 and
964 1514 52 39 aff.
1058 1514 107 38 Jan.
1191 1512 68 47 19,
1286 1511 113 41 1934;
1456 1512 40 38 A
1549 1511 142 46 69079;
1721 1511 157 39 Amer.
1905 1512 95 36 law
235 1509 1907 109 institute,
383 1571 353 48 Philadelphia.

165 1671 132 43 Ann
324 1663 211 65 Arbor,
563 1663 174 54 Mich.
813 1663 195 53 Board
1037 1663 63 65 of
1128 1662 314 53 education.

233 1739 259 68 Helping
521 1739 256 53 children
804 1739 326 67 experience
1159 1738 90 53 the
1280 1736 248 54 realities
1555 1735 60 53 of
1644 1735 93 53 the
1767 1733 167 54 social
1967 1733 191 65 order;

165 1818 171 53 social
372 1817 212 54 studies
622 1816 57 52 in
717 1817 95 54 the
850 1815 190 69 public
1077 1814 215 55 schools
1331 1814 62 55 of
1432 1814 134 51 Ann
1605 1813 205 68 Arbor,
1848 1811 313 69 Michigan,

165 1894 192 68 junior
381 1895 140 68 high
549 1894 205 69 school,
778 1895 202 68 grades
1006 1912 179 49 seven,
1213 1891 155 71 eight
1396 1892 111 53 and
1534 1893 160 64 nine;
1726 1890 260 54 editorial
172 1908 1964 134 committee,
417 1973 149 53 Eula
609 1973 68 52 V.
719 1973 211 68 Avery,
971 1972 162 53 Alice
1175 1971 157 68 Miel,
1372 1971 67 51 E.
1487 1969 60 55 C.
1593 1968 202 68 Oakes,
1839 1968 66 54 G.
1950 1968 210 54 Robert

164 2051 319 69 Koopman,
518 2053 305 52 chairman.
892 2051 133 51 Ann
1060 2050 206 68 Arbor,
1297 2049 192 69 Mich.,
1524 2048 192 53 Board
1752 2048 62 52 of
1848 2048 314 67 education,

168 2132 148 53 1933.

235 2201 60 47 vi,
325 2201 86 40 307
441 2213 42 36 p.
541 2201 178 48 diagrs.
779 2201 54 41 23
836 2204 44 21 cm
886 2233 7 8 .

238 2259 84 39 “In
360 2257 114 41 1929
510 2270 71 29 we
615 2259 255 48 published
909 2258 171 42 ‘Social
1120 2258 185 42 studies
1342 2259 47 39 in
1428 2260 79 39 the
1546 2259 159 48 public
1742 2260 188 38 schools
1967 2260 50 38 of
2055 2259 105 39 Ann

168 2316 166 48 Arbor,
372 2315 259 49 Michigan,
670 2316 121 40 book
872 2348 8 16 II,
919 2317 173 47 grades
1130 2318 134 40 three
1302 2319 47 37 to
1388 2316 103 41 six’.
1556 2316 117 40 This
1713 2327 100 29 was
1850 2317 223 39 followed
2114 2317 45 37 in

164 2373 1885 49 1931 by … book I, grades—kindergarten, one and two’.”—Foreword.
236 2432 225 40 Includes
494 2430 391 49 bibliographies.

167 2489 50 51 ©
247 2493 125 47 Sept.
397 2493 68 47 30,
491 2492 139 47 1933;
657 2493 66 38 2c.
750 2493 93 38 and
870 2491 81 40 aff.
978 2492 108 39 Jan.
1112 2491 68 47 22,
1206 2490 140 47 1934;
1375 2491 41 38 A
1441 2491 169 47 69168;
1640 2491 163 40 Board
1830 2492 50 39 of
1906 2489 257 41 education

236 2549 48 40 of
315 2551 107 39 Ann
452 2550 169 46 Arbor,
655 2549 260 47 Michigan.
987 2548 249 48 (34-2330)

174 2644 109 50 Art
318 2643 61 51 in
416 2640 265 53 America
720 2640 153 52 from
913 2642 134 50 1600
1084 2646 57 46 to
1180 2644 162 63 1865;
1384 2659 71 33 an
1493 2641 326 53 illustrated
1856 2640 174 70 guide
2067 2640 94 53 for

235 2738 31 32 a
289 2719 256 53 national
572 2718 162 54 radio
760 2719 301 52 broadcast
1087 2718 151 53 from
1265 2719 296 67 February
1587 2723 28 48 3
1642 2725 56 47 to
1724 2721 140 65 May
1889 2723 81 63 19,
1997 2723 159 62 1934;

235 2795 266 56 initiated
530 2797 74 67 by
635 2798 95 51 the
762 2797 245 55 General
1040 2796 320 53 federation
1393 2797 63 52 of
1487 2798 262 52 women’s
1780 2798 173 65 clubs,
1985 2798 179 52 under

237 2875 95 54 the
360 2876 253 66 auspices
640 2876 64 53 of
729 2876 95 51 the
851 2874 306 54 American
1185 2875 321 53 federation
1535 2875 62 53 of
1626 2882 133 59 arts,
1787 2875 140 53 with
1955 2877 94 50 the
238 2893 1900 126 cooperation
565 2952 63 53 of
659 2953 95 51 the
785 2954 112 50 Art
931 2952 259 52 institute
1226 2953 63 51 of
1323 2954 269 66 Chicago,
1625 2954 94 51 the
1750 2954 408 65 Metropolitan

238 3049 254 34 museum
533 3029 63 53 of
638 3035 106 61 art,
785 3031 96 51 the
921 3031 261 51 Museum
1225 3029 64 52 of
1330 3031 234 51 modern
1607 3037 105 59 art,
1755 3032 94 50 the
1890 3030 266 52 National

238 3108 268 67 advisory
544 3108 219 53 council
803 3127 72 35 on
915 3108 160 54 radio
1117 3108 57 51 in
1214 3107 300 54 education
1561 3109 148 66 [and]
1755 3110 93 51 the
1890 3109 269 52 National

237 3185 403 68 broadcasting
689 3204 295 49 company.
1062 3185 267 68 Chicago,
1378 3187 112 65 Ill.,
1541 3188 120 51 The
1714 3187 334 65 University
2101 3186 61 51 of

241 3262 250 68 Chicago
523 3282 156 48 press
736 3268 134 49 [1934]

235 3335 1418 50 48 p. illus., col. plates, ports. (part col.) 32 × 24 cm .
244 3392 270 48 “Prepared
548 3394 58 45 by
641 3394 186 39 Harold
863 3394 160 47 Stark,
1057 3394 119 40 with
1208 3395 80 39 the
1323 3394 326 47 co-operation
1685 3394 51 38 of
1769 3394 79 39 the
1882 3394 285 47 sponsoring

172 3448 684 43 institutions.”—Foreword.

246 3504 293 49 “Suggested
565 3507 149 40 books
741 3507 77 39 for
845 3507 195 39 further
1068 3506 227 49 reading”
1315 3518 8 28 :
1351 3518 42 36 p.
1419 3508 68 40 48.

172 3559 50 51 ©
250 3564 106 39 Jan.
384 3564 68 42 30,
479 3564 114 40 1934;
647 3565 66 39 2c.
741 3564 110 40 Feb.
878 3566 51 40 1;
960 3564 78 40 aff.
1069 3565 108 39 Feb.
1205 3566 25 38 3;
1287 3565 39 38 A
1353 3565 170 40 70132;
1555 3565 283 46 University
1865 3565 51 38 of
1943 3564 222 47 Chicago,

238 3621 221 48 Chicago.
531 3621 250 49 (34-2312)

174 3710 263 65 Atwood,
467 3712 200 64 Harry
695 3710 214 66 Fuller,
942 3711 170 54 1870-

243 3785 246 71 Orderly
511 3806 261 50 progress
794 3806 61 34 or
878 3788 193 52 chaos:
1095 3787 186 53 which
1296 3788 18 53 ?
1379 3788 89 68 By
1492 3788 199 68 Harry
1714 3787 262 55 Atwood.
173 3787 1971 145 Chicago,
358 3864 442 55 Constitutional
833 3864 334 54 association
1203 3901 12 33 [
1219 3873 19 21 c
1244 3868 151 65 1933]

241 3937 85 41 118
363 3948 42 37 p.
465 3938 135 40 front.
643 3937 174 48 (port.)
887 3937 55 41 18½
975 3941 43 20 cm
1024 3970 8 8 .
