2350 4196
1164 4017 97 47 200

226 401 212 65 Smith,
473 401 189 54 Sarah
696 402 221 62 Storer,
954 402 170 50 1905-

294 478 119 52 The
446 476 137 53 feud
613 479 280 65 mystery;
930 494 29 34 a
992 474 155 70 boys’
1179 480 157 63 story
1368 474 63 53 of
1461 473 136 53 wild
1633 473 286 68 Sardinia,
1951 474 75 68 by
2062 474 55 54 S.
2155 473 54 55 S.

226 552 1980 67 Smith … New York, Harcourt, Brace and company [ c 1934 ]
293 629 62 46 ix,
383 627 84 40 303
496 638 42 36 p.
566 627 108 41 incl.
704 626 162 46 front.,
896 626 141 46 illus.,
1067 625 167 48 plates.
1296 623 54 40 22
1355 626 43 21 cm
1404 657 7 7 .

294 683 283 41 Illustrated
613 681 359 48 lining-papers.

226 752 1984 52 © Mar. 1. 1934; 2c. and aff. Mar. 6: A 69733; Harcourt. Brace & co.,
304 813 110 47 (inc.
487 811 248 44 (34—4566)

225 915 229 64 Taylor,
488 916 207 56 Grant.

294 989 262 55 Caravan
586 990 120 52 into
738 989 234 55 Canaan
1103 1023 12 33 [by]
1151 989 184 54 Grant
1366 990 230 68 Taylor.
1662 989 406 67 Philadelphia
2101 989 111 53 and

222 1068 257 67 London,
505 1069 55 53 J.
591 1069 66 53 B.
687 1068 338 67 Lippincott
1050 1085 295 51 company,
1376 1069 148 51 1934.

291 1141 85 39 320
405 1152 42 37 p.
509 1140 54 40 19c
583 1143 28 20 m
616 1173 7 8 .

226 1210 1873 50 © Feb. 21. 1934; 2c. and aff. Mar. 8: A 69758: J. B. Lippincott co.
300 1270 248 47 (34-4675)

223 1373 230 64 Taylor,
483 1374 232 52 Phoebe
744 1373 267 54 Atwood.

293 1450 119 53 The
436 1457 252 61 mystery
714 1450 63 53 of
800 1452 94 50 the
921 1452 153 65 Cape
1101 1452 119 53 Cod
1245 1457 215 60 tavern,
1487 1469 70 33 an
1581 1452 113 50 Asey
1759 1452 172 65 Mayo
1959 1456 249 61 mystery
326 1564 11 32 [by]
386 1529 225 52 Phoebe
651 1530 245 51 Atwood
939 1530 227 65 Taylor.
1242 1529 136 51 New
1422 1529 177 64 York,
1640 1529 89 52 W.
1771 1528 88 53 W.
1903 1529 221 51 Norton
2165 1532 43 49 &

222 1624 294 49 company,
547 1606 105 54 inc.
732 1611 149 62 [c1934]

292 1678 84 41 283
407 1691 43 37 p.
510 1678 55 41 19
568 1681 44 21 cm
618 1711 8 8 .

225 1747 1983 50 © Feb. 26. 1934; 2c. and aff. Mar. 1: A 70425: P. A. Taylor, East Boston,
291 1808 146 38 Mass.
509 1805 248 49 (34-4192)

224 1908 207 52 Texas.
509 1910 178 51 Court
716 1911 62 64 of
806 1911 261 51 criminal
1095 1910 246 66 appeals.

295 1986 1856 69 The Texas criminal reports: cases argued and adjudged …
227 2064 211 68 during
482 2064 191 67 April.
719 2065 155 66 May,
919 2066 150 52 June
1116 2065 107 51 and
1273 2065 260 57 October,
1618 2108 8 8 A.
1712 2108 27 12 D.,
1786 2068 149 48 1932.
2009 2066 89 52 W.
2148 2066 60 53 C.

223 2141 188 53 Wear,
449 2147 256 62 reporter
745 2141 63 54 of
846 2142 289 52 decisions,
1210 2161 51 33 v.
1304 2146 113 49 121.
1500 2143 245 65 [Austin]
1790 2144 117 51 The
1951 2144 159 54 State
2149 2143 61 52 of

224 2222 199 64 Texas,
457 2223 149 50 1933.

290 2293 128 40 xxvi,
450 2293 85 40 696
564 2305 42 35 p.
665 2294 55 39 23½cm.

223 2359 1981 52 © Feb. 21, 1934; 1c. and aff. Feb. 23; 1c. Feb. 24: A 69570; W. C. Wear,
290 2420 188 40 Austin,
509 2421 111 39 Tex.

245 2522 274 65 [Thomas,
552 2525 259 66 Eugene]
849 2528 168 49 1894-

291 2599 1920 72 The morning after, by Donald Grey [pseud.] … New York,
224 2673 165 56 Sears
420 2677 334 69 publishing
784 2696 295 52 company,
1111 2679 106 53 inc.
1433 2713 13 33 [c1934]

292 2749 462 48 4 p. l., 272 p. 19½cm.
224 2804 1983 55 © Feb. 26. 1934; 2c. Mar. 3: aff. Feb. 28: A 69713: Sears pub. co., inc.
300 2864 247 47 (3-1-4562)

223 2966 191 64 Tyler,
446 2968 190 62 Ralph
668 2969 288 64 Winfred,
991 2973 169 49 1902-

295 3044 1853 72 Constructing achievement tests, by Ralph W. Tyler …
225 3122 323 66 Columbus,
576 3123 85 61 O.,
688 3125 119 51 The
835 3125 149 54 Ohio
1009 3131 143 48 state
1178 3126 317 67 university
1705 3161 11 32 [c1934]

294 3193 60 39 vi,
384 3193 83 39 102
494 3204 42 36 p.
597 3194 26 38 24cm.

295 3249 256 47 “.Reprints
581 3250 126 40 from
737 3252 80 40 the
847 3252 323 41 Educational
1201 3254 220 39 research
1452 3253 246 41 bulletin.’'

223 3303 1785 50 © Jan. 10, 1934; 2c. and aff. Feb. 19: A 69524: Ohio state univ.
303 3363 247 47 (34-4539)

225 3467 70 54 U.
329 3468 57 53 S.
459 3469 189 52 Naval
680 3472 286 64 academy,
1002 3473 333 66 Annapolis.
1411 3475 169 64 Dept,
1617 3475 62 63 of
1713 3475 323 65 languages.

290 3544 185 52 Naval
509 3546 377 69 phraseology
915 3549 58 51 in
1004 3550 239 59 French,
1275 3548 266 70 Spanish,
1572 3552 213 51 Italian
1819 3552 109 51 and
1961 3552 243 53 German

245 3621 73 67 [by
369 3623 112 64 the]
538 3624 374 67 Department
966 3627 63 52 of
1078 3630 325 67 languages,
1452 3629 72 53 U.
1580 3629 55 54 S.
1687 3629 185 53 Naval
1925 3630 283 66 academy.

225 3698 336 69 Annapolis,
592 3701 138 55 Md..
761 3704 118 51 The
911 3705 214 52 United
1161 3706 185 54 States
1378 3709 166 49 naval
1581 3708 276 56 institute,
1890 3712 149 48 1934.

293 3772 55 40 19
373 3784 42 37 p.
443 3774 43 41 1..
514 3773 186 49 31-200,
733 3777 54 48 [7]
816 3787 41 37 p.
919 3776 55 40 27½
1008 3781 13 20 cm
1055 3811 6 6 .

297 3830 144 40 “This
477 3832 121 40 book
632 3833 41 40 is
707 3833 160 40 issued
906 3837 47 38 to
989 3836 186 47 replace
1211 3838 80 39 the
1325 3838 322 47 publications
1684 3838 48 38 ‘A
1774 3840 184 39 French
1993 3840 216 40 nautical

226 3888 174 46 phrase
428 3889 120 40 book
574 3891 94 39 and
697 3891 200 41 reader'.
924 3892 128 42 1919.
1079 3895 93 38 and
1204 3894 50 37 ‘A
1286 3894 205 48 Spanish
1520 3896 216 39 nautical
1766 3898 174 47 phrase
1967 3898 120 41 book
2116 3899 90 39 and

222 3947 197 48 reader’,
457 3947 347 42 1923.”—Pref.
