2350 4196
1065 4003 132 49 1137

158 352 165 64 Leaf,
353 353 229 54 Mimro.

231 428 305 55 Grammar
573 449 101 34 can
713 431 66 52 be
818 431 122 65 fun,
978 430 184 52 words
1198 431 111 52 and
1346 429 249 68 pictures
1631 429 75 68 by
1742 431 209 52 Munro
1992 430 161 54 Leaf.

161 507 135 53 New
333 509 177 65 York,
547 508 308 53 Frederick
888 511 69 50 A.
995 508 200 55 Stokes
1230 526 296 49 company,
1565 512 148 49 1934.

229 580 53 39 41
318 591 41 36 p.
421 581 125 38 illus.
578 582 134 46 (part
745 582 110 46 col.)
924 581 115 39 26cm.

231 637 287 41 Illustrated
551 641 96 44 t.-p.
680 640 91 38 and
806 639 360 46 lining-papers.

164 692 49 51 ©
243 698 123 46 Sept.
392 697 39 39 4.
456 695 111 40 1934;
622 697 65 41 2c.
712 698 92 38 and
832 709 79 26 aff.
941 696 126 47 Sept.
1094 697 50 45 8;
1173 696 39 38 A
1238 695 168 47 75190;
1435 697 60 38 M.
1523 695 134 49 Leaf,
1686 695 297 48 Greenwich,
2010 697 148 41 Conn.

240 752 278 49 (34-29533)

154 853 256 67 Lincoln,
444 857 220 63 Joseph
699 858 242 61 Crosby,
978 858 171 52 1870-

223 934 120 51 The
374 934 134 52 Peel
543 934 156 67 trait,
732 936 72 66 by
839 935 217 66 Joseph
1090 935 61 54 C.
1185 935 257 51 Lincoln.
1512 936 138 51 New
1686 935 180 66 York,
1899 935 259 67 London,

152 1012 69 53 D.
271 1012 580 69 Appleton-Century
902 1030 294 50 company,
1247 1012 418 68 incorporated,
1716 1017 149 48 1934.

228 1086 550 48 3 p l., 309 p. 19½cm.
295 1145 221 38 Illustrated
566 1144 342 47 lining-papers.

162 1197 49 51 ©
245 1201 119 46 Aug.
397 1202 67 44 17,
499 1200 139 40 1934:
673 1203 65 37 2c.
773 1202 107 43 Aug
924 1200 80 41 20;
1042 1198 80 41 aff.
1160 1199 125 48 Sept.
1322 1200 50 40 5;
1410 1200 40 38 A
1482 1198 170 48 75235;
1689 1200 57 40 D.
229 1198 1913 107 Appleton-Century
369 1266 80 39 co.,
478 1257 90 40 inc.
643 1257 278 48 (34-29544)

154 1360 200 64 Lloyd,
386 1361 175 63 Mary
592 1361 186 55 Edna.

227 1439 255 66 Nursery
516 1438 140 52 class
691 1437 292 69 teaching;
1019 1437 269 68 religious
1322 1437 282 68 guidance
1640 1437 110 67 [by]
1787 1436 171 68 Mary
1987 1437 171 51 Edna

162 1517 208 66 Lloyd;
410 1516 191 52 edited
636 1516 75 67 by
748 1515 208 53 Lucius
996 1515 73 52 H.
1108 1515 247 68 Bugbee.
1429 1515 139 52 New
1606 1514 180 66 York,
1825 1514 329 56 Cincinnati

180 1599 119 61 [etc.]
333 1594 122 52 The
484 1593 317 53 Methodist
829 1593 145 53 book
1002 1611 235 34 concern
1272 1596 193 64 [c1934]

225 1667 85 39 192
341 1678 44 37 p.
445 1666 117 41 21cm.

226 1724 154 40 Music
398 1735 9 28 :
441 1735 42 38 p.
516 1724 216 40 167-178.

159 1778 51 52 ©
238 1784 117 46 Aug.
386 1783 38 46 8,
454 1781 113 40 1934;
626 1783 65 38 2c.
721 1782 94 39 and
845 1781 81 40 aff.
956 1781 119 47 Aug.
1105 1781 54 39 13
1177 1792 8 29 :
1217 1782 40 37 A
1285 1781 146 40 73847;
1488 1782 62 38 M.
1582 1783 53 38 E.
1666 1782 165 47 Lloyd,
1863 1781 292 43 Cincinnati.

237 1838 278 50 (34-29171)

149 1942 317 65 Lockhart,
505 1945 222 51 Robert
770 1941 299 53 Hamilton
1107 1943 206 64 Bruce,
1355 1942 171 54 1887-

220 2021 236 52 Retreat
487 2021 153 51 from
673 2022 182 66 glory,
890 2020 72 67 by
997 2021 66 51 R.
1097 2021 76 51 H.
1208 2023 185 50 Bruce
1425 2020 307 53 Lockhart.
1802 2021 137 52 New
1976 2021 179 67 York,

149 2099 68 54 G.
244 2102 64 52 P.
337 2099 297 54 Putnam’s
663 2117 145 48 sons,
839 2101 148 51 1934.

224 2177 25 36 5
276 2186 40 36 p.
368 2205 20 16 l.,
418 2173 146 40 3-348
589 2184 40 36 p.
687 2172 135 39 front.
865 2171 171 48 (port.)
1102 2171 113 42 23cm.

158 2228 51 51 ©
247 2232 99 39 Oct,
386 2233 38 44 1,
460 2229 140 47 1934;
639 2230 66 39 2c.
743 2228 101 41 Oct.
882 2230 52 40 4;
975 2228 79 40 aff.
1095 2228 100 41 Oct.
1232 2229 52 47 6;
1324 2230 40 38 A
1401 2229 170 47 75646;
1612 2230 54 41 R.
1705 2230 59 38 H.
1802 2231 53 37 B.
1895 2230 258 47 Lockhart,

225 2289 211 39 London.

149 2391 375 64 Lownsbery,
558 2389 211 55 Eloise.

225 2468 282 68 Lighting
551 2468 95 53 the
694 2468 178 66 torch,
920 2466 74 68 by
1044 2466 188 53 Eloise
1279 2468 374 67 Lownsbery;
1705 2466 325 55 illustrated
2082 2470 66 65 by

153 2547 300 52 Elizabeth
500 2545 174 68 Tyler
719 2545 267 55 Wolcott.
1070 2546 255 65 London,
1370 2547 140 52 New
1558 2545 163 53 York
1790 2551 119 61 [etc.]
151 2548 1976 144 Longmans,
356 2625 188 54 Green
568 2625 112 52 and
707 2642 297 49 company,
1035 2628 147 49 1934.

228 2708 75 38 XV,
331 2698 86 40 335
443 2708 41 36 p.
515 2697 107 42 incl.
651 2697 164 48 front.,
843 2698 128 38 illus.
1033 2696 143 41 20½cm.

227 2755 289 39 Illustrated
541 2754 362 47 lining-papers.

228 2810 162 42 “First
416 2809 227 42 edition.”

227 2867 227 41 “Printed
477 2869 51 38 in
555 2868 81 39 the
663 2868 178 39 United
871 2867 162 40 States
1060 2867 51 39 of
1137 2867 265 41 America.”

155 2922 51 52 ©
240 2927 118 47 Aug.
390 2925 69 48 29,
492 2924 140 48 1934;
668 2926 65 39 2c.
768 2926 96 39 and
898 2924 78 40 aff.
1017 2924 127 48 Sept.
1178 2925 81 47 12;
1294 2926 41 38 A
1368 2926 171 46 74883;
1576 2927 51 37 E.
1664 2926 307 48 Lownsbery,
220 2926 1913 97 Cornwall
359 2983 191 47 Bridge,
579 2982 145 40 Conn.
797 2981 281 48 (34-27254)

145 3083 216 66 Lubbe,
393 3084 271 55 Marinus
692 3102 114 36 van
837 3086 120 63 der,
992 3088 324 63 1909-1934,
1345 3086 331 65 defendant.

335 3160 1817 70 … Der Reichstagsbrand prozess; vorwort von professor
150 3237 239 54 Grimm.
455 3239 115 52 Mit
596 3242 66 48 32
694 3238 368 53 aufnahmen.
1130 3239 216 68 Berlin,
1378 3240 252 54 Ullstein
1669 3241 172 66 [1934]

218 3311 98 50 346,
353 3312 54 50 [2]
441 3322 42 37 p.
544 3312 169 46 plates,
746 3313 149 46 ports.
955 3311 147 41 21½cm.

217 3369 64 39 At
307 3370 125 38 head
460 3368 51 40 of
539 3368 106 41 title
664 3379 8 29 :
704 3368 83 43 Dr.
819 3368 137 40 Sack.

217 3424 100 40 The
355 3425 263 47 Reichstag
652 3424 85 42 fire
774 3425 130 46 trial,
945 3424 277 48 September
1258 3424 69 49 21,
1367 3425 84 41 1933
1521 3427 49 38 to
1609 3425 266 41 December
1910 3425 70 48 23,
2019 3425 127 46 1933,

149 3489 100 30 was
276 3481 107 40 held
413 3481 166 40 before
608 3482 80 40 the
719 3481 187 41 Fourth
933 3481 143 48 penal
1105 3481 225 41 chamber
1359 3482 52 40 of
1440 3482 81 41 the
1554 3480 231 50 Supreme
1816 3485 137 37 court
1984 3482 52 40 of
2065 3482 82 40 the

149 3535 209 41 German
387 3537 128 40 reich;
573 3538 80 40 the
679 3540 202 38 accused
909 3538 143 47 being
1078 3537 221 42 Marinus
1328 3548 94 30 van
1450 3540 85 39 der
1562 3538 177 48 Lubbe,
1766 3539 150 40 Ernst
1933 3538 214 48 Torgler,

149 3592 172 48 Georgi
356 3592 264 49 Dimitroff,
658 3594 170 49 Blagoi
864 3594 171 48 Popoff
1069 3596 94 39 and
1200 3595 176 40 Wassil
1416 3594 186 41 Taneff.
1670 3594 72 41 On
1779 3595 263 41 December
2078 3594 69 47 23,

151 3647 123 49 1933,
306 3650 248 47 presiding
585 3651 186 41 Justice
803 3650 226 41 Wilhelm
1063 3651 165 48 Bringe
1235 3662 21 28 r
1287 3653 306 46 pronounced
1627 3662 28 31 a
1686 3652 187 41 verdict
1906 3652 53 40 of
1992 3651 156 48 guilty

146 3707 193 45 against
368 3717 92 29 van
489 3708 85 38 der
602 3707 160 41 Lubbe
788 3708 78 39 for
893 3708 115 47 high
1039 3711 192 37 treason
1261 3709 50 39 in
1339 3710 81 39 the
1449 3711 136 38 overt
1613 3710 81 40 act
1721 3709 52 40 of
146 3707 1982 103 insurrectionary
272 3773 144 29 arson
455 3764 94 39 and
587 3774 60 30 on
686 3765 221 46 January
948 3763 68 48 19,
1054 3763 113 41 1934
1202 3766 83 40 the
1323 3766 293 40 condemned
1655 3776 101 30 was
1797 3766 258 40 sentenced
2093 3765 51 41 to

145 3818 160 41 death.
364 3820 99 40 The
495 3821 138 38 other
663 3821 293 40 defendants
988 3831 123 30 were
1144 3822 260 47 acquitted.

149 3873 1671 55 © Feb. 23, 1934; 1c. May 1; A-Foreign 24581; Ullstein a.-g.
225 3933 278 51 (34-29867)
