<alto xmlns="http://www.loc.gov/standards/alto/ns-v3#" xmlns:xsi="http://www.w3.org/2001/XMLSchema-instance" xsi:schemaLocation="http://www.loc.gov/standards/alto/ns-v3# http://www.loc.gov/alto/v3/alto-3-0.xsd"><Description>
<MeasurementUnit>pixel</MeasurementUnit>
<sourceImageInformation>
<fileName>1934_v1_Part1.pdf</fileName>
</sourceImageInformation>
<OCRProcessing ID="IdOcr">
<ocrProcessingStep>
<processingDateTime>2019-01-10</processingDateTime>
<processingSoftware>
<softwareCreator>ABBYY</softwareCreator>
<softwareName>ABBYY Recognition Server</softwareName>
<softwareVersion>4.0</softwareVersion>
</processingSoftware>
</ocrProcessingStep>
</OCRProcessing>
</Description>
<Styles>
<ParagraphStyle ALIGN="Left" FIRSTLINE="0." ID="StyleId-FFFFFFFF-FFFF-FFFF-FFFF-FFFFFFFFFFFF-" LEFT="0." RIGHT="0." />
<ParagraphStyle ALIGN="Right" FIRSTLINE="0." ID="StyleId-521E1FC6-FE7E-43A4-90E6-A9B61626A263-" LEFT="0." LINESPACE="13.30000019" RIGHT="0." />
<ParagraphStyle ALIGN="Left" FIRSTLINE="-27." ID="StyleId-639B624E-F6F5-47B6-BB1D-34E64B53022F-" LEFT="0." LINESPACE="13.43999958" RIGHT="0." />
<ParagraphStyle ALIGN="Left" FIRSTLINE="0." ID="StyleId-100905F9-D385-406B-A5BD-ED5B8FD85431-" LEFT="0." RIGHT="0." />
<ParagraphStyle ALIGN="Left" FIRSTLINE="-27." ID="StyleId-7C9F9BA2-EF3A-4B7F-8486-CCC7B7F49B39-" LEFT="0." LINESPACE="18.71999931" RIGHT="0." />
<ParagraphStyle ALIGN="Block" FIRSTLINE="-27." ID="StyleId-350780E3-60F2-4605-88F5-BB54F9B87091-" LEFT="0." LINESPACE="18.71999931" RIGHT="0." />
<ParagraphStyle ALIGN="Left" FIRSTLINE="0." ID="StyleId-90B16C58-D795-4C77-9B89-30378C515D40-" LEFT="0." LINESPACE="14.39999962" RIGHT="0." />
<ParagraphStyle ALIGN="Right" FIRSTLINE="-27." ID="StyleId-17090E09-AFAF-4086-BD9B-4E99FAE6B057-" LEFT="0." LINESPACE="14.39999962" RIGHT="0." />
<ParagraphStyle ALIGN="Left" FIRSTLINE="-27." ID="StyleId-8B87B633-89DB-4D72-B1FC-26E4ABD680BC-" LEFT="0." LINESPACE="18.47999954" RIGHT="0." />
<ParagraphStyle ALIGN="Left" FIRSTLINE="0." ID="StyleId-42DA7417-CA90-4D71-A57B-06556C38D752-" LEFT="0." LINESPACE="13.30000019" RIGHT="0." />
<ParagraphStyle ALIGN="Block" FIRSTLINE="0." ID="StyleId-D8EE2A7E-42AE-4E35-98DB-F0F935637AA0-" LEFT="0." LINESPACE="6.599999905" RIGHT="0." />
<ParagraphStyle ALIGN="Left" FIRSTLINE="0." ID="StyleId-33CD3121-D4F5-43B6-BA96-6382D166E6B8-" LEFT="0." LINESPACE="15.5" RIGHT="0." />
<ParagraphStyle ALIGN="Block" FIRSTLINE="-21." ID="StyleId-1CE52AFA-C319-4DD9-B4B1-F0EBFA2B3F0B-" LEFT="0." LINESPACE="18.71999931" RIGHT="0." />
<ParagraphStyle ALIGN="Left" FIRSTLINE="0." ID="StyleId-B74F1B65-92F1-49C5-A5FA-D20442F031F2-" LEFT="0." LINESPACE="17.70006076" RIGHT="0." />
<ParagraphStyle ALIGN="Center" FIRSTLINE="0." ID="StyleId-79E2924A-215C-40B7-B577-7236BFBAA25E-" LEFT="0." LINESPACE="7.199999809" RIGHT="0." />
</Styles>
<Layout>
<Page HEIGHT="4196" ID="Page748" PHYSICAL_IMG_NR="748" WIDTH="2350">
<TopMargin HEIGHT="378" HPOS="0" VPOS="0" WIDTH="2350">
</TopMargin>
<LeftMargin HEIGHT="3600" HPOS="0" VPOS="378" WIDTH="187">
</LeftMargin>
<RightMargin HEIGHT="3600" HPOS="2199" VPOS="378" WIDTH="151">
</RightMargin>
<BottomMargin HEIGHT="218" HPOS="0" VPOS="3978" WIDTH="2350">
<TextBlock HEIGHT="64" HPOS="1142" ID="Page748_Block1" LANG="en-US" STYLEREFS="StyleId-110C3D2A-5D70-4EDB-8DD7-76BD787043FF-" VPOS="3995" WIDTH="107">
<TextLine HEIGHT="52" HPOS="1148" VPOS="4001" WIDTH="95">
<String CONTENT="748" HEIGHT="52" HPOS="1148" VPOS="4001" WIDTH="95" />
</TextLine>
</TextBlock>
</BottomMargin>
<PrintSpace HEIGHT="3600" HPOS="187" VPOS="378" WIDTH="2012">
<TextBlock CS="1" HEIGHT="3600" HPOS="187" ID="Page748_Block2" LANG="en-US" STYLEREFS="StyleId-4D112B5C-CCB4-42D2-A823-6A44C12BDDEE-" VPOS="378" WIDTH="2012">
<TextLine CS="1" HEIGHT="146" HPOS="193" STYLEREFS="StyleId-4783751E-C707-4D90-B373-A81CB54BBED5-" VPOS="384" WIDTH="1960">
<String CONTENT="Colonial" HEIGHT="53" HPOS="193" LANG="de" VPOS="384" WIDTH="255" />
<SP HEIGHT="51" HPOS="449" VPOS="386" WIDTH="40" />
<String CONTENT="and" HEIGHT="51" HPOS="490" VPOS="386" WIDTH="110" />
<SP HEIGHT="51" HPOS="601" VPOS="386" WIDTH="38" />
<String CONTENT="revolutionary" HEIGHT="66" HPOS="640" VPOS="385" WIDTH="422" />
<SP HEIGHT="66" HPOS="1063" VPOS="385" WIDTH="39" />
<String CONTENT="families" HEIGHT="51" HPOS="1103" VPOS="385" WIDTH="246" />
<SP HEIGHT="32" HPOS="1350" VPOS="404" WIDTH="37" />
<String CONTENT="of" HEIGHT="51" HPOS="1388" VPOS="385" WIDTH="61" />
<SP HEIGHT="52" HPOS="1450" VPOS="385" WIDTH="37" />
<String CONTENT="Pennsylvania;" HEIGHT="66" HPOS="1488" VPOS="384" WIDTH="449" />
<SP HEIGHT="48" HPOS="1938" VPOS="403" WIDTH="42" />
<String CONTENT="genealogical" HEIGHT="128" HPOS="261" VPOS="402" WIDTH="1892" />
</TextLine>
<TextLine CS="1" HEIGHT="68" HPOS="506" STYLEREFS="StyleId-4783751E-C707-4D90-B373-A81CB54BBED5-" VPOS="461" WIDTH="1612">
<String CONTENT="and" HEIGHT="51" HPOS="506" VPOS="463" WIDTH="111" />
<SP HEIGHT="66" HPOS="618" VPOS="463" WIDTH="36" />
<String CONTENT="personal" HEIGHT="64" HPOS="655" VPOS="465" WIDTH="264" />
<SP HEIGHT="50" HPOS="920" VPOS="465" WIDTH="33" />
<String CONTENT="memoirs." HEIGHT="51" HPOS="954" VPOS="463" WIDTH="276" />
<SP HEIGHT="50" HPOS="1231" VPOS="464" WIDTH="74" />
<String CONTENT="Editor," HEIGHT="65" HPOS="1306" VPOS="461" WIDTH="223" />
<SP HEIGHT="62" HPOS="1530" VPOS="464" WIDTH="33" />
<String CONTENT="Wilfred" HEIGHT="54" HPOS="1564" VPOS="461" WIDTH="252" />
<SP HEIGHT="54" HPOS="1817" VPOS="463" WIDTH="37" />
<String CONTENT="Jordan" HEIGHT="54" HPOS="1855" VPOS="463" WIDTH="222" />
<SP HEIGHT="34" HPOS="2078" VPOS="481" WIDTH="40" />
<String CONTENT="&#8230;" CS="1" />
</TextLine>
<TextLine CS="1" HEIGHT="66" HPOS="261" STYLEREFS="StyleId-4783751E-C707-4D90-B373-A81CB54BBED5-" VPOS="538" WIDTH="1741">
<String CONTENT="New" HEIGHT="51" HPOS="261" VPOS="540" WIDTH="138" />
<SP HEIGHT="32" HPOS="400" VPOS="559" WIDTH="35" />
<String CONTENT="series." HEIGHT="51" HPOS="436" VPOS="540" WIDTH="183" />
<SP HEIGHT="51" HPOS="620" VPOS="541" WIDTH="73" />
<String CONTENT="Volume" HEIGHT="51" HPOS="694" VPOS="541" WIDTH="241" />
<SP HEIGHT="32" HPOS="936" VPOS="560" WIDTH="37" />
<String CONTENT="v." HEIGHT="31" HPOS="974" VPOS="560" WIDTH="45" />
<SP HEIGHT="50" HPOS="1020" VPOS="541" WIDTH="75" />
<String CONTENT="New" HEIGHT="51" HPOS="1096" VPOS="541" WIDTH="135" />
<SP HEIGHT="50" HPOS="1232" VPOS="542" WIDTH="39" />
<String CONTENT="York," HEIGHT="64" HPOS="1272" VPOS="540" WIDTH="178" />
<SP HEIGHT="62" HPOS="1451" VPOS="542" WIDTH="35" />
<String CONTENT="Lewis" HEIGHT="53" HPOS="1487" VPOS="538" WIDTH="184" />
<SP HEIGHT="51" HPOS="1672" VPOS="540" WIDTH="35" />
<String CONTENT="historical" HEIGHT="51" HPOS="1708" VPOS="540" WIDTH="294" />
</TextLine>
<TextLine CS="1" HEIGHT="143" HPOS="260" STYLEREFS="StyleId-4783751E-C707-4D90-B373-A81CB54BBED5-" VPOS="541" WIDTH="1894">
<String CONTENT="publishing" HEIGHT="143" HPOS="260" VPOS="541" WIDTH="1894" />
<SP HEIGHT="48" HPOS="474" VPOS="636" WIDTH="28" />
<String CONTENT="company," HEIGHT="48" HPOS="503" VPOS="636" WIDTH="293" />
<SP HEIGHT="66" HPOS="797" VPOS="618" WIDTH="27" />
<String CONTENT="inc.," HEIGHT="66" HPOS="825" VPOS="618" WIDTH="124" />
<SP HEIGHT="62" HPOS="950" VPOS="622" WIDTH="31" />
<String CONTENT="1934." HEIGHT="48" HPOS="982" VPOS="621" WIDTH="147" />
</TextLine>
<TextLine CS="1" HEIGHT="50" HPOS="271" VPOS="689" WIDTH="1912">
<String CONTENT="2" HEIGHT="37" HPOS="271" VPOS="692" WIDTH="27" />
<SP />
<String CONTENT="p." HEIGHT="36" HPOS="329" VPOS="702" WIDTH="43" />
<SP HEIGHT="38" HPOS="373" VPOS="692" WIDTH="32" />
<String CONTENT="1.," CS="1" HEIGHT="36" HPOS="406" VPOS="692" WIDTH="15" />
<SP HEIGHT="28" HPOS="449" VPOS="711" WIDTH="37" />
<String CONTENT="[3]-994" CS="1" HEIGHT="48" HPOS="487" VPOS="691" WIDTH="175" />
<SP HEIGHT="45" HPOS="663" VPOS="692" WIDTH="31" />
<String CONTENT="p." HEIGHT="35" HPOS="695" VPOS="702" WIDTH="41" />
<SP HEIGHT="39" HPOS="737" VPOS="691" WIDTH="61" />
<String CONTENT="front.," HEIGHT="45" HPOS="799" VPOS="691" WIDTH="162" />
<SP HEIGHT="45" HPOS="962" VPOS="691" WIDTH="35" />
<String CONTENT="illus.," HEIGHT="45" HPOS="998" VPOS="691" WIDTH="140" />
<SP HEIGHT="36" HPOS="1139" VPOS="701" WIDTH="34" />
<String CONTENT="plates," HEIGHT="45" HPOS="1174" VPOS="692" WIDTH="168" />
<SP HEIGHT="37" HPOS="1343" VPOS="699" WIDTH="34" />
<String CONTENT="ports.," HEIGHT="44" HPOS="1378" VPOS="692" WIDTH="162" />
<SP HEIGHT="45" HPOS="1541" VPOS="690" WIDTH="34" />
<String CONTENT="facsims.," HEIGHT="47" HPOS="1576" VPOS="689" WIDTH="227" />
<SP HEIGHT="34" HPOS="1804" VPOS="702" WIDTH="36" />
<String CONTENT="col." HEIGHT="37" HPOS="1841" VPOS="692" WIDTH="82" />
<SP HEIGHT="27" HPOS="1924" VPOS="702" WIDTH="38" />
<String CONTENT="coats" HEIGHT="36" HPOS="1963" VPOS="694" WIDTH="133" />
<SP HEIGHT="28" HPOS="2097" VPOS="702" WIDTH="32" />
<String CONTENT="of" HEIGHT="38" HPOS="2130" VPOS="692" WIDTH="53" />
</TextLine>
<TextLine HEIGHT="39" HPOS="198" VPOS="748" WIDTH="314">
<String CONTENT="arms." HEIGHT="29" HPOS="198" VPOS="758" WIDTH="142" />
<SP HEIGHT="38" HPOS="341" VPOS="748" WIDTH="55" />
<String CONTENT="28" HEIGHT="39" HPOS="397" VPOS="748" WIDTH="58" />
<String CONTENT="cm" HEIGHT="20" HPOS="456" STYLE="superscript" VPOS="749" WIDTH="43" />
<String CONTENT="." HEIGHT="6" HPOS="505" VPOS="780" WIDTH="7" />
</TextLine>
<TextLine CS="1" HEIGHT="50" HPOS="201" VPOS="801" WIDTH="1981">
<String CONTENT="&#169;" HEIGHT="50" HPOS="201" VPOS="801" WIDTH="51" />
<SP HEIGHT="50" HPOS="253" VPOS="801" WIDTH="33" />
<String CONTENT="May" HEIGHT="45" HPOS="287" VPOS="806" WIDTH="109" />
<SP HEIGHT="45" HPOS="397" VPOS="806" WIDTH="31" />
<String CONTENT="15." HEIGHT="39" HPOS="429" VPOS="804" WIDTH="67" />
<SP HEIGHT="38" HPOS="497" VPOS="805" WIDTH="31" />
<String CONTENT="1934;" HEIGHT="45" HPOS="529" VPOS="803" WIDTH="138" />
<SP HEIGHT="44" HPOS="668" VPOS="804" WIDTH="33" />
<String CONTENT="2c." HEIGHT="38" HPOS="702" VPOS="804" WIDTH="66" />
<SP HEIGHT="38" HPOS="769" VPOS="804" WIDTH="32" />
<String CONTENT="June" HEIGHT="39" HPOS="802" VPOS="804" WIDTH="124" />
<SP HEIGHT="39" HPOS="927" VPOS="804" WIDTH="31" />
<String CONTENT="27:" HEIGHT="39" HPOS="959" VPOS="804" WIDTH="80" />
<SP HEIGHT="29" HPOS="1040" VPOS="814" WIDTH="35" />
<String CONTENT="aff." CS="1" />
<SP HEIGHT="12" HPOS="1157" VPOS="829" WIDTH="32" />
<String CONTENT="June" HEIGHT="38" HPOS="1195" VPOS="803" WIDTH="120" />
<SP HEIGHT="37" HPOS="1316" VPOS="804" WIDTH="31" />
<String CONTENT="18;" HEIGHT="45" HPOS="1348" VPOS="802" WIDTH="80" />
<SP HEIGHT="45" HPOS="1429" VPOS="802" WIDTH="34" />
<String CONTENT="A" HEIGHT="38" HPOS="1464" VPOS="802" WIDTH="42" />
<SP HEIGHT="39" HPOS="1507" VPOS="802" WIDTH="31" />
<String CONTENT="74001;" HEIGHT="45" HPOS="1539" VPOS="802" WIDTH="167" />
<SP HEIGHT="44" HPOS="1707" VPOS="803" WIDTH="35" />
<String CONTENT="Lewis" HEIGHT="40" HPOS="1743" VPOS="801" WIDTH="154" />
<SP HEIGHT="38" HPOS="1898" VPOS="803" WIDTH="31" />
<String CONTENT="historical" HEIGHT="40" HPOS="1930" VPOS="801" WIDTH="252" />
</TextLine>
<TextLine HEIGHT="47" HPOS="272" VPOS="860" WIDTH="333">
<String CONTENT="pub." HEIGHT="46" HPOS="272" VPOS="861" WIDTH="107" />
<SP HEIGHT="28" HPOS="380" VPOS="872" WIDTH="27" />
<String CONTENT="co.," HEIGHT="34" HPOS="408" VPOS="871" WIDTH="78" />
<SP HEIGHT="45" HPOS="487" VPOS="860" WIDTH="28" />
<String CONTENT="inc." HEIGHT="40" HPOS="516" VPOS="860" WIDTH="89" />
</TextLine>
<TextLine HEIGHT="68" HPOS="196" STYLEREFS="StyleId-4783751E-C707-4D90-B373-A81CB54BBED5-" VPOS="960" WIDTH="1984">
<String CONTENT="Correlatives," HEIGHT="63" HPOS="196" VPOS="961" WIDTH="410" />
<SP HEIGHT="56" HPOS="607" VPOS="968" WIDTH="34" />
<String CONTENT="taken" HEIGHT="52" HPOS="642" VPOS="962" WIDTH="171" />
<SP HEIGHT="52" HPOS="814" VPOS="962" WIDTH="34" />
<String CONTENT="from" HEIGHT="50" HPOS="849" VPOS="962" WIDTH="152" />
<SP HEIGHT="54" HPOS="1002" VPOS="962" WIDTH="34" />
<String CONTENT="Genesis" HEIGHT="54" HPOS="1037" VPOS="962" WIDTH="231" />
<SP HEIGHT="46" HPOS="1269" VPOS="967" WIDTH="33" />
<String CONTENT="to" HEIGHT="46" HPOS="1303" VPOS="967" WIDTH="57" />
<SP HEIGHT="51" HPOS="1361" VPOS="962" WIDTH="33" />
<String CONTENT="Revelations" HEIGHT="53" HPOS="1395" VPOS="960" WIDTH="364" />
<SP HEIGHT="34" HPOS="1760" VPOS="980" WIDTH="34" />
<String CONTENT="of" HEIGHT="54" HPOS="1795" VPOS="960" WIDTH="62" />
<SP HEIGHT="53" HPOS="1858" VPOS="960" WIDTH="32" />
<String CONTENT="the" HEIGHT="51" HPOS="1891" VPOS="962" WIDTH="96" />
<SP HEIGHT="51" HPOS="1988" VPOS="961" WIDTH="33" />
<String CONTENT="King" HEIGHT="68" HPOS="2022" VPOS="960" WIDTH="158" />
</TextLine>
<TextLine HEIGHT="69" HPOS="271" STYLEREFS="StyleId-4783751E-C707-4D90-B373-A81CB54BBED5-" VPOS="1036" WIDTH="1911">
<String CONTENT="James" HEIGHT="53" HPOS="271" VPOS="1038" WIDTH="192" />
<SP HEIGHT="33" HPOS="464" VPOS="1057" WIDTH="26" />
<String CONTENT="version" HEIGHT="54" HPOS="491" VPOS="1037" WIDTH="220" />
<SP HEIGHT="33" HPOS="712" VPOS="1056" WIDTH="27" />
<String CONTENT="of" HEIGHT="52" HPOS="740" VPOS="1037" WIDTH="61" />
<SP HEIGHT="53" HPOS="802" VPOS="1037" WIDTH="24" />
<String CONTENT="the" HEIGHT="52" HPOS="827" VPOS="1038" WIDTH="93" />
<SP HEIGHT="50" HPOS="921" VPOS="1038" WIDTH="26" />
<String CONTENT="Bible," HEIGHT="67" HPOS="948" VPOS="1037" WIDTH="182" />
<SP HEIGHT="48" HPOS="1131" VPOS="1056" WIDTH="27" />
<String CONTENT="and" HEIGHT="52" HPOS="1159" VPOS="1037" WIDTH="109" />
<SP HEIGHT="53" HPOS="1269" VPOS="1036" WIDTH="28" />
<String CONTENT="Science" HEIGHT="53" HPOS="1298" VPOS="1036" WIDTH="225" />
<SP HEIGHT="32" HPOS="1524" VPOS="1055" WIDTH="26" />
<String CONTENT="and" HEIGHT="50" HPOS="1551" VPOS="1038" WIDTH="110" />
<SP HEIGHT="51" HPOS="1662" VPOS="1037" WIDTH="27" />
<String CONTENT="health" HEIGHT="51" HPOS="1690" VPOS="1037" WIDTH="191" />
<SP HEIGHT="50" HPOS="1882" VPOS="1037" WIDTH="28" />
<String CONTENT="with" HEIGHT="53" HPOS="1911" VPOS="1036" WIDTH="140" />
<SP HEIGHT="50" HPOS="2052" VPOS="1037" WIDTH="23" />
<String CONTENT="key" HEIGHT="68" HPOS="2076" VPOS="1037" WIDTH="106" />
</TextLine>
<TextLine HEIGHT="69" HPOS="275" STYLEREFS="StyleId-4783751E-C707-4D90-B373-A81CB54BBED5-" VPOS="1113" WIDTH="1907">
<String CONTENT="to" HEIGHT="47" HPOS="275" VPOS="1122" WIDTH="56" />
<SP HEIGHT="47" HPOS="332" VPOS="1122" WIDTH="35" />
<String CONTENT="the" HEIGHT="51" HPOS="368" VPOS="1116" WIDTH="93" />
<SP HEIGHT="53" HPOS="462" VPOS="1115" WIDTH="38" />
<String CONTENT="Scriptures," HEIGHT="67" HPOS="501" VPOS="1115" WIDTH="338" />
<SP HEIGHT="48" HPOS="840" VPOS="1134" WIDTH="35" />
<String CONTENT="and" HEIGHT="50" HPOS="876" VPOS="1117" WIDTH="110" />
<SP HEIGHT="65" HPOS="987" VPOS="1117" WIDTH="35" />
<String CONTENT="prose" HEIGHT="50" HPOS="1023" VPOS="1132" WIDTH="161" />
<SP HEIGHT="34" HPOS="1185" VPOS="1133" WIDTH="35" />
<String CONTENT="works," HEIGHT="68" HPOS="1221" VPOS="1113" WIDTH="199" />
<SP HEIGHT="68" HPOS="1421" VPOS="1113" WIDTH="33" />
<String CONTENT="by" HEIGHT="68" HPOS="1455" VPOS="1113" WIDTH="73" />
<SP HEIGHT="68" HPOS="1529" VPOS="1113" WIDTH="36" />
<String CONTENT="Mary" HEIGHT="67" HPOS="1566" VPOS="1113" WIDTH="167" />
<SP HEIGHT="66" HPOS="1734" VPOS="1114" WIDTH="37" />
<String CONTENT="Baker" HEIGHT="51" HPOS="1772" VPOS="1114" WIDTH="187" />
<SP HEIGHT="50" HPOS="1960" VPOS="1114" WIDTH="36" />
<String CONTENT="Eddy." HEIGHT="68" HPOS="1997" VPOS="1114" WIDTH="185" />
</TextLine>
<TextLine HEIGHT="68" HPOS="272" STYLEREFS="StyleId-4783751E-C707-4D90-B373-A81CB54BBED5-" VPOS="1191" WIDTH="1290">
<String CONTENT="Jamaica," HEIGHT="66" HPOS="272" VPOS="1192" WIDTH="272" />
<SP HEIGHT="65" HPOS="545" VPOS="1193" WIDTH="33" />
<String CONTENT="N." HEIGHT="50" HPOS="579" VPOS="1193" WIDTH="66" />
<SP HEIGHT="50" HPOS="646" VPOS="1193" WIDTH="36" />
<String CONTENT="Y.," HEIGHT="58" HPOS="683" VPOS="1193" WIDTH="88" />
<SP HEIGHT="58" HPOS="772" VPOS="1193" WIDTH="29" />
<String CONTENT="Helpful" HEIGHT="66" HPOS="802" VPOS="1193" WIDTH="247" />
<SP HEIGHT="54" HPOS="1050" VPOS="1192" WIDTH="31" />
<String CONTENT="books" HEIGHT="54" HPOS="1082" VPOS="1191" WIDTH="169" />
<SP HEIGHT="34" HPOS="1252" VPOS="1211" WIDTH="32" />
<String CONTENT="co.," HEIGHT="49" HPOS="1285" VPOS="1209" WIDTH="94" />
<SP HEIGHT="63" HPOS="1380" VPOS="1195" WIDTH="34" />
<String CONTENT="1934." HEIGHT="48" HPOS="1415" VPOS="1194" WIDTH="147" />
</TextLine>
<TextLine CS="1" HEIGHT="47" HPOS="271" VPOS="1265" WIDTH="529">
<String CONTENT="3" HEIGHT="38" HPOS="271" VPOS="1266" WIDTH="24" />
<SP />
<String CONTENT="p." HEIGHT="37" HPOS="327" VPOS="1275" WIDTH="42" />
<SP HEIGHT="39" HPOS="370" VPOS="1265" WIDTH="26" />
<String CONTENT="l.," CS="1" />
<SP HEIGHT="46" HPOS="442" VPOS="1266" WIDTH="29" />
<String CONTENT="118" HEIGHT="39" HPOS="472" VPOS="1265" WIDTH="87" />
<SP HEIGHT="47" HPOS="560" VPOS="1265" WIDTH="23" />
<String CONTENT="p." HEIGHT="37" HPOS="584" VPOS="1275" WIDTH="40" />
<SP HEIGHT="38" HPOS="625" VPOS="1266" WIDTH="60" />
<String CONTENT="17" HEIGHT="39" HPOS="686" VPOS="1265" WIDTH="55" />
<String CONTENT="cm" HEIGHT="21" HPOS="744" STYLE="superscript" VPOS="1266" WIDTH="44" />
<String CONTENT="." HEIGHT="8" HPOS="792" VPOS="1296" WIDTH="8" />
</TextLine>
<TextLine CS="1" HEIGHT="51" HPOS="204" VPOS="1321" WIDTH="1786">
<String CONTENT="&#169;" HEIGHT="51" HPOS="204" VPOS="1321" WIDTH="50" />
<SP HEIGHT="51" HPOS="255" VPOS="1321" WIDTH="25" />
<String CONTENT="Mar." HEIGHT="37" HPOS="281" VPOS="1327" WIDTH="120" />
<SP HEIGHT="36" HPOS="402" VPOS="1327" WIDTH="28" />
<String CONTENT="15." HEIGHT="38" HPOS="431" VPOS="1326" WIDTH="66" />
<SP HEIGHT="37" HPOS="498" VPOS="1326" WIDTH="28" />
<String CONTENT="1934;" CS="1" />
<SP HEIGHT="38" HPOS="667" VPOS="1325" WIDTH="29" />
<String CONTENT="2c." HEIGHT="39" HPOS="697" VPOS="1325" WIDTH="64" />
<SP HEIGHT="28" HPOS="762" VPOS="1335" WIDTH="30" />
<String CONTENT="and" HEIGHT="37" HPOS="793" VPOS="1326" WIDTH="94" />
<SP HEIGHT="38" HPOS="888" VPOS="1326" WIDTH="27" />
<String CONTENT="aff." CS="1" />
<SP HEIGHT="38" HPOS="997" VPOS="1325" WIDTH="28" />
<String CONTENT="Apr." HEIGHT="46" HPOS="1026" VPOS="1325" WIDTH="110" />
<SP HEIGHT="38" HPOS="1137" VPOS="1325" WIDTH="28" />
<String CONTENT="4;" CS="1" HEIGHT="37" HPOS="1166" VPOS="1325" WIDTH="25" />
<SP HEIGHT="45" HPOS="1218" VPOS="1324" WIDTH="31" />
<String CONTENT="A" HEIGHT="37" HPOS="1250" VPOS="1324" WIDTH="39" />
<SP HEIGHT="38" HPOS="1290" VPOS="1324" WIDTH="28" />
<String CONTENT="70911;" HEIGHT="47" HPOS="1319" VPOS="1322" WIDTH="166" />
<SP HEIGHT="45" HPOS="1486" VPOS="1324" WIDTH="35" />
<String CONTENT="Helpful" HEIGHT="47" HPOS="1522" VPOS="1324" WIDTH="199" />
<SP HEIGHT="38" HPOS="1722" VPOS="1325" WIDTH="27" />
<String CONTENT="books" HEIGHT="40" HPOS="1750" VPOS="1324" WIDTH="147" />
<SP HEIGHT="28" HPOS="1898" VPOS="1336" WIDTH="26" />
<String CONTENT="co." HEIGHT="29" HPOS="1925" VPOS="1335" WIDTH="65" />
</TextLine>
<TextLine HEIGHT="47" HPOS="280" VPOS="1382" WIDTH="276">
<String CONTENT="(34-16163)" HEIGHT="47" HPOS="280" VPOS="1382" WIDTH="276" />
</TextLine>
<TextLine HEIGHT="62" HPOS="203" STYLEREFS="StyleId-0F5F58A6-A678-4B56-AC6D-F6B9514D1671-" VPOS="1485" WIDTH="433">
<String CONTENT="Donne," HEIGHT="62" HPOS="203" VPOS="1485" WIDTH="214" />
<SP HEIGHT="61" HPOS="418" VPOS="1486" WIDTH="31" />
<String CONTENT="Clare." HEIGHT="55" HPOS="450" VPOS="1485" WIDTH="186" />
</TextLine>
<TextLine CS="1" HEIGHT="147" HPOS="208" STYLEREFS="StyleId-4783751E-C707-4D90-B373-A81CB54BBED5-" VPOS="1558" WIDTH="1953">
<String CONTENT="The" HEIGHT="52" HPOS="274" VPOS="1561" WIDTH="120" />
<SP HEIGHT="34" HPOS="395" VPOS="1579" WIDTH="20" />
<String CONTENT="unguarded" HEIGHT="68" HPOS="416" VPOS="1559" WIDTH="332" />
<SP HEIGHT="51" HPOS="749" VPOS="1559" WIDTH="19" />
<String CONTENT="moment," HEIGHT="61" HPOS="769" VPOS="1565" WIDTH="261" />
<SP HEIGHT="67" HPOS="1031" VPOS="1559" WIDTH="19" />
<String CONTENT="by" HEIGHT="68" HPOS="1051" VPOS="1559" WIDTH="70" />
<SP HEIGHT="69" HPOS="1122" VPOS="1558" WIDTH="27" />
<String CONTENT="Clare" HEIGHT="54" HPOS="1150" VPOS="1558" WIDTH="160" />
<SP HEIGHT="51" HPOS="1311" VPOS="1559" WIDTH="25" />
<String CONTENT="Donne" HEIGHT="51" HPOS="1337" VPOS="1559" WIDTH="198" />
<SP HEIGHT="34" HPOS="1536" VPOS="1577" WIDTH="26" />
<String CONTENT="&#8230;" CS="1" />
<SP HEIGHT="51" HPOS="1618" VPOS="1560" WIDTH="66" />
<String CONTENT="London," HEIGHT="67" HPOS="1685" VPOS="1559" WIDTH="249" />
<SP HEIGHT="66" HPOS="1935" VPOS="1560" WIDTH="20" />
<String CONTENT="T." HEIGHT="50" HPOS="1956" VPOS="1560" WIDTH="62" />
<SP HEIGHT="51" HPOS="2019" VPOS="1559" WIDTH="25" />
<String CONTENT="Butterworth," HEIGHT="146" HPOS="208" VPOS="1559" WIDTH="1953" />
<SP HEIGHT="68" HPOS="494" VPOS="1637" WIDTH="33" />
<String CONTENT="ltd." HEIGHT="54" HPOS="528" VPOS="1637" WIDTH="100" />
<SP HEIGHT="34" HPOS="629" VPOS="1671" WIDTH="42" />
<String CONTENT="[1934]" HEIGHT="65" HPOS="672" VPOS="1640" WIDTH="170" />
</TextLine>
<TextLine CS="1" HEIGHT="50" HPOS="275" VPOS="1708" WIDTH="377">
<String CONTENT="283," HEIGHT="48" HPOS="275" VPOS="1709" WIDTH="98" />
<SP HEIGHT="29" HPOS="374" VPOS="1729" WIDTH="34" />
<String CONTENT="[1]" HEIGHT="48" HPOS="409" VPOS="1710" WIDTH="53" />
<SP HEIGHT="37" HPOS="463" VPOS="1720" WIDTH="33" />
<String CONTENT="p." HEIGHT="36" HPOS="497" VPOS="1720" WIDTH="41" />
<SP HEIGHT="40" HPOS="539" VPOS="1710" WIDTH="57" />
<String CONTENT="19&#189;cm." CS="1" HEIGHT="40" HPOS="597" VPOS="1708" WIDTH="55" />
</TextLine>
<TextLine CS="1" HEIGHT="107" HPOS="205" STYLEREFS="StyleId-42D9791B-588C-4CE5-BDD1-C397E6C24C3D-" VPOS="1766" WIDTH="1965">
<String CONTENT="&#169;" HEIGHT="52" HPOS="205" VPOS="1766" WIDTH="51" />
<SP />
<String CONTENT="1c." CS="1" />
<SP />
<String CONTENT="May" HEIGHT="46" HPOS="385" VPOS="1771" WIDTH="111" />
<SP HEIGHT="46" HPOS="497" VPOS="1771" WIDTH="27" />
<String CONTENT="18," HEIGHT="47" HPOS="525" VPOS="1769" WIDTH="67" />
<SP HEIGHT="45" HPOS="593" VPOS="1771" WIDTH="29" />
<String CONTENT="1934;" CS="1" />
<SP HEIGHT="38" HPOS="763" VPOS="1770" WIDTH="31" />
<String CONTENT="A" HEIGHT="37" HPOS="795" VPOS="1770" WIDTH="40" />
<SP HEIGHT="38" HPOS="836" VPOS="1770" WIDTH="28" />
<String CONTENT="ad" HEIGHT="38" HPOS="865" VPOS="1770" WIDTH="59" />
<SP HEIGHT="39" HPOS="925" VPOS="1769" WIDTH="30" />
<String CONTENT="int." HEIGHT="39" HPOS="956" VPOS="1769" WIDTH="83" />
<SP HEIGHT="37" HPOS="1040" VPOS="1770" WIDTH="31" />
<String CONTENT="18965;" HEIGHT="47" HPOS="1072" VPOS="1767" WIDTH="167" />
<SP HEIGHT="36" HPOS="1240" VPOS="1779" WIDTH="32" />
<String CONTENT="pubd." HEIGHT="46" HPOS="1273" VPOS="1769" WIDTH="141" />
<SP HEIGHT="37" HPOS="1415" VPOS="1770" WIDTH="32" />
<String CONTENT="Mar." HEIGHT="38" HPOS="1448" VPOS="1770" WIDTH="120" />
<SP HEIGHT="39" HPOS="1569" VPOS="1769" WIDTH="30" />
<String CONTENT="20;" HEIGHT="46" HPOS="1600" VPOS="1769" WIDTH="81" />
<SP HEIGHT="45" HPOS="1682" VPOS="1770" WIDTH="33" />
<String CONTENT="Thornton" HEIGHT="39" HPOS="1716" VPOS="1770" WIDTH="248" />
<SP HEIGHT="37" HPOS="1965" VPOS="1772" WIDTH="30" />
<String CONTENT="Butterworth," HEIGHT="102" HPOS="273" VPOS="1771" WIDTH="1897" />
<SP HEIGHT="45" HPOS="442" VPOS="1828" WIDTH="25" />
<String CONTENT="ltd." HEIGHT="40" HPOS="468" VPOS="1826" WIDTH="87" />
<SP HEIGHT="46" HPOS="556" VPOS="1827" WIDTH="70" />
<String CONTENT="(34-17657)" HEIGHT="47" HPOS="627" VPOS="1826" WIDTH="276" />
</TextLine>
<TextLine HEIGHT="65" HPOS="202" STYLEREFS="StyleId-6C6CB4FD-D03D-4BB5-B713-E500F2869840-" VPOS="1931" WIDTH="739">
<String CONTENT="Duveen," HEIGHT="64" HPOS="202" VPOS="1932" WIDTH="255" />
<SP HEIGHT="65" HPOS="458" VPOS="1931" WIDTH="29" />
<String CONTENT="James" HEIGHT="53" HPOS="488" VPOS="1931" WIDTH="201" />
<SP HEIGHT="51" HPOS="690" VPOS="1932" WIDTH="29" />
<String CONTENT="Henry." HEIGHT="61" HPOS="720" VPOS="1932" WIDTH="221" />
</TextLine>
<TextLine HEIGHT="68" HPOS="267" STYLEREFS="StyleId-43635B0A-0309-4470-A105-91BF49854720-" VPOS="2006" WIDTH="617">
<String CONTENT="Money" HEIGHT="66" HPOS="267" VPOS="2008" WIDTH="208" />
<SP HEIGHT="66" HPOS="476" VPOS="2008" WIDTH="28" />
<String CONTENT="for" HEIGHT="50" HPOS="505" VPOS="2008" WIDTH="94" />
<SP HEIGHT="33" HPOS="600" VPOS="2026" WIDTH="26" />
<String CONTENT="nothing." HEIGHT="68" HPOS="627" VPOS="2006" WIDTH="257" />
</TextLine>
<TextLine HEIGHT="52" HPOS="284" STYLEREFS="StyleId-70634740-EB30-4EC2-B95E-78A3D1AF132B-" VPOS="2077" WIDTH="958">
<String CONTENT="(In" HEIGHT="47" HPOS="284" VPOS="2082" WIDTH="82" />
<SP HEIGHT="42" HPOS="367" VPOS="2077" WIDTH="25" />
<String CONTENT="London" HEIGHT="42" HPOS="393" VPOS="2077" WIDTH="198" />
<SP HEIGHT="42" HPOS="592" VPOS="2077" WIDTH="27" />
<String CONTENT="People," HEIGHT="51" HPOS="620" VPOS="2077" WIDTH="193" />
<SP HEIGHT="50" HPOS="814" VPOS="2077" WIDTH="27" />
<String CONTENT="June" HEIGHT="42" HPOS="842" VPOS="2077" WIDTH="124" />
<SP HEIGHT="41" HPOS="967" VPOS="2078" WIDTH="31" />
<String CONTENT="10," HEIGHT="49" HPOS="999" VPOS="2078" WIDTH="70" />
<SP HEIGHT="50" HPOS="1070" VPOS="2077" WIDTH="30" />
<String CONTENT="1934)" HEIGHT="49" HPOS="1101" VPOS="2077" WIDTH="141" />
</TextLine>
<TextLine CS="1" HEIGHT="51" HPOS="208" STYLEREFS="StyleId-42D9791B-588C-4CE5-BDD1-C397E6C24C3D-" VPOS="2134" WIDTH="1978">
<String CONTENT="&#169;" HEIGHT="51" HPOS="208" VPOS="2134" WIDTH="53" />
<SP />
<String CONTENT="1c." CS="1" />
<SP />
<String CONTENT="June" HEIGHT="38" HPOS="398" VPOS="2138" WIDTH="124" />
<SP HEIGHT="39" HPOS="523" VPOS="2137" WIDTH="32" />
<String CONTENT="23," HEIGHT="46" HPOS="556" VPOS="2137" WIDTH="68" />
<SP HEIGHT="45" HPOS="625" VPOS="2138" WIDTH="34" />
<String CONTENT="1934;" CS="1" />
<SP HEIGHT="39" HPOS="801" VPOS="2137" WIDTH="36" />
<String CONTENT="A" HEIGHT="37" HPOS="838" VPOS="2137" WIDTH="39" />
<SP HEIGHT="38" HPOS="878" VPOS="2137" WIDTH="34" />
<String CONTENT="ad" HEIGHT="37" HPOS="913" VPOS="2138" WIDTH="61" />
<SP HEIGHT="38" HPOS="975" VPOS="2137" WIDTH="33" />
<String CONTENT="int." HEIGHT="38" HPOS="1009" VPOS="2137" WIDTH="85" />
<SP HEIGHT="38" HPOS="1095" VPOS="2137" WIDTH="34" />
<String CONTENT="19162;" HEIGHT="42" HPOS="1130" VPOS="2136" WIDTH="168" />
<SP HEIGHT="37" HPOS="1299" VPOS="2147" WIDTH="38" />
<String CONTENT="pubd." HEIGHT="46" HPOS="1338" VPOS="2138" WIDTH="140" />
<SP HEIGHT="40" HPOS="1479" VPOS="2137" WIDTH="37" />
<String CONTENT="June" HEIGHT="39" HPOS="1517" VPOS="2137" WIDTH="126" />
<SP HEIGHT="37" HPOS="1644" VPOS="2139" WIDTH="32" />
<String CONTENT="10;" HEIGHT="46" HPOS="1677" VPOS="2137" WIDTH="81" />
<SP HEIGHT="45" HPOS="1759" VPOS="2138" WIDTH="39" />
<String CONTENT="J." HEIGHT="39" HPOS="1799" VPOS="2138" WIDTH="41" />
<SP HEIGHT="38" HPOS="1841" VPOS="2138" WIDTH="37" />
<String CONTENT="H." HEIGHT="39" HPOS="1879" VPOS="2138" WIDTH="59" />
<SP HEIGHT="39" HPOS="1939" VPOS="2138" WIDTH="35" />
<String CONTENT="Duveen," HEIGHT="46" HPOS="1975" VPOS="2138" WIDTH="211" />
</TextLine>
<TextLine HEIGHT="38" HPOS="278" STYLEREFS="StyleId-42D9791B-588C-4CE5-BDD1-C397E6C24C3D-" VPOS="2195" WIDTH="208">
<String CONTENT="London." HEIGHT="38" HPOS="278" VPOS="2195" WIDTH="208" />
</TextLine>
<TextLine CS="1" HEIGHT="69" HPOS="202" STYLEREFS="StyleId-43635B0A-0309-4470-A105-91BF49854720-" VPOS="2281" WIDTH="1984">
<String CONTENT="The" HEIGHT="52" HPOS="202" VPOS="2282" WIDTH="120" />
<SP HEIGHT="35" HPOS="323" VPOS="2301" WIDTH="52" />
<String CONTENT="engineering" HEIGHT="66" HPOS="376" VPOS="2281" WIDTH="382" />
<SP HEIGHT="64" HPOS="759" VPOS="2283" WIDTH="50" />
<String CONTENT="index" HEIGHT="51" HPOS="810" VPOS="2283" WIDTH="170" />
<SP HEIGHT="31" HPOS="981" VPOS="2302" WIDTH="57" />
<String CONTENT="&#8230;" CS="1" />
<SP HEIGHT="47" HPOS="1093" VPOS="2289" WIDTH="60" />
<String CONTENT="1933." HEIGHT="50" HPOS="1154" VPOS="2286" WIDTH="147" />
<SP HEIGHT="49" HPOS="1302" VPOS="2285" WIDTH="74" />
<String CONTENT="New" HEIGHT="49" HPOS="1377" VPOS="2285" WIDTH="137" />
<SP HEIGHT="50" HPOS="1515" VPOS="2286" WIDTH="53" />
<String CONTENT="York," HEIGHT="65" HPOS="1569" VPOS="2284" WIDTH="178" />
<SP HEIGHT="63" HPOS="1748" VPOS="2286" WIDTH="52" />
<String CONTENT="N." HEIGHT="51" HPOS="1801" VPOS="2286" WIDTH="68" />
<SP HEIGHT="52" HPOS="1870" VPOS="2285" WIDTH="54" />
<String CONTENT="Y.," HEIGHT="65" HPOS="1925" VPOS="2285" WIDTH="89" />
<SP HEIGHT="65" HPOS="2015" VPOS="2285" WIDTH="51" />
<String CONTENT="The" HEIGHT="52" HPOS="2067" VPOS="2284" WIDTH="119" />
</TextLine>
<TextLine CS="1" HEIGHT="68" HPOS="268" STYLEREFS="StyleId-43635B0A-0309-4470-A105-91BF49854720-" VPOS="2360" WIDTH="1636">
<String CONTENT="American" HEIGHT="52" HPOS="268" VPOS="2360" WIDTH="308" />
<SP HEIGHT="33" HPOS="577" VPOS="2379" WIDTH="43" />
<String CONTENT="society" HEIGHT="67" HPOS="621" VPOS="2360" WIDTH="208" />
<SP HEIGHT="49" HPOS="830" VPOS="2378" WIDTH="44" />
<String CONTENT="of" HEIGHT="51" HPOS="875" VPOS="2361" WIDTH="61" />
<SP HEIGHT="50" HPOS="937" VPOS="2361" WIDTH="43" />
<String CONTENT="mechanical" HEIGHT="52" HPOS="981" VPOS="2360" WIDTH="344" />
<SP HEIGHT="51" HPOS="1326" VPOS="2362" WIDTH="45" />
<String CONTENT="engineers" HEIGHT="65" HPOS="1372" VPOS="2363" WIDTH="291" />
<SP HEIGHT="47" HPOS="1664" VPOS="2381" WIDTH="49" />
<String CONTENT="[c1934" CS="1" STYLE="subscript" />
<String CONTENT="]" HEIGHT="32" HPOS="1893" VPOS="2395" WIDTH="11" />
</TextLine>
<TextLine CS="1" HEIGHT="47" HPOS="276" STYLEREFS="StyleId-42D9791B-588C-4CE5-BDD1-C397E6C24C3D-" VPOS="2434" WIDTH="545">
<String CONTENT="xxix," HEIGHT="45" HPOS="276" VPOS="2435" WIDTH="130" />
<SP HEIGHT="45" HPOS="407" VPOS="2435" WIDTH="28" />
<String CONTENT="1338" HEIGHT="40" HPOS="436" VPOS="2434" WIDTH="113" />
<SP HEIGHT="47" HPOS="550" VPOS="2434" WIDTH="27" />
<String CONTENT="p." HEIGHT="36" HPOS="578" VPOS="2445" WIDTH="42" />
<SP HEIGHT="37" HPOS="621" VPOS="2435" WIDTH="55" />
<String CONTENT="26&#189;" CS="1" HEIGHT="39" HPOS="677" VPOS="2434" WIDTH="54" />
<String CONTENT="cm" HEIGHT="20" HPOS="765" STYLE="superscript" VPOS="2436" WIDTH="43" />
<String CONTENT="." HEIGHT="7" HPOS="814" VPOS="2466" WIDTH="7" />
</TextLine>
<TextLine CS="1" HEIGHT="107" HPOS="209" STYLEREFS="StyleId-42D9791B-588C-4CE5-BDD1-C397E6C24C3D-" VPOS="2487" WIDTH="1963">
<String CONTENT="&#169;" HEIGHT="51" HPOS="209" VPOS="2487" WIDTH="51" />
<SP HEIGHT="51" HPOS="261" VPOS="2487" WIDTH="26" />
<String CONTENT="July" HEIGHT="46" HPOS="288" VPOS="2492" WIDTH="113" />
<SP HEIGHT="47" HPOS="402" VPOS="2491" WIDTH="23" />
<String CONTENT="2." HEIGHT="39" HPOS="426" VPOS="2491" WIDTH="39" />
<SP HEIGHT="38" HPOS="466" VPOS="2492" WIDTH="26" />
<String CONTENT="1934;" HEIGHT="44" HPOS="493" VPOS="2491" WIDTH="138" />
<SP HEIGHT="44" HPOS="632" VPOS="2491" WIDTH="27" />
<String CONTENT="2c." HEIGHT="38" HPOS="660" VPOS="2491" WIDTH="64" />
<SP HEIGHT="38" HPOS="725" VPOS="2491" WIDTH="27" />
<String CONTENT="July" CS="1" HEIGHT="38" HPOS="753" VPOS="2491" WIDTH="82" />
<SP HEIGHT="38" HPOS="869" VPOS="2491" WIDTH="24" />
<String CONTENT="5;" HEIGHT="44" HPOS="894" VPOS="2491" WIDTH="50" />
<SP HEIGHT="34" HPOS="945" VPOS="2501" WIDTH="30" />
<String CONTENT="aff." CS="1" />
<SP HEIGHT="38" HPOS="1057" VPOS="2491" WIDTH="27" />
<String CONTENT="July" HEIGHT="46" HPOS="1085" VPOS="2491" WIDTH="112" />
<SP HEIGHT="45" HPOS="1198" VPOS="2492" WIDTH="25" />
<String CONTENT="3;" HEIGHT="45" HPOS="1224" VPOS="2492" WIDTH="51" />
<SP HEIGHT="45" HPOS="1276" VPOS="2492" WIDTH="28" />
<String CONTENT="A" HEIGHT="37" HPOS="1305" VPOS="2492" WIDTH="39" />
<SP HEIGHT="38" HPOS="1345" VPOS="2492" WIDTH="25" />
<String CONTENT="74149;" HEIGHT="46" HPOS="1371" VPOS="2491" WIDTH="168" />
<SP HEIGHT="45" HPOS="1540" VPOS="2492" WIDTH="28" />
<String CONTENT="Ainer." HEIGHT="38" HPOS="1569" VPOS="2492" WIDTH="155" />
<SP HEIGHT="28" HPOS="1725" VPOS="2503" WIDTH="28" />
<String CONTENT="soc." HEIGHT="30" HPOS="1754" VPOS="2501" WIDTH="91" />
<SP HEIGHT="27" HPOS="1846" VPOS="2504" WIDTH="29" />
<String CONTENT="of" HEIGHT="40" HPOS="1876" VPOS="2491" WIDTH="50" />
<SP HEIGHT="38" HPOS="1927" VPOS="2491" WIDTH="25" />
<String CONTENT="mechanical" HEIGHT="97" HPOS="276" VPOS="2490" WIDTH="1896" />
<SP HEIGHT="39" HPOS="349" VPOS="2549" WIDTH="28" />
<String CONTENT="engineers." HEIGHT="47" HPOS="378" VPOS="2547" WIDTH="262" />
</TextLine>
<TextLine HEIGHT="69" HPOS="202" STYLEREFS="StyleId-0F5F58A6-A678-4B56-AC6D-F6B9514D1671-" VPOS="2631" WIDTH="961">
<String CONTENT="Firkins," HEIGHT="68" HPOS="202" VPOS="2631" WIDTH="254" />
<SP HEIGHT="64" HPOS="457" VPOS="2635" WIDTH="31" />
<String CONTENT="Oscar" HEIGHT="53" HPOS="489" VPOS="2635" WIDTH="182" />
<SP HEIGHT="52" HPOS="672" VPOS="2636" WIDTH="28" />
<String CONTENT="W.," HEIGHT="64" HPOS="701" VPOS="2636" WIDTH="105" />
<SP HEIGHT="59" HPOS="807" VPOS="2641" WIDTH="34" />
<String CONTENT="1864-1932." HEIGHT="51" HPOS="842" VPOS="2637" WIDTH="321" />
</TextLine>
<TextLine HEIGHT="69" HPOS="282" STYLEREFS="StyleId-4783751E-C707-4D90-B373-A81CB54BBED5-" VPOS="2709" WIDTH="1909">
<String CONTENT="Memoirs" HEIGHT="52" HPOS="282" VPOS="2711" WIDTH="268" />
<SP HEIGHT="34" HPOS="551" VPOS="2730" WIDTH="23" />
<String CONTENT="and" HEIGHT="52" HPOS="575" VPOS="2712" WIDTH="109" />
<SP HEIGHT="50" HPOS="685" VPOS="2712" WIDTH="26" />
<String CONTENT="letters" HEIGHT="53" HPOS="712" VPOS="2712" WIDTH="193" />
<SP HEIGHT="35" HPOS="906" VPOS="2730" WIDTH="23" />
<String CONTENT="of" HEIGHT="53" HPOS="930" VPOS="2710" WIDTH="63" />
<SP HEIGHT="54" HPOS="994" VPOS="2709" WIDTH="26" />
<String CONTENT="Oscar" HEIGHT="54" HPOS="1021" VPOS="2709" WIDTH="173" />
<SP HEIGHT="50" HPOS="1195" VPOS="2712" WIDTH="26" />
<String CONTENT="IV." HEIGHT="51" HPOS="1222" VPOS="2712" WIDTH="84" />
<SP HEIGHT="51" HPOS="1307" VPOS="2712" WIDTH="29" />
<String CONTENT="Firkins." HEIGHT="55" HPOS="1337" VPOS="2711" WIDTH="245" />
<SP HEIGHT="54" HPOS="1583" VPOS="2712" WIDTH="62" />
<String CONTENT="Minneapolls," HEIGHT="68" HPOS="1646" VPOS="2710" WIDTH="398" />
<SP HEIGHT="67" HPOS="2045" VPOS="2711" WIDTH="26" />
<String CONTENT="The" HEIGHT="52" HPOS="2072" VPOS="2711" WIDTH="119" />
</TextLine>
<TextLine HEIGHT="70" HPOS="213" STYLEREFS="StyleId-4783751E-C707-4D90-B373-A81CB54BBED5-" VPOS="2786" WIDTH="1189">
<String CONTENT="University" HEIGHT="68" HPOS="213" VPOS="2787" WIDTH="330" />
<SP HEIGHT="49" HPOS="544" VPOS="2806" WIDTH="30" />
<String CONTENT="of" HEIGHT="51" HPOS="575" VPOS="2788" WIDTH="62" />
<SP HEIGHT="51" HPOS="638" VPOS="2787" WIDTH="29" />
<String CONTENT="Minnesota" HEIGHT="57" HPOS="668" VPOS="2786" WIDTH="319" />
<SP HEIGHT="49" HPOS="988" VPOS="2806" WIDTH="30" />
<String CONTENT="press" HEIGHT="49" HPOS="1019" VPOS="2806" WIDTH="154" />
<SP HEIGHT="48" HPOS="1174" VPOS="2808" WIDTH="37" />
<String CONTENT="[" HEIGHT="33" HPOS="1212" VPOS="2823" WIDTH="12" />
<String CONTENT="c" HEIGHT="21" HPOS="1229" STYLE="superscript" VPOS="2795" WIDTH="18" />
<String CONTENT="1934]" HEIGHT="64" HPOS="1252" VPOS="2792" WIDTH="150" />
</TextLine>
<TextLine CS="1" HEIGHT="51" HPOS="280" VPOS="2857" WIDTH="1226">
<String CONTENT="vii," HEIGHT="49" HPOS="280" VPOS="2857" WIDTH="79" />
<SP HEIGHT="46" HPOS="360" VPOS="2860" WIDTH="30" />
<String CONTENT="312" HEIGHT="39" HPOS="391" VPOS="2859" WIDTH="83" />
<SP HEIGHT="46" HPOS="475" VPOS="2859" WIDTH="31" />
<String CONTENT="p." HEIGHT="36" HPOS="507" VPOS="2869" WIDTH="42" />
<SP HEIGHT="40" HPOS="550" VPOS="2858" WIDTH="30" />
<String CONTENT="incl." HEIGHT="41" HPOS="581" VPOS="2858" WIDTH="107" />
<SP HEIGHT="40" HPOS="689" VPOS="2859" WIDTH="29" />
<String CONTENT="front." CS="1" />
<SP HEIGHT="46" HPOS="868" VPOS="2859" WIDTH="28" />
<String CONTENT="(mounted" HEIGHT="46" HPOS="897" VPOS="2859" WIDTH="250" />
<SP HEIGHT="45" HPOS="1148" VPOS="2862" WIDTH="28" />
<String CONTENT="port.)" HEIGHT="45" HPOS="1177" VPOS="2863" WIDTH="146" />
<SP HEIGHT="45" HPOS="1324" VPOS="2863" WIDTH="67" />
<String CONTENT="21" HEIGHT="37" HPOS="1392" VPOS="2863" WIDTH="52" />
<String CONTENT="cm" HEIGHT="20" HPOS="1450" STYLE="superscript" VPOS="2865" WIDTH="41" />
<String CONTENT="." HEIGHT="7" HPOS="1499" VPOS="2894" WIDTH="7" />
</TextLine>
<TextLine CS="1" HEIGHT="48" HPOS="280" VPOS="2915" WIDTH="1077">
<String CONTENT="Preface" HEIGHT="40" HPOS="280" VPOS="2915" WIDTH="202" />
<SP HEIGHT="28" HPOS="483" VPOS="2926" WIDTH="28" />
<String CONTENT="signed:" CS="1" HEIGHT="47" HPOS="512" VPOS="2915" WIDTH="165" />
<SP HEIGHT="37" HPOS="704" VPOS="2917" WIDTH="32" />
<String CONTENT="Ina" HEIGHT="38" HPOS="737" LANG="de" VPOS="2917" WIDTH="87" />
<SP HEIGHT="38" HPOS="825" VPOS="2917" WIDTH="31" />
<String CONTENT="Ten" HEIGHT="38" HPOS="857" VPOS="2917" WIDTH="99" />
<SP HEIGHT="38" HPOS="957" VPOS="2917" WIDTH="29" />
<String CONTENT="Eyck" HEIGHT="46" HPOS="987" VPOS="2917" WIDTH="131" />
<SP HEIGHT="39" HPOS="1119" VPOS="2917" WIDTH="29" />
<String CONTENT="Firkins." HEIGHT="41" HPOS="1149" VPOS="2917" WIDTH="208" />
</TextLine>
<TextLine HEIGHT="50" HPOS="279" VPOS="2971" WIDTH="734">
<String CONTENT="Bibliography:" HEIGHT="48" HPOS="279" VPOS="2971" WIDTH="373" />
<SP HEIGHT="36" HPOS="653" VPOS="2983" WIDTH="33" />
<String CONTENT="p." HEIGHT="36" HPOS="687" VPOS="2983" WIDTH="41" />
<SP HEIGHT="29" HPOS="729" VPOS="2992" WIDTH="38" />
<String CONTENT="[287]-310." HEIGHT="50" HPOS="768" VPOS="2971" WIDTH="245" />
</TextLine>
<TextLine CS="1" HEIGHT="56" HPOS="211" VPOS="3027" WIDTH="1755">
<String CONTENT="&#169;" HEIGHT="51" HPOS="211" VPOS="3027" WIDTH="50" />
<SP HEIGHT="51" HPOS="262" VPOS="3027" WIDTH="28" />
<String CONTENT="May" HEIGHT="46" HPOS="291" VPOS="3033" WIDTH="113" />
<SP HEIGHT="46" HPOS="405" VPOS="3033" WIDTH="23" />
<String CONTENT="26," HEIGHT="45" HPOS="429" VPOS="3033" WIDTH="67" />
<SP HEIGHT="44" HPOS="497" VPOS="3034" WIDTH="26" />
<String CONTENT="1934;" HEIGHT="44" HPOS="524" VPOS="3032" WIDTH="139" />
<SP HEIGHT="43" HPOS="664" VPOS="3033" WIDTH="26" />
<String CONTENT="2c." HEIGHT="39" HPOS="691" VPOS="3033" WIDTH="66" />
<SP HEIGHT="39" HPOS="758" VPOS="3033" WIDTH="27" />
<String CONTENT="June" HEIGHT="38" HPOS="786" VPOS="3033" WIDTH="125" />
<SP HEIGHT="37" HPOS="912" VPOS="3034" WIDTH="23" />
<String CONTENT="15;" HEIGHT="44" HPOS="936" VPOS="3033" WIDTH="80" />
<SP HEIGHT="34" HPOS="1017" VPOS="3043" WIDTH="29" />
<String CONTENT="aff." CS="1" />
<SP HEIGHT="40" HPOS="1127" VPOS="3033" WIDTH="28" />
<String CONTENT="June" HEIGHT="40" HPOS="1156" VPOS="3033" WIDTH="125" />
<SP HEIGHT="36" HPOS="1282" VPOS="3037" WIDTH="25" />
<String CONTENT="13;" CS="1" HEIGHT="38" HPOS="1308" VPOS="3036" WIDTH="52" />
<SP HEIGHT="44" HPOS="1388" VPOS="3035" WIDTH="29" />
<String CONTENT="A" HEIGHT="38" HPOS="1418" VPOS="3035" WIDTH="40" />
<SP HEIGHT="40" HPOS="1459" VPOS="3035" WIDTH="26" />
<String CONTENT="73091;" HEIGHT="45" HPOS="1486" VPOS="3035" WIDTH="168" />
<SP HEIGHT="44" HPOS="1655" VPOS="3036" WIDTH="31" />
<String CONTENT="University" HEIGHT="49" HPOS="1687" VPOS="3034" WIDTH="279" />
</TextLine>
<TextLine CS="1" HEIGHT="102" HPOS="277" VPOS="3034" WIDTH="1897">
<String CONTENT="of" HEIGHT="40" HPOS="1995" VPOS="3035" WIDTH="50" />
<SP HEIGHT="40" HPOS="2046" VPOS="3035" WIDTH="26" />
<String CONTENT="Minnesota," HEIGHT="101" HPOS="277" VPOS="3034" WIDTH="1897" />
<SP HEIGHT="45" HPOS="460" VPOS="3090" WIDTH="30" />
<String CONTENT="Minneapolis." HEIGHT="48" HPOS="491" VPOS="3088" WIDTH="333" />
<SP HEIGHT="46" HPOS="825" VPOS="3089" WIDTH="70" />
<String CONTENT="(34-27148)" HEIGHT="47" HPOS="896" VPOS="3089" WIDTH="276" />
</TextLine>
<TextLine HEIGHT="66" HPOS="210" STYLEREFS="StyleId-0F5F58A6-A678-4B56-AC6D-F6B9514D1671-" VPOS="3178" WIDTH="906">
<String CONTENT="Ford," HEIGHT="65" HPOS="210" VPOS="3178" WIDTH="164" />
<SP HEIGHT="63" HPOS="375" VPOS="3180" WIDTH="27" />
<String CONTENT="Harry" HEIGHT="62" HPOS="403" VPOS="3180" WIDTH="201" />
<SP HEIGHT="62" HPOS="605" VPOS="3180" WIDTH="27" />
<String CONTENT="Egerton," HEIGHT="64" HPOS="633" VPOS="3180" WIDTH="279" />
<SP HEIGHT="60" HPOS="913" VPOS="3184" WIDTH="31" />
<String CONTENT="1873-" HEIGHT="54" HPOS="945" VPOS="3179" WIDTH="171" />
</TextLine>
<TextLine HEIGHT="70" HPOS="289" STYLEREFS="StyleId-4783751E-C707-4D90-B373-A81CB54BBED5-" VPOS="3255" WIDTH="1900">
<String CONTENT="Exercises" HEIGHT="52" HPOS="289" VPOS="3256" WIDTH="284" />
<SP HEIGHT="34" HPOS="574" VPOS="3273" WIDTH="25" />
<String CONTENT="and" HEIGHT="49" HPOS="600" VPOS="3256" WIDTH="109" />
<SP HEIGHT="50" HPOS="710" VPOS="3256" WIDTH="25" />
<String CONTENT="vocabulary" HEIGHT="68" HPOS="736" VPOS="3255" WIDTH="338" />
<SP HEIGHT="67" HPOS="1075" VPOS="3256" WIDTH="25" />
<String CONTENT="for" HEIGHT="52" HPOS="1101" VPOS="3256" WIDTH="91" />
<SP HEIGHT="50" HPOS="1193" VPOS="3257" WIDTH="23" />
<String CONTENT="A" HEIGHT="50" HPOS="1217" VPOS="3257" WIDTH="52" />
<SP HEIGHT="50" HPOS="1270" VPOS="3257" WIDTH="24" />
<String CONTENT="new" HEIGHT="33" HPOS="1295" VPOS="3276" WIDTH="116" />
<SP HEIGHT="49" HPOS="1412" VPOS="3259" WIDTH="29" />
<String CONTENT="French" HEIGHT="52" HPOS="1442" VPOS="3259" WIDTH="219" />
<SP HEIGHT="52" HPOS="1662" VPOS="3259" WIDTH="24" />
<String CONTENT="reader," HEIGHT="65" HPOS="1687" VPOS="3259" WIDTH="212" />
<SP HEIGHT="67" HPOS="1900" VPOS="3257" WIDTH="22" />
<String CONTENT="by" HEIGHT="68" HPOS="1923" VPOS="3257" WIDTH="71" />
<SP HEIGHT="66" HPOS="1995" VPOS="3259" WIDTH="27" />
<String CONTENT="H." HEIGHT="52" HPOS="2023" VPOS="3259" WIDTH="73" />
<SP HEIGHT="54" HPOS="2097" VPOS="3257" WIDTH="25" />
<String CONTENT="E." HEIGHT="52" HPOS="2123" VPOS="3257" WIDTH="66" />
</TextLine>
<TextLine CS="1" HEIGHT="70" HPOS="221" STYLEREFS="StyleId-4783751E-C707-4D90-B373-A81CB54BBED5-" VPOS="3332" WIDTH="1971">
<String CONTENT="Ford" HEIGHT="53" HPOS="221" VPOS="3332" WIDTH="149" />
<SP HEIGHT="54" HPOS="371" VPOS="3332" WIDTH="33" />
<String CONTENT="and" HEIGHT="54" HPOS="405" VPOS="3332" WIDTH="112" />
<SP HEIGHT="50" HPOS="518" VPOS="3332" WIDTH="31" />
<String CONTENT="R." HEIGHT="49" HPOS="550" VPOS="3333" WIDTH="64" />
<SP HEIGHT="49" HPOS="615" VPOS="3333" WIDTH="36" />
<String CONTENT="K." HEIGHT="50" HPOS="652" VPOS="3333" WIDTH="69" />
<SP HEIGHT="50" HPOS="722" VPOS="3333" WIDTH="34" />
<String CONTENT="Hicks" HEIGHT="54" HPOS="757" VPOS="3332" WIDTH="179" />
<SP HEIGHT="33" HPOS="937" VPOS="3353" WIDTH="37" />
<String CONTENT="&#8230;" CS="1" />
<SP HEIGHT="52" HPOS="1029" VPOS="3333" WIDTH="72" />
<String CONTENT="New" HEIGHT="52" HPOS="1102" VPOS="3333" WIDTH="133" />
<SP HEIGHT="50" HPOS="1236" VPOS="3335" WIDTH="39" />
<String CONTENT="York," HEIGHT="67" HPOS="1276" VPOS="3335" WIDTH="173" />
<SP HEIGHT="66" HPOS="1450" VPOS="3336" WIDTH="38" />
<String CONTENT="H." HEIGHT="50" HPOS="1489" VPOS="3336" WIDTH="68" />
<SP HEIGHT="50" HPOS="1558" VPOS="3336" WIDTH="36" />
<String CONTENT="Holt" HEIGHT="52" HPOS="1595" VPOS="3336" WIDTH="143" />
<SP HEIGHT="45" HPOS="1739" VPOS="3343" WIDTH="34" />
<String CONTENT="and" HEIGHT="51" HPOS="1774" VPOS="3336" WIDTH="108" />
<SP HEIGHT="50" HPOS="1883" VPOS="3336" WIDTH="36" />
<String CONTENT="company" HEIGHT="48" HPOS="1920" VPOS="3353" WIDTH="272" />
</TextLine>
<TextLine CS="1" HEIGHT="65" HPOS="237" STYLEREFS="StyleId-4783751E-C707-4D90-B373-A81CB54BBED5-" VPOS="3412" WIDTH="173">
<String CONTENT="[" CS="1" />
<String CONTENT="c" HEIGHT="21" HPOS="237" STYLE="superscript" VPOS="3417" WIDTH="18" />
<String CONTENT="1934]" HEIGHT="65" HPOS="260" VPOS="3412" WIDTH="150" />
</TextLine>
<TextLine CS="1" HEIGHT="47" HPOS="283" VPOS="3481" WIDTH="788">
<String CONTENT="1" HEIGHT="37" HPOS="283" VPOS="3482" WIDTH="24" />
<SP HEIGHT="46" HPOS="308" VPOS="3482" WIDTH="30" />
<String CONTENT="p." HEIGHT="36" HPOS="339" VPOS="3492" WIDTH="41" />
<SP HEIGHT="38" HPOS="381" VPOS="3482" WIDTH="28" />
<String CONTENT="l.," CS="1" />
<SP HEIGHT="45" HPOS="456" VPOS="3483" WIDTH="26" />
<String CONTENT="195-247," HEIGHT="42" HPOS="483" VPOS="3481" WIDTH="214" />
<SP HEIGHT="31" HPOS="698" VPOS="3492" WIDTH="30" />
<String CONTENT="xxv" HEIGHT="28" HPOS="729" VPOS="3492" WIDTH="95" />
<SP HEIGHT="36" HPOS="825" VPOS="3492" WIDTH="30" />
<String CONTENT="p." HEIGHT="36" HPOS="856" VPOS="3492" WIDTH="39" />
<SP HEIGHT="36" HPOS="896" VPOS="3484" WIDTH="61" />
<String CONTENT="19" HEIGHT="39" HPOS="958" VPOS="3482" WIDTH="54" />
<String CONTENT="cm" HEIGHT="20" HPOS="1015" STYLE="superscript" VPOS="3485" WIDTH="41" />
<String CONTENT="." HEIGHT="7" HPOS="1064" VPOS="3514" WIDTH="7" />
</TextLine>
<TextLine CS="1" HEIGHT="53" HPOS="213" VPOS="3536" WIDTH="1979">
<String CONTENT="&#169;" HEIGHT="51" HPOS="213" VPOS="3536" WIDTH="50" />
<SP HEIGHT="51" HPOS="264" VPOS="3536" WIDTH="32" />
<String CONTENT="May" HEIGHT="46" HPOS="297" VPOS="3542" WIDTH="112" />
<SP HEIGHT="48" HPOS="410" VPOS="3540" WIDTH="30" />
<String CONTENT="9." HEIGHT="41" HPOS="441" VPOS="3540" WIDTH="38" />
<SP HEIGHT="39" HPOS="480" VPOS="3542" WIDTH="31" />
<String CONTENT="1934;" CS="1" />
<SP HEIGHT="39" HPOS="652" VPOS="3541" WIDTH="33" />
<String CONTENT="2c." HEIGHT="39" HPOS="686" VPOS="3541" WIDTH="66" />
<SP HEIGHT="29" HPOS="753" VPOS="3551" WIDTH="33" />
<String CONTENT="and" HEIGHT="38" HPOS="787" VPOS="3542" WIDTH="92" />
<SP HEIGHT="38" HPOS="880" VPOS="3542" WIDTH="32" />
<String CONTENT="aff." CS="1" />
<SP HEIGHT="38" HPOS="995" VPOS="3543" WIDTH="32" />
<String CONTENT="May" HEIGHT="46" HPOS="1028" VPOS="3543" WIDTH="113" />
<SP HEIGHT="45" HPOS="1142" VPOS="3544" WIDTH="31" />
<String CONTENT="22:" CS="1" HEIGHT="39" HPOS="1174" VPOS="3542" WIDTH="53" />
<SP HEIGHT="39" HPOS="1254" VPOS="3544" WIDTH="34" />
<String CONTENT="A" HEIGHT="38" HPOS="1289" VPOS="3544" WIDTH="40" />
<SP HEIGHT="39" HPOS="1330" VPOS="3544" WIDTH="33" />
<String CONTENT="72463:" CS="1" HEIGHT="40" HPOS="1364" VPOS="3544" WIDTH="139" />
<SP HEIGHT="38" HPOS="1532" VPOS="3546" WIDTH="37" />
<String CONTENT="Henry" CS="1" HEIGHT="37" HPOS="1570" VPOS="3546" WIDTH="133" />
<SP HEIGHT="38" HPOS="1736" VPOS="3546" WIDTH="32" />
<String CONTENT="Holt" HEIGHT="38" HPOS="1769" VPOS="3546" WIDTH="118" />
<SP HEIGHT="39" HPOS="1888" VPOS="3545" WIDTH="31" />
<String CONTENT="&amp;" HEIGHT="39" HPOS="1920" VPOS="3545" WIDTH="34" />
<SP HEIGHT="39" HPOS="1955" VPOS="3545" WIDTH="33" />
<String CONTENT="co.," CS="1" HEIGHT="27" HPOS="1989" VPOS="3556" WIDTH="50" />
<SP HEIGHT="39" HPOS="2069" VPOS="3545" WIDTH="33" />
<String CONTENT="inc." HEIGHT="38" HPOS="2103" VPOS="3545" WIDTH="89" />
</TextLine>
<TextLine HEIGHT="48" HPOS="290" VPOS="3597" WIDTH="277">
<String CONTENT="(34-15954)" HEIGHT="48" HPOS="290" VPOS="3597" WIDTH="277" />
</TextLine>
<TextLine HEIGHT="63" HPOS="207" STYLEREFS="StyleId-0F5F58A6-A678-4B56-AC6D-F6B9514D1671-" VPOS="3686" WIDTH="728">
<String CONTENT="Franz," HEIGHT="62" HPOS="207" LANG="de" VPOS="3687" WIDTH="205" />
<SP HEIGHT="63" HPOS="413" VPOS="3686" WIDTH="33" />
<String CONTENT="G&#252;nther," HEIGHT="61" HPOS="447" LANG="de" VPOS="3686" WIDTH="285" />
<SP HEIGHT="56" HPOS="733" VPOS="3691" WIDTH="32" />
<String CONTENT="1902-" HEIGHT="48" HPOS="766" LANG="en-US" VPOS="3691" WIDTH="169" />
</TextLine>
<TextLine CS="1" HEIGHT="148" HPOS="210" STYLEREFS="StyleId-4783751E-C707-4D90-B373-A81CB54BBED5-" VPOS="3764" WIDTH="1983">
<String CONTENT="Der" HEIGHT="51" HPOS="280" LANG="en-US" VPOS="3764" WIDTH="115" />
<SP HEIGHT="50" HPOS="396" VPOS="3765" WIDTH="34" />
<String CONTENT="deutsche" HEIGHT="51" HPOS="431" LANG="de" VPOS="3765" WIDTH="262" />
<SP HEIGHT="51" HPOS="694" VPOS="3765" WIDTH="34" />
<String CONTENT="bauernkrieg," HEIGHT="69" HPOS="729" LANG="en-US" VPOS="3765" WIDTH="395" />
<SP HEIGHT="47" HPOS="1125" VPOS="3786" WIDTH="34" />
<String CONTENT="von" HEIGHT="34" HPOS="1160" LANG="en-US" VPOS="3786" WIDTH="108" />
<SP HEIGHT="54" HPOS="1269" VPOS="3768" WIDTH="38" />
<String CONTENT="G" HEIGHT="54" HPOS="1308" LANG="en-US" VPOS="3768" WIDTH="51" />
<String CONTENT="&#252;" CS="1" LANG="de" />
<String CONTENT="nther" HEIGHT="52" HPOS="1402" LANG="en-US" VPOS="3769" WIDTH="166" />
<SP HEIGHT="50" HPOS="1569" VPOS="3770" WIDTH="34" />
<String CONTENT="Franz;" HEIGHT="64" HPOS="1604" LANG="en-US" VPOS="3770" WIDTH="219" />
<SP HEIGHT="47" HPOS="1824" VPOS="3787" WIDTH="33" />
<String CONTENT="mit" HEIGHT="53" HPOS="1858" LANG="de" VPOS="3768" WIDTH="107" />
<SP HEIGHT="51" HPOS="1966" VPOS="3770" WIDTH="31" />
<String CONTENT="24" HEIGHT="48" HPOS="1998" LANG="en-US" VPOS="3770" WIDTH="67" />
<SP HEIGHT="49" HPOS="2066" VPOS="3770" WIDTH="33" />
<String CONTENT="abhildungen" HEIGHT="143" HPOS="210" LANG="en-US" VPOS="3766" WIDTH="1959" />
<SP HEIGHT="33" HPOS="520" VPOS="3860" WIDTH="20" />
<String CONTENT="und" HEIGHT="51" HPOS="541" LANG="de" VPOS="3843" WIDTH="116" />
<SP HEIGHT="51" HPOS="658" VPOS="3843" WIDTH="25" />
<String CONTENT="3" HEIGHT="47" HPOS="684" LANG="en-US" VPOS="3847" WIDTH="29" />
<SP HEIGHT="52" HPOS="714" VPOS="3842" WIDTH="22" />
<String CONTENT="karten." HEIGHT="52" HPOS="737" LANG="de" VPOS="3842" WIDTH="216" />
<SP HEIGHT="51" HPOS="954" VPOS="3843" WIDTH="59" />
<String CONTENT="M&#252;nchen" HEIGHT="54" HPOS="1014" LANG="de" VPOS="3843" WIDTH="284" />
<SP HEIGHT="35" HPOS="1299" VPOS="3864" WIDTH="25" />
<String CONTENT="und" HEIGHT="54" HPOS="1325" LANG="de" VPOS="3845" WIDTH="116" />
<SP HEIGHT="53" HPOS="1442" VPOS="3845" WIDTH="23" />
<String CONTENT="Berlin," HEIGHT="60" HPOS="1466" LANG="de" VPOS="3847" WIDTH="216" />
<SP HEIGHT="59" HPOS="1683" VPOS="3848" WIDTH="24" />
<String CONTENT="R." HEIGHT="51" HPOS="1708" LANG="de" VPOS="3848" WIDTH="70" />
<SP HEIGHT="57" HPOS="1779" VPOS="3846" WIDTH="26" />
<String CONTENT="Oldenbourg," HEIGHT="66" HPOS="1806" LANG="de" VPOS="3846" WIDTH="387" />
</TextLine>
<TextLine HEIGHT="51" HPOS="208" LANG="de" STYLEREFS="StyleId-4783751E-C707-4D90-B373-A81CB54BBED5-" VPOS="3921" WIDTH="148">
<String CONTENT="1933." HEIGHT="51" HPOS="208" VPOS="3921" WIDTH="148" />
</TextLine>
</TextBlock>
</PrintSpace>
</Page>
</Layout>
</alto>