2350 4196
1165 4025 62 48 11

165 361 331 65 McCaskill,
527 358 196 57 Oliver
753 361 80 51 Le
862 360 146 63 Roy,
1042 355 169 55 1877-
1423 354 84 53 ed.

236 439 220 54 Illinois
484 437 149 55 Civil
660 435 245 69 practice
931 440 87 46 act
1044 433 320 66 annotated,
1392 430 138 53 with
1557 429 196 66 forms,
1778 425 179 55 under
166 426 1968 145 direction

316 517 61 51 of
411 515 225 53 Illinois
668 519 141 47 state
842 513 102 51 bar
977 509 363 66 association;
1380 508 67 56 O.
1483 508 63 52 L.
1581 505 333 68 McCaskill,
1949 506 206 53 editor-

162 594 267 66 in-chief;
468 593 204 52 Albert
707 591 65 51 E.
812 590 228 67 Jenner,
1076 588 88 68 jr.,
1199 586 219 53 Walter
1457 586 67 52 V.
1564 584 290 68 Schaefer,
1892 582 267 54 associate

162 672 224 54 editors.
458 671 265 66 Chicago,
758 669 119 51 The
911 666 360 54 Foundation
1305 683 171 50 press,
1510 664 126 68 inc.,
1670 665 149 50 1933.

298 775 8 16 XV,
338 743 100 46 458,
471 742 86 39 208
622 776 7 6 p.
692 741 55 39 25½c
796 743 27 20 m
829 773 7 8 .

164 796 1998 56 © Dec. 18, 1982; 2c. Dec. 20; aff. Jan. 4, 1984; A 6 8751; Foundation
233 872 146 36 press,
416 861 90 39 inc.
577 859 220 48 (84-429)

165 965 408 62 Macpherson,
605 964 123 53 Ian.

235 1039 164 53 Land
429 1039 63 52 of
522 1054 102 37 our
656 1039 235 66 fathers,
923 1038 72 68 by
1028 1038 105 51 Ian
1165 1037 396 67 Macpherson.
1628 1034 260 68 London,
1920 1034 54 54 J.
2011 1032 155 63 Cape

171 1120 172 65 [1933]

234 1193 25 38 2
288 1203 39 37 p.
393 1224 7 15 l.,
430 1192 142 39 7-384
603 1202 40 37 p.
701 1190 54 40 20
758 1193 43 20 cm
807 1222 7 7 .

170 1243 1998 53 © 1c. Dec. 28. 1988; A ad int. 18541; pubd. Oct. 30; I. Macpherson,
236 1305 276 48 Kingussie,
551 1305 379 46 Invernesshire,
972 1304 241 39 Scotland.
1289 1302 250 48 (34-1287)

174 1393 316 65 Michigan.
564 1396 183 64 Laws,
778 1400 258 59 statutes,
1067 1400 100 47 etc.

241 1472 314 52 Baldwin’s
583 1475 135 48 1934
744 1474 362 65 supplement
1130 1477 57 46 to
1214 1472 122 52 The
1364 1471 281 68 compiled
1673 1471 155 67 laws,
1855 1469 317 69 Michigan,

173 1550 324 52 annotated.
576 1549 350 68 Containing
956 1551 77 51 ail
1060 1551 136 51 laws
1226 1549 62 52 of
1320 1568 30 32 a
1378 1550 229 67 general
1635 1553 205 48 nature
1866 1548 202 68 passed
2098 1549 73 67 by

175 1629 94 51 the
302 1628 228 68 regular
555 1628 215 53 session
802 1628 62 50 of
897 1629 95 51 the
1023 1629 357 66 Legislature
1412 1628 63 51 of
1510 1630 151 65 1931,
1693 1628 100 51 the
1819 1628 218 67 special
174 1645 1972 115 sessions
358 1707 62 52 of
453 1709 134 49 1932
620 1707 110 51 and
764 1708 95 51 the
891 1707 229 67 regular
1153 1706 208 52 session
1395 1707 62 52 of
1493 1709 150 49 1933.
1713 1705 286 67 Together
2032 1705 141 52 with

177 1785 362 52 annotations
575 1785 153 53 from
763 1784 275 52 decisions
1073 1785 63 51 of
1170 1785 94 51 the
1302 1785 278 67 Supreme
1611 1788 178 63 court,
1823 1785 96 51 the
1954 1784 220 52 federal

177 1867 188 48 courts
406 1864 112 51 and
559 1863 262 67 opinions
862 1863 63 52 of
964 1864 95 51 the
1099 1868 260 62 attorney
1399 1865 230 65 general
1669 1868 58 47 to
1768 1862 320 54 November
2129 1865 46 66 1,

179 1940 1999 145 1933. Edited by William Edward Baldwin … George C. Ellsworth … [and] Francis J. Amer … Cleveland, Banks-Bald win
177 2097 1020 68 law publishing company [ c 1934]
250 2173 25 37 8
304 2183 41 35 p.
410 2203 7 15 l.,
448 2171 96 46 921,
574 2171 84 39 205
689 2182 40 36 p.
786 2171 55 39 26
845 2174 43 21 cm
894 2204 7 6 .

181 2225 1998 51 © Jan 5, 1984; 2c. and aff. Jan. 8; A 67893; William Edward Baldwin,
249 2286 273 39 Cleveland.
594 2285 220 47 (34-786)

182 2376 217 62 Moore,
426 2376 203 55 Amos.

249 2453 1929 71 Lead law, by Amos Moore … New York, The Macaulay
182 2535 490 63 company [ c 1934]
253 2607 24 36 3
307 2616 39 35 p.
397 2635 21 15 l.,
448 2605 107 38 v-vi
583 2615 55 36 p.,
667 2608 23 35 1
755 2636 7 15 l.,
792 2605 135 40 9-251
964 2617 40 36 p.
1063 2605 55 40 19½
1151 2608 41 20 cm
1200 2639 7 8 .

185 2656 50 51 ©
266 2660 108 40 Jan.
403 2662 39 45 4,
473 2661 139 46 1934;
645 2661 65 40 2c.
742 2662 107 38 Jan.
881 2662 51 47 6;
965 2674 80 28 aff.
1078 2663 106 39 Jan.
1216 2662 51 47 8;
1301 2664 42 37 A
1371 2662 142 41 68793
1532 2674 8 36 ;
1574 2663 162 40 Lilian
1765 2664 190 39 Bennet
257 2664 1911 99 Thompson,

384 2718 256 47 Warwick,
669 2718 54 40 X.
752 2720 66 45 Y.,
848 2721 94 37 and
972 2720 182 48 George
1181 2721 250 46 Hubbard,
1461 2721 205 48 Wisner,
1697 2719 54 41 N.
1782 2721 52 39 Y.

264 2774 220 48 (34-581)

213 2864 354 64 [Negligence
603 2868 114 51 and
751 2871 442 59 compensation
1228 2885 170 37 cases
1427 2872 343 66 annotated]

260 2938 1927 80 Common sense index of volume 33 N. C. C. A. … Chicago,
190 3019 321 68 Callaghan
545 3022 111 51 and
689 3038 296 52 company,
1021 3027 150 49 1933.

257 3093 282 48 cover-title,
572 3094 83 40 149
687 3107 41 35 p.
788 3096 72 39 24-½
877 3099 44 20 cm
927 3129 7 7 .

192 3145 1914 60 © Dec. 28, 1933; 2c. and aff. Jan. 2, 1934; A 67828; Callaghan & co.
192 3294 357 65 Negligence
583 3299 112 51 and
726 3303 424 65 compensation
1179 3322 149 35 cases
1362 3306 336 67 annotated;
1731 3308 96 51 the
1858 3307 334 53 workmen’s

264 3377 441 67 compensation,
752 3380 334 66 employers’
1133 3381 251 68 liability
1431 3384 110 51 and
1590 3390 227 46 current
1864 3386 329 68 negligence

267 3469 149 35 cases
446 3454 233 52 decided
710 3457 61 50 in
798 3458 94 50 the
923 3457 221 53 federal
1175 3466 187 46 courts
1392 3460 64 54 of
1484 3462 95 52 the
1610 3463 218 53 United
1861 3463 206 68 States,
2098 3465 95 51 the

268 3535 186 47 courts
497 3532 63 50 of
600 3534 114 52 last
753 3541 180 46 resort
976 3536 62 51 of
1080 3539 77 49 all
1197 3538 96 52 the
1333 3543 174 49 states
1551 3541 111 51 and
1704 3541 333 68 territories,
2081 3544 112 50 and

267 3608 93 51 the
416 3610 244 67 English
714 3613 111 50 and
881 3613 298 54 Canadian
1232 3622 203 46 courts.
1511 3618 164 54 With
1728 3620 300 68 pleadings
2083 3621 112 51 and

269 3685 194 52 forms.
542 3688 46 49 By
666 3690 93 51 the
796 3690 338 67 publishers’
1170 3694 266 52 editorial
1472 3693 149 56 staff.
1698 3697 242 53 Volume
2187 3742 8 9 XXXIII.

272 3762 268 70 Chicago,
570 3765 319 70 Callaghan
922 3771 105 50 and
1063 3789 295 50 company,
1392 3776 148 51 1933.

266 3838 183 44 xxxvii,
481 3839 83 40 838
595 3852 41 35 p.
695 3841 55 39 26
754 3843 44 20 cm
804 3874 7 7 .

203 3889 50 50 ©
284 3894 109 39 Dec.
423 3895 68 47 28,
521 3895 139 47 1933;
693 3898 65 39 2c.
790 3900 94 38 and
915 3899 79 40 aff.
1026 3901 108 39 Jan.
1165 3902 38 41 2.
1234 3902 139 48 1934;
1406 3903 42 39 A
1477 3904 169 48 67829;
1681 3904 270 49 Callaghan
1983 3907 35 39 &
2048 3917 66 30 co.
