2350 4196
1189 4021 102 48 224

323 491 82 41 xiv
435 503 56 37 p.,
519 492 25 38 2
605 523 8 16 l.,
642 491 56 40 98
724 503 43 36 p.
827 491 55 40 19½
914 495 14 20 cm
964 524 8 8 .

257 559 50 51 ©
338 564 109 38 Feb.
476 564 67 41 13,
572 563 114 39 1934;
743 563 24 37 2
769 570 38 32 c.
837 564 94 38 and
961 563 78 39 aff.
1072 564 107 38 Feb.
1210 565 54 37 14:
1321 564 42 38 A
1389 564 141 39 69421;
1591 564 279 40 Macmillan
1900 578 64 27 co.

337 620 249 47 (34-4091)

251 722 353 65 Thompson,
634 723 272 63 Edward,
935 738 302 49 company,
1262 724 342 64 Northport,
1627 725 71 51 N.
1728 726 70 50 Y.

320 801 240 51 Federal
588 800 110 51 law
726 801 65 51 of
816 805 297 62 contracts,
1143 819 30 33 a
1199 800 227 52 treatise
1455 802 266 64 covering
1752 801 94 51 the
249 800 1962 129 administration

403 876 1832 68 of the law of contracts by the federal courts … By the
248 955 336 66 publishers’
613 955 264 52 editorial
904 955 147 52 staff.
1128 956 336 66 Northport,
1491 957 253 51 Edward
1769 957 328 65 Thompson
2125 974 77 34 co.;

251 1030 82 54 St.
363 1033 163 65 Paul,
554 1033 159 53 West
741 1032 333 67 publishing
1105 1052 76 35 co.
1217 1066 12 33 [
1234 1039 17 21 c
1257 1037 133 48 1934]

322 1104 27 39 2
376 1117 42 28 v.
479 1105 55 39 25
538 1107 43 21 cm
588 1137 7 7 .

326 1167 126 40 “The
482 1169 104 37 text
617 1167 51 40 of
699 1166 97 40 this
826 1168 133 38 work
989 1168 88 39 has
1111 1168 116 38 been
1256 1167 236 47 prepared
1520 1167 63 47 by
1612 1166 196 39 Briscoe
1838 1167 222 39 Baldwin
2093 1167 146 40 Clark

252 1223 51 39 of
333 1223 80 40 the
443 1223 287 48 publishers'
766 1223 516 40 staff!.”—Publishers’
1312 1223 258 43 foreword.

323 1280 129 46 Kept
483 1291 63 36 up
577 1284 47 36 to
658 1281 111 39 date
802 1281 58 46 by
892 1280 293 40 cumulative
1216 1281 327 46 supplements
1576 1281 47 38 to
1657 1282 55 38 be
1744 1280 213 40 inserted
1988 1280 50 39 in
2070 1281 167 47 pocket

252 1345 60 29 on
341 1336 154 40 inside
524 1336 50 40 of
600 1337 120 39 back
749 1346 139 30 cover
914 1337 50 39 of
990 1337 117 39 each
1136 1337 202 39 volume.

256 1404 50 50 ©
342 1408 109 40 Jan.
486 1410 67 44 11,
589 1408 139 40 1934;
765 1409 66 39 2c.
866 1409 116 38 each
1017 1409 95 38 and
1148 1407 106 39 affs.
1291 1407 108 39 Feb.
1436 1407 81 46 23;
1555 1408 40 37 A
1630 1407 155 47 69619,
1823 1407 141 40 60620;
2030 1407 210 39 Edward

321 1466 272 45 Thompson
622 1475 64 29 co.
716 1466 94 37 and
838 1466 133 38 West
1000 1465 108 47 pub.
1137 1475 65 28 co.
1276 1464 250 46 (34-4093)

250 1568 71 54 U.
352 1569 56 53 S.
483 1570 183 65 Laws,
695 1575 255 59 statutes,
980 1576 99 45 etc.

322 1645 213 54 United
577 1647 187 54 States
803 1646 152 55 Code
993 1646 323 51 annotated.
1390 1647 279 65 January,
1708 1648 150 64 1934,
1895 1645 342 53 cumulative

250 1724 311 66 pamphlet.
637 1723 386 52 Annotations
1089 1724 109 51 and
1263 1724 306 66 appendix,
1632 1723 331 66 containing
2024 1724 214 66 Liquor

251 1800 1984 68 taxing act of 1934, executive orders and proclamations … St.
251 1880 163 66 Paul,
450 1882 150 51 West
634 1879 334 67 publishing
1000 1898 106 37 co.;
1142 1880 338 66 Northport,
1512 1880 254 52 Edward
1799 1881 327 66 Thompson
2159 1898 76 34 co.

256 1991 12 33 [
274 1962 17 21 c
297 1960 134 49 1934
436 1991 11 32 ]

320 2030 84 40 205
431 2041 41 37 p.
529 2031 54 39 23
588 2033 42 20 cm
637 2063 7 7 .

254 2098 50 51 ©
346 2103 107 38 Jan.
494 2101 68 46 26,
603 2102 139 40 1934;
784 2103 66 38 2c.
892 2101 94 39 and
1026 2101 81 39 aff.
1149 2101 108 40 Feb.
1297 2101 81 46 23;
1422 2101 40 38 A
1501 2101 169 40 69588:
1713 2102 133 39 West
1887 2101 105 47 pub.
2035 2111 65 29 co.
2142 2101 93 39 and

321 2160 210 38 Edward
561 2160 272 45 Thompson
862 2168 65 29 co.

251 2260 383 65 Vanderpoel,
663 2261 289 53 Ambrose
981 2260 128 64 Ely,
1141 2260 170 52 1875-
1523 2278 177 49 comp.

319 2339 244 66 History
614 2338 63 52 of
725 2339 265 52 Madison
1038 2339 166 66 lodge
1253 2355 88 36 no.
1392 2343 63 48 93
1509 2338 64 51 of
1621 2340 142 50 Free
1813 2339 111 51 and
1974 2339 261 65 accepted

246 2435 239 48 masons,
518 2416 283 66 Madison,
834 2418 137 51 New
1005 2417 215 65 Jersey,
1253 2416 280 66 compiled
1564 2417 75 66 by
1671 2416 276 52 Ambrose
1979 2417 66 50 E.
246 2417 1964 144 Vanderpoel.

567 2495 137 52 New
735 2494 177 66 York,
946 2494 233 55 Charles
1212 2492 238 54 Francis
1482 2512 173 48 press,
1689 2498 147 48 1934.

321 2565 1039 49 1 p. l. , ix, 261 p. front., plates. 23 cm .
323 2624 223 40 “Outline
577 2623 187 47 history
796 2623 49 39 of
878 2623 240 40 Chatham
1150 2622 149 47 lodge,
1331 2633 74 28 no.
1436 2621 83 41 33”:
1582 2633 41 37 p.
1662 2621 158 49 [1]-15.

253 2691 50 51 ©
338 2696 107 38 Jan.
479 2695 68 44 30,
581 2694 112 40 1934;
754 2695 67 38 2c.
855 2695 93 37 and
982 2692 80 40 aff.
1097 2693 108 39 Jan.
1237 2694 81 39 31:
1355 2693 39 38 A
1429 2692 167 46 70134;
1634 2693 219 39 Madison
1888 2693 137 47 lodge
2058 2704 74 29 no.
2167 2694 68 39 93.

321 2751 50 41 F.
400 2752 34 39 &
461 2752 53 38 A.
543 2753 75 45 M.,
648 2750 236 46 Madison,
960 2781 7 7 N.
997 2750 42 39 J.
1113 2748 249 49 (34-4246)

249 2853 223 65 Vestal,
507 2853 261 64 Stanley,
806 2853 169 52 1887-

249 2928 1978 148 Warpath; the true story of the fighting Sioux told in a biography of Chief 'White Bull, by Stanley Vestal … Boston and
248 3085 136 52 New
416 3086 178 65 York,
622 3086 318 65 Houghton
968 3084 202 53 Mifflin
1199 3102 294 48 company,
1523 3087 150 50 1934.

320 3169 63 28 xv
413 3168 55 37 p.,
501 3160 25 38 2
592 3189 7 14 l.,
635 3158 172 48 [3]-291
839 3169 41 36 p.
941 3157 161 47 front.,
1134 3156 125 39 illus.
1289 3155 184 48 (maps)
1514 3157 168 46 plates,
1717 3156 147 47 ports.
1925 3155 53 38 21
1983 3157 43 21 cm
2032 3189 7 7 .

320 3220 139 46 Maps
489 3229 61 30 on
579 3220 361 48 lining-papers.

320 3275 347 49 Bibliography:
724 3288 41 36 p.
802 3276 113 49 [275]

253 3342 50 51 ©
343 3346 109 39 Feb.
489 3347 68 44 21,
596 3346 139 41 1934;
776 3346 64 39 2c.
881 3347 119 37 Mar.
1039 3346 51 40 1;
1132 3344 79 40 aff.
1252 3344 109 39 Feb.
1400 3343 80 47 27;
1522 3344 39 38 A
1600 3343 167 47 69668;
1810 3344 184 40 Walter
2037 3344 196 44 Stanley

324 3403 258 46 Campbell,
614 3402 226 40 Norman,
874 3403 103 39 Okl.
1049 3400 248 48 (34-4353)

250 3506 289 63 Vosseler,
569 3506 251 52 Edward
847 3505 249 64 Adolph.

253 3580 1949 146 Cases on the law of executors and administrators, by Edward A. Vosseler … Brooklyn, N. Y., 1934.
320 3733 26 39 2
375 3743 42 29 v.
477 3733 55 39 23
536 3735 43 20 cm
585 3764 8 8 .

324 3787 160 47 Paged
513 3788 351 47 continuously.

253 3847 1928 59 © Jan. 30, 1934; 2c. each and aff. Feb. 3; A 70129; E. A. Vosseler, ℅
322 3916 244 46 Brooklyn
594 3917 93 37 law
716 3916 174 46 school,
921 3915 256 46 Brooklyn.
1250 3912 248 49 (34-4094)
