2350 4367
1026 4099 133 52 1617

129 388 316 54 American
469 389 358 66 proctologic
853 388 242 64 society.

259 463 1868 70 … Transactions of the thirty-fifth animal session, Hotel
132 543 325 67 Cleveland,
511 544 327 68 Cleveland,
890 544 168 68 Ohio,
1108 546 153 54 June
1313 544 132 51 11th
1499 544 111 52 and
1665 544 149 67 12th,
1865 544 261 54 nineteen

127 620 2000 70 thirty-four. [Detroit, Mich., Printed by Aronsson printing co.,
129 702 135 50 1934]

198 774 104 38 xxii
327 785 56 36 p.,
410 775 25 37 1
498 805 6 15 l.,
623 806 7 16 186,
663 775 41 49 [2]
747 786 40 37 p.
843 776 128 39 illus.
1002 774 131 48 (incl.
1163 773 172 48 ports.)
1399 773 55 41 23½
1488 776 14 20 cm
1538 805 7 7 .

198 831 240 40 “Herbert
464 832 36 38 I.
531 832 178 47 Kallet,
743 832 199 40 editor.’'

129 898 50 50 ©
205 903 109 38 Dec.
341 903 67 45 15,
434 902 113 39 1034;
601 902 66 39 2c.
693 904 94 37 and
813 913 81 30 aff.
919 903 111 39 Dec.
1056 902 55 39 28;
1164 901 42 39 A
1226 900 142 40 78729;
1423 902 157 37 Amer,
1610 899 292 48 proctologic
1928 900 194 47 society,

196 958 231 46 Reading.
456 959 82 40 Pa.

127 1062 111 54 Art
268 1062 291 54 directors
587 1064 148 55 club.

192 1139 343 53 Thirteenth
564 1144 210 50 annual
803 1142 62 52 of
896 1140 351 68 advertising
1279 1146 104 46 art.
1450 1140 458 68 Reproductions
1936 1141 62 51 of
2028 1140 96 52 the

123 1217 247 54 exhibits
406 1218 300 68 displayed
743 1224 61 47 at
834 1220 97 52 the
963 1219 314 52 thirteenth
1312 1218 319 53 exhibition
1665 1219 62 52 of
1760 1219 96 52 the
1890 1221 116 51 Art
124 1219 1971 129 directors
376 1297 146 56 club.
565 1299 139 51 New
748 1298 178 67 York,
968 1297 60 52 in
1068 1297 94 52 the
1203 1298 205 67 spring
1449 1296 65 54 of
1554 1297 264 53 nineteen
1858 1297 264 53 hundred

125 1375 111 51 and
269 1373 365 68 thirty-four.
764 1394 80 34 New
881 1375 179 68 York,
1095 1375 142 53 Pub.
1274 1375 96 52 for
1403 1376 98 51 the
1534 1376 115 52 Art
1683 1375 275 54 directors
1994 1376 127 53 club

121 1453 76 66 by
221 1453 97 52 the
343 1452 163 54 Book
532 1453 211 54 service
769 1470 279 51 company
1081 1486 12 34 [
1098 1459 18 21 c
1121 1456 150 65 1934]

192 1525 1675 50 6 p. l., 3-104. [32] p., 1 l. illus. (part col.) col. plates. 29 cm .
125 1593 55 52 ©
205 1598 111 39 Dec.
345 1596 70 48 20,
445 1596 113 40 1934;
615 1596 65 40 2c.
712 1598 95 39 and
837 1596 81 43 aff.
948 1597 111 41 Dec.
1088 1596 54 39 22;
1200 1597 43 38 A
1270 1596 142 40 78642;
1473 1597 94 39 Art
1594 1596 237 40 directors
1862 1597 122 47 club,
2015 1598 105 48 inc.,

187 1636 122 58 lew
337 1655 142 38 York.

117 1755 317 64 Atkinson,
466 1756 201 55 Justin
698 1757 245 65 Brooks,
978 1762 170 50 1894-

188 1835 122 55 The
343 1834 301 67 Cingalese
679 1835 196 67 prince
915 1835 109 67 [by]
1065 1833 220 55 Brooks
1319 1832 307 55 Atkinson.
1697 1834 234 54 Garden
1966 1834 153 67 City,

118 1911 70 54 N.
225 1912 90 66 Y.,
351 1912 358 67 Doubleday,
745 1913 198 52 Doran
978 1915 46 50 &
1059 1929 295 49 company,
1391 1911 127 65 inc.,
1554 1913 151 51 1934.

188 1985 69 40 vii
282 1996 58 38 p.,
371 1986 25 39 1
458 2016 9 16 l.,
496 1983 86 42 303
607 1996 45 38 p.
712 1984 56 41 20
772 1987 42 21 cm
819 2017 9 9 .

188 2042 139 49 Maps
359 2053 60 30 on
453 2042 363 49 lining-papers.

188 2098 161 42 “First
385 2098 229 43 edition.”

122 2166 54 52 ©
208 2171 117 39 Nov.
361 2172 39 44 7,
437 2169 141 47 1934;
614 2169 68 41 2c.
718 2169 95 40 and
849 2167 80 40 aff.
966 2168 112 40 Dec.
1113 2168 53 46 3;
1203 2167 41 39 A
1278 2167 171 47 77416;
1487 2168 188 40 Brooks
1711 2167 255 48 Atkinson,
2003 2169 118 40 New

183 2228 144 39 York.
400 2226 280 49 (34-28467)

120 2328 1991 137 Atlantic digest. 1934 cumulative annual pocket parts … [for] v. 1-35 … St.
678 2409 166 66 Paul,
871 2408 162 53 West
1060 2407 336 68 publishing
1423 2425 77 34 co.
1538 2440 12 34 [
1552 2413 21 20 c
1579 2410 151 63 1934]

182 2484 55 40 35
267 2495 42 28 v.
367 2483 55 39 25
426 2485 44 20 cm
477 2516 7 7 .
525 2494 5 6 ·

184 2541 154 39 These
367 2540 274 47 pamphlets
673 2549 83 29 are
788 2540 48 38 to
867 2538 58 39 be
953 2536 138 40 fitted
1122 2537 101 40 into

1257 2538 80 39 the
1370 2538 197 47 pockets
1600 2539 54 37 at
1685 2536 80 40 the
1796 2537 122 39 back
1949 2537 54 40 of
2033 2537 82 40 the

113 2600 216 38 volumes
353 2597 52 40 of
429 2597 81 40 the
537 2598 76 38 set
636 2598 48 38 to
710 2595 158 39 which
895 2595 114 47 they
1035 2595 182 46 belong.

117 2664 51 52 ©
198 2669 118 41 Nov.
345 2667 68 46 27,
443 2666 141 48 1934;
617 2665 65 40 2c.
714 2665 118 42 each
863 2665 95 39 and
988 2664 80 39 aff.
1100 2665 109 38 Dec.
1241 2663 54 40 27;
1356 2664 44 38 A
1426 2662 144 42 78726;
1629 2665 138 39 West
1794 2664 110 48 pub.
1934 2675 68 29 co.

119 2787 205 63 Aymé,
355 2785 237 55 Marcel.

246 2859 1128 67 … Le nain. Paris, Gallimard [ c 1934]
182 2931 750 54 2 p. l. , [7]-283 p., 2 l. 19 cm .
114 3000 1939 55 © July 18, 1934; 1c. Oct. 26; A-Foreign 25945; Librairie Gallimard.
192 3062 279 50 (34-40319)

116 3165 183 65 Baily,
332 3167 249 51 Francis
609 3164 220 62 Evans,
863 3162 169 54 1887-

108 3236 2005 138 Twenty-nine years’ hard labour, by F. E. Baily … with 17 illustrations.
578 3317 259 67 London,
863 3314 365 55 Hutchinson
1254 3319 46 50 &
1325 3335 98 49 co.,
1448 3317 103 53 ltd.
1586 3319 171 64 [1934]

182 3390 949 53 287 p. front., plates, ports. 23 ½c m .
179 3450 412 49 Autobiography.

114 3515 1994 55 © 1c. Nov. 10, 1934; A ad int. 19592; pubd. Sept. 14; F. E. Baily, London.
190 3578 279 50 (34-40110)

116 3681 246 64 Bassuk,
392 3679 209 54 Albert
630 3676 217 64 Oliver,
880 3681 169 49 1912-

173 3759 151 52 How
356 3764 59 47 to
449 3762 227 63 present
708 3755 97 52 the
836 3753 227 55 Gilbert
1097 3754 110 52 and
1243 3754 265 55 Sullivan
1541 3772 217 49 operas,
1793 3754 73 66 by
1900 3755 207 52 Albert

107 3836 67 56 O.
212 3837 250 57 Bassuk;
503 3834 141 53 with
683 3851 32 34 a
753 3831 283 54 foreword
1077 3831 76 67 by
1186 3832 102 52 Dr.
1334 3832 282 67 Sigmund
1657 3831 234 68 Spaeth.
2023 3852 81 33 New

108 3915 176 67 York,
315 3916 68 52 Y.
480 3955 29 25 Y.,
540 3910 314 68 Brooklyn,
884 3910 70 52 Y.
988 3909 91 67 Y.,
1109 3909 120 53 The
1261 3912 143 50 Bass
1434 3907 321 70 publishers
1792 3914 172 64 [1934]

174 3987 85 41 195
289 3997 43 38 p.
391 3986 164 46 front.,
586 3985 128 38 illus.
744 3982 132 47 (incl.
906 3979 241 42 facsims.)
1186 3982 170 47 plates,
1390 3982 147 46 ports.
1597 3979 56 42 19
1656 3982 44 22 cm
1705 4011 10 9 .

175 4043 162 41 “First
368 4040 224 44 edition.”
