<alto xmlns="http://www.loc.gov/standards/alto/ns-v3#" xmlns:xsi="http://www.w3.org/2001/XMLSchema-instance" xsi:schemaLocation="http://www.loc.gov/standards/alto/ns-v3# http://www.loc.gov/alto/v3/alto-3-0.xsd"><Description>
<MeasurementUnit>pixel</MeasurementUnit>
<sourceImageInformation>
<fileName>1934_v1_Part1.pdf</fileName>
</sourceImageInformation>
<OCRProcessing ID="IdOcr">
<ocrProcessingStep>
<processingDateTime>2019-01-10</processingDateTime>
<processingSoftware>
<softwareCreator>ABBYY</softwareCreator>
<softwareName>ABBYY Recognition Server</softwareName>
<softwareVersion>4.0</softwareVersion>
</processingSoftware>
</ocrProcessingStep>
</OCRProcessing>
</Description>
<Styles>
<ParagraphStyle ALIGN="Left" FIRSTLINE="0." ID="StyleId-FFFFFFFF-FFFF-FFFF-FFFF-FFFFFFFFFFFF-" LEFT="0." RIGHT="0." />
<ParagraphStyle ALIGN="Right" FIRSTLINE="0." ID="StyleId-521E1FC6-FE7E-43A4-90E6-A9B61626A263-" LEFT="0." LINESPACE="13.30000019" RIGHT="0." />
<ParagraphStyle ALIGN="Left" FIRSTLINE="-27." ID="StyleId-639B624E-F6F5-47B6-BB1D-34E64B53022F-" LEFT="0." LINESPACE="13.43999958" RIGHT="0." />
<ParagraphStyle ALIGN="Left" FIRSTLINE="0." ID="StyleId-100905F9-D385-406B-A5BD-ED5B8FD85431-" LEFT="0." RIGHT="0." />
<ParagraphStyle ALIGN="Left" FIRSTLINE="-27." ID="StyleId-7C9F9BA2-EF3A-4B7F-8486-CCC7B7F49B39-" LEFT="0." LINESPACE="18.71999931" RIGHT="0." />
<ParagraphStyle ALIGN="Block" FIRSTLINE="-27." ID="StyleId-350780E3-60F2-4605-88F5-BB54F9B87091-" LEFT="0." LINESPACE="18.71999931" RIGHT="0." />
<ParagraphStyle ALIGN="Left" FIRSTLINE="0." ID="StyleId-90B16C58-D795-4C77-9B89-30378C515D40-" LEFT="0." LINESPACE="14.39999962" RIGHT="0." />
<ParagraphStyle ALIGN="Right" FIRSTLINE="-27." ID="StyleId-17090E09-AFAF-4086-BD9B-4E99FAE6B057-" LEFT="0." LINESPACE="14.39999962" RIGHT="0." />
<ParagraphStyle ALIGN="Left" FIRSTLINE="-27." ID="StyleId-8B87B633-89DB-4D72-B1FC-26E4ABD680BC-" LEFT="0." LINESPACE="18.47999954" RIGHT="0." />
<ParagraphStyle ALIGN="Left" FIRSTLINE="0." ID="StyleId-42DA7417-CA90-4D71-A57B-06556C38D752-" LEFT="0." LINESPACE="13.30000019" RIGHT="0." />
<ParagraphStyle ALIGN="Block" FIRSTLINE="0." ID="StyleId-D8EE2A7E-42AE-4E35-98DB-F0F935637AA0-" LEFT="0." LINESPACE="6.599999905" RIGHT="0." />
<ParagraphStyle ALIGN="Left" FIRSTLINE="0." ID="StyleId-33CD3121-D4F5-43B6-BA96-6382D166E6B8-" LEFT="0." LINESPACE="15.5" RIGHT="0." />
<ParagraphStyle ALIGN="Block" FIRSTLINE="-21." ID="StyleId-1CE52AFA-C319-4DD9-B4B1-F0EBFA2B3F0B-" LEFT="0." LINESPACE="18.71999931" RIGHT="0." />
<ParagraphStyle ALIGN="Left" FIRSTLINE="0." ID="StyleId-B74F1B65-92F1-49C5-A5FA-D20442F031F2-" LEFT="0." LINESPACE="17.70006076" RIGHT="0." />
<ParagraphStyle ALIGN="Center" FIRSTLINE="0." ID="StyleId-79E2924A-215C-40B7-B577-7236BFBAA25E-" LEFT="0." LINESPACE="7.199999809" RIGHT="0." />
</Styles>
<Layout>
<Page HEIGHT="4196" ID="Page298" PHYSICAL_IMG_NR="298" WIDTH="2350">
<TopMargin HEIGHT="365" HPOS="0" VPOS="0" WIDTH="2350">
</TopMargin>
<LeftMargin HEIGHT="3622" HPOS="0" VPOS="365" WIDTH="184">
</LeftMargin>
<RightMargin HEIGHT="3622" HPOS="2229" VPOS="365" WIDTH="121">
</RightMargin>
<BottomMargin HEIGHT="209" HPOS="0" VPOS="3987" WIDTH="2350">
<TextBlock HEIGHT="61" HPOS="1153" ID="Page298_Block1" LANG="en-US" STYLEREFS="StyleId-07896AC9-BDA1-4584-B08A-3AA77CE88E61-" VPOS="3995" WIDTH="111">
<TextLine HEIGHT="49" HPOS="1159" VPOS="4001" WIDTH="99">
<String CONTENT="298" HEIGHT="49" HPOS="1159" VPOS="4001" WIDTH="99" />
</TextLine>
</TextBlock>
</BottomMargin>
<PrintSpace HEIGHT="3622" HPOS="184" VPOS="365" WIDTH="2045">
<TextBlock CS="1" HEIGHT="3622" HPOS="184" ID="Page298_Block2" LANG="en-US" STYLEREFS="StyleId-508447CC-FB31-4E7E-B12F-35A7688F25DC-" VPOS="365" WIDTH="2045">
<TextLine HEIGHT="67" HPOS="190" LANG="fr" STYLEREFS="StyleId-040B041B-9014-4374-8CA0-A0A6A9B5C561-" VPOS="371" WIDTH="1067">
<String CONTENT="Chesterton," HEIGHT="66" HPOS="190" VPOS="372" WIDTH="373" />
<SP HEIGHT="65" HPOS="564" VPOS="373" WIDTH="31" />
<String CONTENT="Gilbert" HEIGHT="56" HPOS="596" VPOS="371" WIDTH="226" />
<SP HEIGHT="53" HPOS="823" VPOS="373" WIDTH="27" />
<String CONTENT="Keith," HEIGHT="65" HPOS="851" VPOS="372" WIDTH="201" />
<SP HEIGHT="61" HPOS="1053" VPOS="376" WIDTH="32" />
<String CONTENT="1874-" HEIGHT="54" HPOS="1086" VPOS="372" WIDTH="171" />
</TextLine>
<TextLine HEIGHT="71" HPOS="261" STYLEREFS="StyleId-040B041B-9014-4374-8CA0-A0A6A9B5C561-" VPOS="446" WIDTH="1916">
<String CONTENT="St." HEIGHT="54" HPOS="261" LANG="fr" VPOS="449" WIDTH="82" />
<SP HEIGHT="52" HPOS="344" VPOS="450" WIDTH="52" />
<String CONTENT="Thomas" HEIGHT="54" HPOS="397" LANG="fr" VPOS="449" WIDTH="246" />
<SP HEIGHT="53" HPOS="644" VPOS="448" WIDTH="49" />
<String CONTENT="Aquinas," HEIGHT="69" HPOS="694" LANG="en-US" VPOS="448" WIDTH="273" />
<SP HEIGHT="69" HPOS="968" VPOS="448" WIDTH="48" />
<String CONTENT="by" HEIGHT="69" HPOS="1017" LANG="en-US" VPOS="448" WIDTH="74" />
<SP HEIGHT="70" HPOS="1092" VPOS="447" WIDTH="47" />
<String CONTENT="G." HEIGHT="54" HPOS="1140" LANG="fr" VPOS="447" WIDTH="65" />
<SP HEIGHT="51" HPOS="1206" VPOS="448" WIDTH="51" />
<String CONTENT="K." HEIGHT="52" HPOS="1258" LANG="fr" VPOS="448" WIDTH="72" />
<SP HEIGHT="55" HPOS="1331" VPOS="448" WIDTH="56" />
<String CONTENT="Chesterton." HEIGHT="55" HPOS="1388" LANG="fr" VPOS="448" WIDTH="345" />
<SP HEIGHT="52" HPOS="1734" VPOS="446" WIDTH="74" />
<String CONTENT="New" HEIGHT="55" HPOS="1809" LANG="fr" VPOS="446" WIDTH="136" />
<SP HEIGHT="52" HPOS="1946" VPOS="446" WIDTH="53" />
<String CONTENT="York," HEIGHT="69" HPOS="2000" LANG="fr" VPOS="446" WIDTH="177" />
</TextLine>
<TextLine HEIGHT="68" HPOS="192" STYLEREFS="StyleId-040B041B-9014-4374-8CA0-A0A6A9B5C561-" VPOS="525" WIDTH="814">
<String CONTENT="Sheed" HEIGHT="55" HPOS="192" LANG="fr" VPOS="525" WIDTH="183" />
<SP HEIGHT="53" HPOS="376" VPOS="526" WIDTH="28" />
<String CONTENT="&amp;" HEIGHT="49" HPOS="405" LANG="fr" VPOS="528" WIDTH="44" />
<SP HEIGHT="52" HPOS="450" VPOS="526" WIDTH="24" />
<String CONTENT="Ward," HEIGHT="68" HPOS="475" LANG="en-US" VPOS="525" WIDTH="197" />
<SP HEIGHT="68" HPOS="673" VPOS="525" WIDTH="26" />
<String CONTENT="inc.," HEIGHT="68" HPOS="700" LANG="fr" VPOS="525" WIDTH="125" />
<SP HEIGHT="64" HPOS="826" VPOS="529" WIDTH="29" />
<String CONTENT="1933." HEIGHT="50" HPOS="856" LANG="fr" VPOS="529" WIDTH="150" />
</TextLine>
<TextLine CS="1" HEIGHT="49" HPOS="258" LANG="fr" VPOS="597" WIDTH="429">
<String CONTENT="xii," HEIGHT="49" HPOS="258" VPOS="597" WIDTH="83" />
<SP />
<String CONTENT="248" HEIGHT="40" HPOS="363" VPOS="598" WIDTH="87" />
<SP HEIGHT="48" HPOS="451" VPOS="598" WIDTH="17" />
<String CONTENT="p." HEIGHT="37" HPOS="469" VPOS="609" WIDTH="42" />
<SP HEIGHT="40" HPOS="512" VPOS="598" WIDTH="59" />
<String CONTENT="21" HEIGHT="39" HPOS="572" VPOS="597" WIDTH="54" />
<String CONTENT="cm" HEIGHT="21" HPOS="630" STYLE="superscript" VPOS="600" WIDTH="44" />
<String CONTENT="." HEIGHT="7" HPOS="679" VPOS="630" WIDTH="8" />
</TextLine>
<TextLine HEIGHT="50" HPOS="262" VPOS="667" WIDTH="1858">
<String CONTENT="&#8220;First" HEIGHT="40" HPOS="262" LANG="fr" VPOS="668" WIDTH="160" />
<SP HEIGHT="44" HPOS="423" VPOS="671" WIDTH="24" />
<String CONTENT="printing," HEIGHT="47" HPOS="448" LANG="en-US" VPOS="668" WIDTH="228" />
<SP HEIGHT="47" HPOS="677" VPOS="668" WIDTH="26" />
<String CONTENT="November," HEIGHT="47" HPOS="704" LANG="en-US" VPOS="668" WIDTH="280" />
<SP HEIGHT="46" HPOS="985" VPOS="669" WIDTH="25" />
<String CONTENT="1933." HEIGHT="41" HPOS="1011" LANG="fr" VPOS="667" WIDTH="126" />
<SP HEIGHT="39" HPOS="1138" VPOS="669" WIDTH="58" />
<String CONTENT="Second" HEIGHT="40" HPOS="1197" LANG="fr" VPOS="669" WIDTH="182" />
<SP HEIGHT="46" HPOS="1380" VPOS="671" WIDTH="25" />
<String CONTENT="printing," HEIGHT="48" HPOS="1406" LANG="en-US" VPOS="669" WIDTH="228" />
<SP HEIGHT="46" HPOS="1635" VPOS="670" WIDTH="27" />
<String CONTENT="December," HEIGHT="46" HPOS="1663" LANG="en-US" VPOS="670" WIDTH="274" />
<SP HEIGHT="46" HPOS="1938" VPOS="670" WIDTH="27" />
<String CONTENT="1933.&#8220;" HEIGHT="41" HPOS="1966" LANG="fr" VPOS="668" WIDTH="154" />
</TextLine>
<TextLine CS="1" HEIGHT="51" HPOS="194" LANG="fr" VPOS="738" WIDTH="1819">
<String CONTENT="&#169;" HEIGHT="51" HPOS="194" VPOS="738" WIDTH="51" />
<SP HEIGHT="51" HPOS="246" VPOS="738" WIDTH="30" />
<String CONTENT="Dec." HEIGHT="38" HPOS="277" VPOS="743" WIDTH="109" />
<SP HEIGHT="37" HPOS="387" VPOS="744" WIDTH="29" />
<String CONTENT="11." HEIGHT="40" HPOS="417" VPOS="743" WIDTH="67" />
<SP HEIGHT="40" HPOS="485" VPOS="743" WIDTH="28" />
<String CONTENT="1933;" CS="1" HEIGHT="40" HPOS="514" VPOS="742" WIDTH="113" />
<SP HEIGHT="45" HPOS="655" VPOS="742" WIDTH="30" />
<String CONTENT="2c." HEIGHT="39" HPOS="686" VPOS="742" WIDTH="66" />
<SP HEIGHT="37" HPOS="753" VPOS="743" WIDTH="30" />
<String CONTENT="Mar." HEIGHT="38" HPOS="784" VPOS="743" WIDTH="120" />
<SP HEIGHT="40" HPOS="905" VPOS="741" WIDTH="28" />
<String CONTENT="21." HEIGHT="41" HPOS="934" VPOS="741" WIDTH="69" />
<SP HEIGHT="39" HPOS="1004" VPOS="743" WIDTH="29" />
<String CONTENT="1934;" CS="1" HEIGHT="40" HPOS="1034" VPOS="741" WIDTH="113" />
<SP HEIGHT="45" HPOS="1174" VPOS="742" WIDTH="31" />
<String CONTENT="A" HEIGHT="38" HPOS="1206" VPOS="742" WIDTH="40" />
<SP HEIGHT="40" HPOS="1247" VPOS="742" WIDTH="28" />
<String CONTENT="70761;" CS="1" HEIGHT="40" HPOS="1276" VPOS="742" WIDTH="139" />
<SP HEIGHT="45" HPOS="1444" VPOS="743" WIDTH="36" />
<String CONTENT="Sheed" HEIGHT="40" HPOS="1481" VPOS="743" WIDTH="152" />
<SP HEIGHT="39" HPOS="1634" VPOS="743" WIDTH="30" />
<String CONTENT="&amp;" HEIGHT="39" HPOS="1665" VPOS="743" WIDTH="36" />
<SP HEIGHT="39" HPOS="1702" VPOS="743" WIDTH="26" />
<String CONTENT="Ward," HEIGHT="46" HPOS="1729" LANG="en-US" VPOS="743" WIDTH="163" />
<SP HEIGHT="46" HPOS="1893" VPOS="743" WIDTH="30" />
<String CONTENT="inc." HEIGHT="40" HPOS="1924" VPOS="743" WIDTH="89" />
</TextLine>
<TextLine HEIGHT="48" HPOS="275" LANG="fr" VPOS="798" WIDTH="249">
<String CONTENT="(34&#8212;5952)" HEIGHT="48" HPOS="275" VPOS="798" WIDTH="249" />
</TextLine>
<TextLine CS="1" HEIGHT="69" HPOS="194" STYLEREFS="StyleId-040B041B-9014-4374-8CA0-A0A6A9B5C561-" VPOS="900" WIDTH="1833">
<String CONTENT="The" HEIGHT="52" HPOS="194" VPOS="901" WIDTH="119" />
<SP HEIGHT="36" HPOS="314" VPOS="919" WIDTH="35" />
<String CONTENT="comprehensive" HEIGHT="64" HPOS="350" VPOS="901" WIDTH="481" />
<SP HEIGHT="55" HPOS="832" VPOS="901" WIDTH="37" />
<String CONTENT="Standard" HEIGHT="55" HPOS="870" LANG="fr" VPOS="901" WIDTH="291" />
<SP HEIGHT="52" HPOS="1162" VPOS="901" WIDTH="34" />
<String CONTENT="dictionary" HEIGHT="66" HPOS="1197" VPOS="901" WIDTH="321" />
<SP HEIGHT="49" HPOS="1519" VPOS="918" WIDTH="34" />
<String CONTENT="of" HEIGHT="51" HPOS="1554" VPOS="902" WIDTH="61" />
<SP HEIGHT="51" HPOS="1616" VPOS="902" WIDTH="35" />
<String CONTENT="the" HEIGHT="52" HPOS="1652" VPOS="901" WIDTH="93" />
<SP HEIGHT="51" HPOS="1746" VPOS="903" WIDTH="35" />
<String CONTENT="English" HEIGHT="69" HPOS="1782" VPOS="900" WIDTH="245" />
</TextLine>
<TextLine CS="1" HEIGHT="144" HPOS="262" STYLEREFS="StyleId-040B041B-9014-4374-8CA0-A0A6A9B5C561-" VPOS="901" WIDTH="1921">
<String CONTENT="language" HEIGHT="144" HPOS="262" VPOS="901" WIDTH="1895" />
<SP HEIGHT="33" HPOS="445" VPOS="996" WIDTH="49" />
<String CONTENT="&#8230;" CS="1" />
<SP HEIGHT="47" HPOS="550" VPOS="981" WIDTH="51" />
<String CONTENT="1,000" HEIGHT="64" HPOS="602" VPOS="980" WIDTH="151" />
<SP HEIGHT="65" HPOS="754" VPOS="980" WIDTH="43" />
<String CONTENT="pictorial" HEIGHT="67" HPOS="798" VPOS="978" WIDTH="267" />
<SP HEIGHT="51" HPOS="1066" VPOS="978" WIDTH="45" />
<String CONTENT="illustrations;" HEIGHT="66" HPOS="1112" VPOS="978" WIDTH="405" />
<SP HEIGHT="49" HPOS="1518" VPOS="995" WIDTH="49" />
<String CONTENT="abridged" HEIGHT="68" HPOS="1568" VPOS="977" WIDTH="275" />
<SP HEIGHT="53" HPOS="1844" VPOS="977" WIDTH="46" />
<String CONTENT="from" HEIGHT="53" HPOS="1891" VPOS="977" WIDTH="152" />
<SP HEIGHT="47" HPOS="2044" VPOS="982" WIDTH="43" />
<String CONTENT="the" HEIGHT="52" HPOS="2088" VPOS="977" WIDTH="95" />
</TextLine>
<TextLine HEIGHT="72" HPOS="263" STYLEREFS="StyleId-040B041B-9014-4374-8CA0-A0A6A9B5C561-" VPOS="1052" WIDTH="1922">
<String CONTENT="Funk" HEIGHT="53" HPOS="263" VPOS="1054" WIDTH="171" />
<SP HEIGHT="52" HPOS="435" VPOS="1055" WIDTH="27" />
<String CONTENT="&amp;" HEIGHT="50" HPOS="463" VPOS="1055" WIDTH="45" />
<SP HEIGHT="54" HPOS="509" VPOS="1054" WIDTH="28" />
<String CONTENT="Wagnalls" HEIGHT="69" HPOS="538" VPOS="1054" WIDTH="300" />
<SP HEIGHT="35" HPOS="839" VPOS="1074" WIDTH="31" />
<String CONTENT="new" HEIGHT="34" HPOS="871" VPOS="1074" WIDTH="123" />
<SP HEIGHT="56" HPOS="995" VPOS="1053" WIDTH="34" />
<String CONTENT="Standard" HEIGHT="56" HPOS="1030" VPOS="1053" WIDTH="290" />
<SP HEIGHT="52" HPOS="1321" VPOS="1056" WIDTH="33" />
<String CONTENT="dictionary" HEIGHT="70" HPOS="1355" VPOS="1054" WIDTH="323" />
<SP HEIGHT="51" HPOS="1679" VPOS="1073" WIDTH="32" />
<String CONTENT="of" HEIGHT="54" HPOS="1712" VPOS="1053" WIDTH="64" />
<SP HEIGHT="54" HPOS="1777" VPOS="1053" WIDTH="31" />
<String CONTENT="the" HEIGHT="53" HPOS="1809" VPOS="1055" WIDTH="98" />
<SP HEIGHT="55" HPOS="1908" VPOS="1053" WIDTH="30" />
<String CONTENT="English" HEIGHT="71" HPOS="1939" VPOS="1052" WIDTH="246" />
</TextLine>
<TextLine CS="1" HEIGHT="71" HPOS="263" STYLEREFS="StyleId-040B041B-9014-4374-8CA0-A0A6A9B5C561-" VPOS="1130" WIDTH="1923">
<String CONTENT="language" HEIGHT="69" HPOS="263" VPOS="1132" WIDTH="283" />
<SP HEIGHT="53" HPOS="547" VPOS="1132" WIDTH="24" />
<String CONTENT="by" HEIGHT="69" HPOS="572" VPOS="1132" WIDTH="75" />
<SP HEIGHT="68" HPOS="648" VPOS="1133" WIDTH="24" />
<String CONTENT="James" HEIGHT="53" HPOS="673" VPOS="1133" WIDTH="194" />
<SP HEIGHT="55" HPOS="868" VPOS="1132" WIDTH="28" />
<String CONTENT="C." HEIGHT="55" HPOS="897" VPOS="1132" WIDTH="62" />
<SP HEIGHT="53" HPOS="960" VPOS="1133" WIDTH="28" />
<String CONTENT="Fernald" HEIGHT="53" HPOS="989" VPOS="1133" WIDTH="250" />
<SP HEIGHT="53" HPOS="1240" VPOS="1133" WIDTH="30" />
<String CONTENT="&#8230;" CS="1" />
<SP HEIGHT="53" HPOS="1327" VPOS="1132" WIDTH="66" />
<String CONTENT="A" HEIGHT="53" HPOS="1394" VPOS="1132" WIDTH="57" />
<SP HEIGHT="53" HPOS="1452" VPOS="1132" WIDTH="24" />
<String CONTENT="new" HEIGHT="34" HPOS="1477" VPOS="1151" WIDTH="123" />
<SP HEIGHT="34" HPOS="1601" VPOS="1151" WIDTH="27" />
<String CONTENT="ed.," HEIGHT="67" HPOS="1629" VPOS="1133" WIDTH="102" />
<SP HEIGHT="48" HPOS="1732" VPOS="1152" WIDTH="27" />
<String CONTENT="carefully" HEIGHT="71" HPOS="1760" VPOS="1130" WIDTH="283" />
<SP HEIGHT="51" HPOS="2044" VPOS="1150" WIDTH="25" />
<String CONTENT="rev." HEIGHT="37" HPOS="2070" VPOS="1149" WIDTH="116" />
</TextLine>
<TextLine CS="1" HEIGHT="71" HPOS="263" STYLEREFS="StyleId-040B041B-9014-4374-8CA0-A0A6A9B5C561-" VPOS="1208" WIDTH="1923">
<String CONTENT="by" HEIGHT="70" HPOS="263" VPOS="1209" WIDTH="75" />
<SP HEIGHT="68" HPOS="339" VPOS="1211" WIDTH="28" />
<String CONTENT="Frank" HEIGHT="53" HPOS="368" VPOS="1210" WIDTH="197" />
<SP HEIGHT="52" HPOS="566" VPOS="1210" WIDTH="27" />
<String CONTENT="H." HEIGHT="53" HPOS="594" VPOS="1210" WIDTH="77" />
<SP HEIGHT="53" HPOS="672" VPOS="1211" WIDTH="29" />
<String CONTENT="Vizetelly" HEIGHT="69" HPOS="702" VPOS="1210" WIDTH="284" />
<SP HEIGHT="49" HPOS="987" VPOS="1230" WIDTH="34" />
<String CONTENT="&#8230;" CS="1" />
<SP HEIGHT="53" HPOS="1079" VPOS="1210" WIDTH="68" />
<String CONTENT="New" HEIGHT="53" HPOS="1148" VPOS="1210" WIDTH="137" />
<SP HEIGHT="52" HPOS="1286" VPOS="1211" WIDTH="29" />
<String CONTENT="York" HEIGHT="53" HPOS="1316" VPOS="1210" WIDTH="164" />
<SP HEIGHT="53" HPOS="1481" VPOS="1210" WIDTH="27" />
<String CONTENT="and" HEIGHT="52" HPOS="1509" VPOS="1211" WIDTH="111" />
<SP HEIGHT="53" HPOS="1621" VPOS="1210" WIDTH="30" />
<String CONTENT="London," HEIGHT="67" HPOS="1652" VPOS="1210" WIDTH="258" />
<SP HEIGHT="67" HPOS="1911" VPOS="1210" WIDTH="29" />
<String CONTENT="Funk" HEIGHT="54" HPOS="1941" VPOS="1209" WIDTH="171" />
<SP HEIGHT="54" HPOS="2113" VPOS="1208" WIDTH="27" />
<String CONTENT="&amp;" HEIGHT="51" HPOS="2141" VPOS="1208" WIDTH="45" />
</TextLine>
<TextLine HEIGHT="69" HPOS="262" STYLEREFS="StyleId-040B041B-9014-4374-8CA0-A0A6A9B5C561-" VPOS="1287" WIDTH="817">
<String CONTENT="Wagnalls" HEIGHT="69" HPOS="262" VPOS="1287" WIDTH="300" />
<SP HEIGHT="35" HPOS="563" VPOS="1306" WIDTH="32" />
<String CONTENT="company," HEIGHT="51" HPOS="596" VPOS="1305" WIDTH="296" />
<SP HEIGHT="63" HPOS="893" VPOS="1292" WIDTH="34" />
<String CONTENT="1934." HEIGHT="52" HPOS="928" VPOS="1291" WIDTH="151" />
</TextLine>
<TextLine CS="1" HEIGHT="50" HPOS="266" VPOS="1360" WIDTH="991">
<String CONTENT="viii." HEIGHT="42" HPOS="266" VPOS="1360" WIDTH="99" />
<SP HEIGHT="40" HPOS="366" VPOS="1362" WIDTH="32" />
<String CONTENT="759," HEIGHT="46" HPOS="399" VPOS="1361" WIDTH="97" />
<SP HEIGHT="29" HPOS="497" VPOS="1381" WIDTH="36" />
<String CONTENT="[1]" HEIGHT="48" HPOS="534" VPOS="1362" WIDTH="54" />
<SP HEIGHT="39" HPOS="589" VPOS="1371" WIDTH="31" />
<String CONTENT="p." HEIGHT="37" HPOS="621" VPOS="1371" WIDTH="43" />
<SP HEIGHT="39" HPOS="665" VPOS="1361" WIDTH="62" />
<String CONTENT="illus.," HEIGHT="46" HPOS="728" VPOS="1361" WIDTH="142" />
<SP HEIGHT="36" HPOS="871" VPOS="1371" WIDTH="31" />
<String CONTENT="maps." HEIGHT="38" HPOS="903" VPOS="1370" WIDTH="149" />
<SP HEIGHT="41" HPOS="1053" VPOS="1360" WIDTH="59" />
<String CONTENT="19&#189;" CS="1" HEIGHT="41" HPOS="1113" VPOS="1360" WIDTH="58" />
<String CONTENT="cm" HEIGHT="22" HPOS="1199" STYLE="superscript" VPOS="1362" WIDTH="45" />
<String CONTENT="." HEIGHT="9" HPOS="1248" VPOS="1392" WIDTH="9" />
</TextLine>
<TextLine CS="1" HEIGHT="51" HPOS="200" VPOS="1428" WIDTH="1900">
<String CONTENT="&#169;" HEIGHT="51" HPOS="200" VPOS="1428" WIDTH="51" />
<SP HEIGHT="51" HPOS="252" VPOS="1428" WIDTH="28" />
<String CONTENT="Mar." HEIGHT="38" HPOS="281" VPOS="1433" WIDTH="119" />
<SP HEIGHT="40" HPOS="401" VPOS="1431" WIDTH="27" />
<String CONTENT="9," HEIGHT="47" HPOS="429" VPOS="1431" WIDTH="39" />
<SP HEIGHT="45" HPOS="469" VPOS="1433" WIDTH="26" />
<String CONTENT="1934;" HEIGHT="45" HPOS="496" VPOS="1433" WIDTH="140" />
<SP HEIGHT="45" HPOS="637" VPOS="1433" WIDTH="28" />
<String CONTENT="2c." HEIGHT="39" HPOS="666" VPOS="1433" WIDTH="66" />
<SP HEIGHT="28" HPOS="733" VPOS="1443" WIDTH="29" />
<String CONTENT="and" HEIGHT="38" HPOS="763" VPOS="1434" WIDTH="94" />
<SP HEIGHT="38" HPOS="858" VPOS="1434" WIDTH="28" />
<String CONTENT="aff." CS="1" />
<SP HEIGHT="38" HPOS="966" VPOS="1433" WIDTH="29" />
<String CONTENT="Mar." HEIGHT="38" HPOS="996" VPOS="1433" WIDTH="120" />
<SP HEIGHT="37" HPOS="1117" VPOS="1434" WIDTH="28" />
<String CONTENT="13;" HEIGHT="45" HPOS="1146" VPOS="1433" WIDTH="79" />
<SP HEIGHT="45" HPOS="1226" VPOS="1433" WIDTH="29" />
<String CONTENT="A" HEIGHT="38" HPOS="1256" VPOS="1433" WIDTH="41" />
<SP HEIGHT="39" HPOS="1298" VPOS="1433" WIDTH="25" />
<String CONTENT="70658;" HEIGHT="46" HPOS="1324" VPOS="1432" WIDTH="169" />
<SP HEIGHT="45" HPOS="1494" VPOS="1433" WIDTH="30" />
<String CONTENT="Funk" HEIGHT="38" HPOS="1525" VPOS="1433" WIDTH="140" />
<SP HEIGHT="40" HPOS="1666" VPOS="1432" WIDTH="27" />
<String CONTENT="&amp;" HEIGHT="40" HPOS="1694" VPOS="1432" WIDTH="36" />
<SP HEIGHT="40" HPOS="1731" VPOS="1432" WIDTH="24" />
<String CONTENT="Wagnalls" HEIGHT="47" HPOS="1756" VPOS="1432" WIDTH="249" />
<SP HEIGHT="29" HPOS="2006" VPOS="1442" WIDTH="29" />
<String CONTENT="co." HEIGHT="29" HPOS="2036" VPOS="1442" WIDTH="64" />
</TextLine>
<TextLine HEIGHT="47" HPOS="279" VPOS="1489" WIDTH="249">
<String CONTENT="(34-5891)" HEIGHT="47" HPOS="279" VPOS="1489" WIDTH="249" />
</TextLine>
<TextLine CS="1" HEIGHT="69" HPOS="256" STYLEREFS="StyleId-040B041B-9014-4374-8CA0-A0A6A9B5C561-" VPOS="1589" WIDTH="1931">
<String CONTENT="&#8230;" CS="1" />
<SP HEIGHT="53" HPOS="256" VPOS="1591" WIDTH="45" />
<String CONTENT="Corpvs" HEIGHT="63" HPOS="302" VPOS="1591" WIDTH="224" />
<SP HEIGHT="36" HPOS="527" VPOS="1608" WIDTH="36" />
<String CONTENT="vasorvm" HEIGHT="35" HPOS="564" VPOS="1608" WIDTH="262" />
<SP HEIGHT="33" HPOS="827" VPOS="1609" WIDTH="40" />
<String CONTENT="antiqvorvm." HEIGHT="68" HPOS="868" VPOS="1590" WIDTH="373" />
<SP HEIGHT="53" HPOS="1242" VPOS="1592" WIDTH="72" />
<String CONTENT="United" HEIGHT="54" HPOS="1315" VPOS="1591" WIDTH="218" />
<SP HEIGHT="55" HPOS="1534" VPOS="1591" WIDTH="41" />
<String CONTENT="States" HEIGHT="54" HPOS="1576" VPOS="1592" WIDTH="188" />
<SP HEIGHT="34" HPOS="1765" VPOS="1609" WIDTH="37" />
<String CONTENT="of" HEIGHT="53" HPOS="1803" VPOS="1589" WIDTH="64" />
<SP HEIGHT="54" HPOS="1868" VPOS="1589" WIDTH="36" />
<String CONTENT="America," HEIGHT="54" HPOS="1905" VPOS="1589" WIDTH="282" />
</TextLine>
<TextLine HEIGHT="70" HPOS="271" STYLEREFS="StyleId-040B041B-9014-4374-8CA0-A0A6A9B5C561-" VPOS="1666" WIDTH="1915">
<String CONTENT="[fasc." HEIGHT="67" HPOS="271" VPOS="1666" WIDTH="155" />
<SP HEIGHT="48" HPOS="427" VPOS="1672" WIDTH="35" />
<String CONTENT="4]" HEIGHT="61" HPOS="463" VPOS="1672" WIDTH="47" />
<SP HEIGHT="61" HPOS="511" VPOS="1672" WIDTH="74" />
<String CONTENT="The" HEIGHT="52" HPOS="586" VPOS="1669" WIDTH="119" />
<SP HEIGHT="51" HPOS="706" VPOS="1670" WIDTH="33" />
<String CONTENT="Robinson" HEIGHT="53" HPOS="740" VPOS="1668" WIDTH="292" />
<SP HEIGHT="33" HPOS="1033" VPOS="1689" WIDTH="34" />
<String CONTENT="collection," HEIGHT="66" HPOS="1068" VPOS="1670" WIDTH="309" />
<SP HEIGHT="65" HPOS="1378" VPOS="1671" WIDTH="32" />
<String CONTENT="Baltimore," HEIGHT="67" HPOS="1411" VPOS="1668" WIDTH="333" />
<SP HEIGHT="66" HPOS="1745" VPOS="1669" WIDTH="30" />
<String CONTENT="Md." HEIGHT="52" HPOS="1776" LANG="fr" VPOS="1669" WIDTH="121" />
<SP HEIGHT="52" HPOS="1898" VPOS="1667" WIDTH="67" />
<String CONTENT="fasc." HEIGHT="54" HPOS="1966" VPOS="1667" WIDTH="138" />
<SP HEIGHT="50" HPOS="2105" VPOS="1671" WIDTH="36" />
<String CONTENT="1." HEIGHT="48" HPOS="2142" VPOS="1671" WIDTH="44" />
</TextLine>
<TextLine HEIGHT="67" HPOS="267" STYLEREFS="StyleId-040B041B-9014-4374-8CA0-A0A6A9B5C561-" VPOS="1746" WIDTH="1920">
<String CONTENT="By" HEIGHT="65" HPOS="267" VPOS="1746" WIDTH="90" />
<SP HEIGHT="63" HPOS="358" VPOS="1748" WIDTH="29" />
<String CONTENT="David" HEIGHT="53" HPOS="388" VPOS="1746" WIDTH="192" />
<SP HEIGHT="51" HPOS="581" VPOS="1748" WIDTH="29" />
<String CONTENT="Moore" HEIGHT="50" HPOS="611" VPOS="1749" WIDTH="196" />
<SP HEIGHT="50" HPOS="808" VPOS="1749" WIDTH="30" />
<String CONTENT="Robinson," HEIGHT="66" HPOS="839" VPOS="1747" WIDTH="308" />
<SP HEIGHT="47" HPOS="1148" VPOS="1766" WIDTH="27" />
<String CONTENT="with" HEIGHT="51" HPOS="1176" VPOS="1747" WIDTH="141" />
<SP HEIGHT="50" HPOS="1318" VPOS="1748" WIDTH="28" />
<String CONTENT="the" HEIGHT="50" HPOS="1347" VPOS="1748" WIDTH="96" />
<SP HEIGHT="34" HPOS="1444" VPOS="1766" WIDTH="30" />
<String CONTENT="assistance" HEIGHT="53" HPOS="1475" VPOS="1747" WIDTH="305" />
<SP HEIGHT="34" HPOS="1781" VPOS="1765" WIDTH="27" />
<String CONTENT="of" HEIGHT="53" HPOS="1809" VPOS="1746" WIDTH="61" />
<SP HEIGHT="52" HPOS="1871" VPOS="1746" WIDTH="27" />
<String CONTENT="Mary" HEIGHT="66" HPOS="1899" VPOS="1747" WIDTH="170" />
<SP HEIGHT="65" HPOS="2070" VPOS="1748" WIDTH="26" />
<String CONTENT="W." HEIGHT="51" HPOS="2097" VPOS="1748" WIDTH="90" />
</TextLine>
<TextLine HEIGHT="70" HPOS="265" STYLEREFS="StyleId-040B041B-9014-4374-8CA0-A0A6A9B5C561-" VPOS="1823" WIDTH="1925">
<String CONTENT="McGehee." HEIGHT="54" HPOS="265" VPOS="1823" WIDTH="301" />
<SP HEIGHT="54" HPOS="567" VPOS="1826" WIDTH="92" />
<String CONTENT="Cambridge," HEIGHT="68" HPOS="660" VPOS="1825" WIDTH="361" />
<SP HEIGHT="64" HPOS="1022" VPOS="1827" WIDTH="49" />
<String CONTENT="Mass.," HEIGHT="64" HPOS="1072" VPOS="1827" WIDTH="190" />
<SP HEIGHT="65" HPOS="1263" VPOS="1826" WIDTH="52" />
<String CONTENT="Harvard" HEIGHT="52" HPOS="1316" VPOS="1825" WIDTH="274" />
<SP HEIGHT="52" HPOS="1591" VPOS="1825" WIDTH="53" />
<String CONTENT="university" HEIGHT="68" HPOS="1645" VPOS="1823" WIDTH="317" />
<SP HEIGHT="49" HPOS="1963" VPOS="1843" WIDTH="53" />
<String CONTENT="press," HEIGHT="49" HPOS="2017" VPOS="1843" WIDTH="173" />
</TextLine>
<TextLine HEIGHT="51" HPOS="270" STYLEREFS="StyleId-040B041B-9014-4374-8CA0-A0A6A9B5C561-" VPOS="1906" WIDTH="148">
<String CONTENT="1934." HEIGHT="51" HPOS="270" VPOS="1906" WIDTH="148" />
</TextLine>
<TextLine HEIGHT="48" HPOS="275" VPOS="1976" WIDTH="1168">
<String CONTENT="57" HEIGHT="38" HPOS="275" VPOS="1978" WIDTH="54" />
<SP HEIGHT="46" HPOS="330" VPOS="1978" WIDTH="25" />
<String CONTENT="p." HEIGHT="36" HPOS="356" VPOS="1988" WIDTH="42" />
<SP HEIGHT="39" HPOS="399" VPOS="1977" WIDTH="54" />
<String CONTENT="illus.," HEIGHT="45" HPOS="454" VPOS="1977" WIDTH="139" />
<SP HEIGHT="45" HPOS="594" VPOS="1977" WIDTH="27" />
<String CONTENT="48" HEIGHT="39" HPOS="622" VPOS="1977" WIDTH="59" />
<SP HEIGHT="39" HPOS="682" VPOS="1977" WIDTH="22" />
<String CONTENT="numb," HEIGHT="37" HPOS="705" VPOS="1979" WIDTH="159" />
<SP HEIGHT="36" HPOS="865" VPOS="1988" WIDTH="27" />
<String CONTENT="plates" HEIGHT="46" HPOS="893" VPOS="1978" WIDTH="155" />
<SP HEIGHT="47" HPOS="1049" VPOS="1976" WIDTH="27" />
<String CONTENT="(2" HEIGHT="47" HPOS="1077" VPOS="1976" WIDTH="52" />
<SP HEIGHT="39" HPOS="1130" VPOS="1976" WIDTH="22" />
<String CONTENT="col.)" HEIGHT="46" HPOS="1153" VPOS="1976" WIDTH="110" />
<SP HEIGHT="46" HPOS="1264" VPOS="1976" WIDTH="63" />
<String CONTENT="38" HEIGHT="40" HPOS="1328" VPOS="1976" WIDTH="54" />
<String CONTENT="cm" HEIGHT="20" HPOS="1387" STYLE="superscript" VPOS="1978" WIDTH="43" />
<String CONTENT="." HEIGHT="7" HPOS="1436" VPOS="2009" WIDTH="7" />
</TextLine>
<TextLine CS="1" HEIGHT="47" HPOS="272" VPOS="2032" WIDTH="1406">
<String CONTENT="At" HEIGHT="39" HPOS="272" LANG="en-US" VPOS="2034" WIDTH="63" />
<SP HEIGHT="39" HPOS="336" VPOS="2034" WIDTH="26" />
<String CONTENT="head" HEIGHT="38" HPOS="363" LANG="en-US" VPOS="2034" WIDTH="123" />
<SP HEIGHT="38" HPOS="487" VPOS="2034" WIDTH="28" />
<String CONTENT="of" HEIGHT="39" HPOS="516" LANG="en-US" VPOS="2033" WIDTH="50" />
<SP HEIGHT="40" HPOS="567" VPOS="2033" WIDTH="26" />
<String CONTENT="title:" CS="1" HEIGHT="40" HPOS="594" LANG="en-US" VPOS="2033" WIDTH="108" />
<SP HEIGHT="39" HPOS="730" VPOS="2033" WIDTH="30" />
<String CONTENT="Union" HEIGHT="39" HPOS="761" LANG="en-US" VPOS="2033" WIDTH="159" />
<SP HEIGHT="28" HPOS="921" VPOS="2044" WIDTH="26" />
<String CONTENT="acad&#233;mique" HEIGHT="47" HPOS="948" LANG="fr" VPOS="2032" WIDTH="308" />
<SP HEIGHT="39" HPOS="1257" VPOS="2033" WIDTH="28" />
<String CONTENT="internationale." HEIGHT="39" HPOS="1286" LANG="fr" VPOS="2033" WIDTH="392" />
</TextLine>
<TextLine HEIGHT="47" HPOS="274" VPOS="2090" WIDTH="330">
<String CONTENT="In" HEIGHT="37" HPOS="274" VPOS="2092" WIDTH="56" />
<SP HEIGHT="36" HPOS="331" VPOS="2101" WIDTH="28" />
<String CONTENT="portfolio." HEIGHT="47" HPOS="360" VPOS="2090" WIDTH="244" />
</TextLine>
<TextLine CS="1" HEIGHT="53" HPOS="207" VPOS="2153" WIDTH="1986">
<String CONTENT="&#169;" HEIGHT="51" HPOS="207" VPOS="2155" WIDTH="51" />
<SP HEIGHT="51" HPOS="259" VPOS="2155" WIDTH="36" />
<String CONTENT="Jan." HEIGHT="40" HPOS="296" VPOS="2160" WIDTH="107" />
<SP HEIGHT="41" HPOS="404" VPOS="2159" WIDTH="35" />
<String CONTENT="25," HEIGHT="46" HPOS="440" VPOS="2159" WIDTH="67" />
<SP HEIGHT="44" HPOS="508" VPOS="2161" WIDTH="36" />
<String CONTENT="1934;" HEIGHT="46" HPOS="545" VPOS="2159" WIDTH="139" />
<SP HEIGHT="45" HPOS="685" VPOS="2160" WIDTH="35" />
<String CONTENT="2c." HEIGHT="39" HPOS="721" VPOS="2160" WIDTH="68" />
<SP HEIGHT="40" HPOS="790" VPOS="2159" WIDTH="33" />
<String CONTENT="Jan." HEIGHT="39" HPOS="824" VPOS="2159" WIDTH="108" />
<SP HEIGHT="38" HPOS="933" VPOS="2160" WIDTH="35" />
<String CONTENT="29;" HEIGHT="47" HPOS="969" VPOS="2158" WIDTH="80" />
<SP HEIGHT="36" HPOS="1050" VPOS="2169" WIDTH="38" />
<String CONTENT="aff." CS="1" />
<SP HEIGHT="39" HPOS="1169" VPOS="2158" WIDTH="36" />
<String CONTENT="Feb." HEIGHT="40" HPOS="1206" VPOS="2158" WIDTH="109" />
<SP HEIGHT="40" HPOS="1316" VPOS="2158" WIDTH="35" />
<String CONTENT="9;" HEIGHT="45" HPOS="1352" VPOS="2158" WIDTH="52" />
<SP HEIGHT="44" HPOS="1405" VPOS="2159" WIDTH="37" />
<String CONTENT="A" HEIGHT="37" HPOS="1443" VPOS="2159" WIDTH="40" />
<SP HEIGHT="39" HPOS="1484" VPOS="2159" WIDTH="35" />
<String CONTENT="70693;" HEIGHT="46" HPOS="1520" VPOS="2157" WIDTH="166" />
<SP HEIGHT="46" HPOS="1687" VPOS="2157" WIDTH="39" />
<String CONTENT="Amer," HEIGHT="39" HPOS="1727" LANG="fr" VPOS="2157" WIDTH="154" />
<SP HEIGHT="29" HPOS="1882" VPOS="2168" WIDTH="37" />
<String CONTENT="council" HEIGHT="44" HPOS="1920" VPOS="2153" WIDTH="187" />
<SP HEIGHT="39" HPOS="2108" VPOS="2158" WIDTH="35" />
<String CONTENT="of" HEIGHT="40" HPOS="2144" VPOS="2157" WIDTH="49" />
</TextLine>
<TextLine HEIGHT="48" HPOS="277" VPOS="2215" WIDTH="972">
<String CONTENT="learned" HEIGHT="38" HPOS="277" VPOS="2217" WIDTH="197" />
<SP HEIGHT="38" HPOS="475" VPOS="2217" WIDTH="29" />
<String CONTENT="societies," HEIGHT="47" HPOS="505" VPOS="2215" WIDTH="235" />
<SP HEIGHT="47" HPOS="741" VPOS="2215" WIDTH="33" />
<String CONTENT="Cambridge," HEIGHT="48" HPOS="775" VPOS="2215" WIDTH="298" />
<SP HEIGHT="45" HPOS="1074" VPOS="2216" WIDTH="31" />
<String CONTENT="Mass." HEIGHT="38" HPOS="1106" VPOS="2216" WIDTH="143" />
</TextLine>
<TextLine HEIGHT="67" HPOS="208" STYLEREFS="StyleId-040B041B-9014-4374-8CA0-A0A6A9B5C561-" VPOS="2316" WIDTH="962">
<String CONTENT="Cureton," HEIGHT="67" HPOS="208" VPOS="2316" WIDTH="275" />
<SP HEIGHT="64" HPOS="484" VPOS="2319" WIDTH="27" />
<String CONTENT="Thomas" HEIGHT="54" HPOS="512" VPOS="2317" WIDTH="260" />
<SP HEIGHT="53" HPOS="773" VPOS="2318" WIDTH="26" />
<String CONTENT="Kirk," HEIGHT="65" HPOS="800" VPOS="2316" WIDTH="166" />
<SP HEIGHT="60" HPOS="967" VPOS="2321" WIDTH="32" />
<String CONTENT="1901-" HEIGHT="49" HPOS="1000" VPOS="2320" WIDTH="170" />
</TextLine>
<TextLine CS="1" HEIGHT="135" HPOS="203" STYLEREFS="StyleId-040B041B-9014-4374-8CA0-A0A6A9B5C561-" VPOS="2392" WIDTH="1970">
<String CONTENT="How" HEIGHT="53" HPOS="278" VPOS="2394" WIDTH="149" />
<SP HEIGHT="46" HPOS="428" VPOS="2401" WIDTH="23" />
<String CONTENT="to" HEIGHT="47" HPOS="452" VPOS="2401" WIDTH="58" />
<SP HEIGHT="47" HPOS="511" VPOS="2401" WIDTH="27" />
<String CONTENT="teach" HEIGHT="51" HPOS="539" VPOS="2396" WIDTH="162" />
<SP HEIGHT="51" HPOS="702" VPOS="2396" WIDTH="27" />
<String CONTENT="swimming" HEIGHT="68" HPOS="730" VPOS="2395" WIDTH="323" />
<SP HEIGHT="50" HPOS="1054" VPOS="2413" WIDTH="25" />
<String CONTENT="and" HEIGHT="53" HPOS="1080" VPOS="2394" WIDTH="110" />
<SP HEIGHT="52" HPOS="1191" VPOS="2394" WIDTH="28" />
<String CONTENT="diving," HEIGHT="69" HPOS="1220" VPOS="2394" WIDTH="218" />
<SP HEIGHT="67" HPOS="1439" VPOS="2394" WIDTH="26" />
<String CONTENT="by" HEIGHT="67" HPOS="1466" VPOS="2394" WIDTH="75" />
<SP HEIGHT="66" HPOS="1542" VPOS="2395" WIDTH="26" />
<String CONTENT="Thomas" HEIGHT="51" HPOS="1569" VPOS="2394" WIDTH="246" />
<SP HEIGHT="52" HPOS="1816" VPOS="2393" WIDTH="27" />
<String CONTENT="Kirk" HEIGHT="52" HPOS="1844" VPOS="2392" WIDTH="153" />
<SP HEIGHT="55" HPOS="1998" VPOS="2392" WIDTH="26" />
<String CONTENT="Cureton." HEIGHT="135" HPOS="203" VPOS="2392" WIDTH="1970" />
</TextLine>
<TextLine CS="1" HEIGHT="68" HPOS="355" STYLEREFS="StyleId-040B041B-9014-4374-8CA0-A0A6A9B5C561-" VPOS="2472" WIDTH="1598">
<String CONTENT="jr." HEIGHT="66" HPOS="355" VPOS="2473" WIDTH="69" />
<SP HEIGHT="9" HPOS="425" VPOS="2516" WIDTH="42" />
<String CONTENT="&#8230;" CS="1" />
<SP HEIGHT="35" HPOS="523" VPOS="2490" WIDTH="77" />
<String CONTENT="v." HEIGHT="35" HPOS="601" VPOS="2490" WIDTH="50" />
<SP HEIGHT="47" HPOS="652" VPOS="2478" WIDTH="39" />
<String CONTENT="1." HEIGHT="48" HPOS="692" VPOS="2478" WIDTH="44" />
<SP HEIGHT="51" HPOS="737" VPOS="2475" WIDTH="74" />
<String CONTENT="New" HEIGHT="51" HPOS="812" VPOS="2475" WIDTH="137" />
<SP HEIGHT="50" HPOS="950" VPOS="2476" WIDTH="34" />
<String CONTENT="York," HEIGHT="68" HPOS="985" VPOS="2472" WIDTH="178" />
<SP HEIGHT="66" HPOS="1164" VPOS="2474" WIDTH="33" />
<String CONTENT="Association" HEIGHT="52" HPOS="1198" VPOS="2473" WIDTH="360" />
<SP HEIGHT="49" HPOS="1559" VPOS="2491" WIDTH="34" />
<String CONTENT="press," HEIGHT="51" HPOS="1594" VPOS="2489" WIDTH="173" />
<SP HEIGHT="62" HPOS="1768" VPOS="2476" WIDTH="36" />
<String CONTENT="1934." HEIGHT="49" HPOS="1805" VPOS="2474" WIDTH="148" />
</TextLine>
<TextLine CS="1" HEIGHT="47" HPOS="277" VPOS="2546" WIDTH="1145">
<String CONTENT="xiii," HEIGHT="46" HPOS="277" VPOS="2547" WIDTH="101" />
<SP />
<String CONTENT="238" HEIGHT="39" HPOS="406" VPOS="2547" WIDTH="88" />
<SP HEIGHT="46" HPOS="495" VPOS="2547" WIDTH="23" />
<String CONTENT="p." HEIGHT="36" HPOS="519" VPOS="2557" WIDTH="39" />
<SP HEIGHT="37" HPOS="559" VPOS="2547" WIDTH="58" />
<String CONTENT="illus.," CS="1" HEIGHT="38" HPOS="618" VPOS="2547" WIDTH="112" />
<SP HEIGHT="41" HPOS="760" VPOS="2548" WIDTH="26" />
<String CONTENT="fold," HEIGHT="38" HPOS="787" VPOS="2548" WIDTH="117" />
<SP HEIGHT="34" HPOS="905" VPOS="2552" WIDTH="30" />
<String CONTENT="tables," HEIGHT="45" HPOS="936" VPOS="2547" WIDTH="166" />
<SP HEIGHT="44" HPOS="1103" VPOS="2548" WIDTH="29" />
<String CONTENT="diagrs." HEIGHT="47" HPOS="1133" VPOS="2546" WIDTH="176" />
<SP HEIGHT="37" HPOS="1310" VPOS="2547" WIDTH="57" />
<String CONTENT="23&#189;cm." CS="1" HEIGHT="39" HPOS="1368" VPOS="2546" WIDTH="54" />
</TextLine>
<TextLine HEIGHT="50" HPOS="282" VPOS="2601" WIDTH="1796">
<String CONTENT="&#8220;Supplementary" HEIGHT="48" HPOS="282" VPOS="2602" WIDTH="432" />
<SP HEIGHT="47" HPOS="715" VPOS="2603" WIDTH="37" />
<String CONTENT="bibliography&#8221;" HEIGHT="49" HPOS="753" VPOS="2602" WIDTH="363" />
<SP HEIGHT="39" HPOS="1117" VPOS="2602" WIDTH="40" />
<String CONTENT="at" HEIGHT="37" HPOS="1158" VPOS="2605" WIDTH="51" />
<SP HEIGHT="37" HPOS="1210" VPOS="2605" WIDTH="38" />
<String CONTENT="end" HEIGHT="39" HPOS="1249" VPOS="2603" WIDTH="91" />
<SP HEIGHT="39" HPOS="1341" VPOS="2603" WIDTH="39" />
<String CONTENT="of" HEIGHT="40" HPOS="1381" VPOS="2602" WIDTH="50" />
<SP HEIGHT="39" HPOS="1432" VPOS="2602" WIDTH="35" />
<String CONTENT="most" HEIGHT="38" HPOS="1468" VPOS="2604" WIDTH="126" />
<SP HEIGHT="37" HPOS="1595" VPOS="2604" WIDTH="37" />
<String CONTENT="of" HEIGHT="40" HPOS="1633" VPOS="2601" WIDTH="50" />
<SP HEIGHT="39" HPOS="1684" VPOS="2601" WIDTH="35" />
<String CONTENT="the" HEIGHT="40" HPOS="1720" VPOS="2601" WIDTH="82" />
<SP HEIGHT="31" HPOS="1803" VPOS="2610" WIDTH="36" />
<String CONTENT="chapters." HEIGHT="48" HPOS="1840" VPOS="2601" WIDTH="238" />
</TextLine>
<TextLine CS="1" HEIGHT="52" HPOS="212" VPOS="2669" WIDTH="1986">
<String CONTENT="&#169;" HEIGHT="52" HPOS="212" VPOS="2669" WIDTH="51" />
<SP HEIGHT="52" HPOS="264" VPOS="2669" WIDTH="30" />
<String CONTENT="Feb." HEIGHT="40" HPOS="295" VPOS="2674" WIDTH="110" />
<SP HEIGHT="38" HPOS="406" VPOS="2676" WIDTH="30" />
<String CONTENT="14." HEIGHT="39" HPOS="437" VPOS="2676" WIDTH="68" />
<SP HEIGHT="39" HPOS="506" VPOS="2676" WIDTH="30" />
<String CONTENT="1934;" CS="1" />
<SP HEIGHT="38" HPOS="677" VPOS="2675" WIDTH="32" />
<String CONTENT="2c." HEIGHT="38" HPOS="710" VPOS="2675" WIDTH="65" />
<SP HEIGHT="39" HPOS="776" VPOS="2674" WIDTH="32" />
<String CONTENT="Feb." HEIGHT="39" HPOS="809" VPOS="2674" WIDTH="109" />
<SP HEIGHT="38" HPOS="919" VPOS="2675" WIDTH="31" />
<String CONTENT="19:" HEIGHT="40" HPOS="951" VPOS="2673" WIDTH="81" />
<SP HEIGHT="29" HPOS="1033" VPOS="2684" WIDTH="34" />
<String CONTENT="aff." HEIGHT="40" HPOS="1068" VPOS="2672" WIDTH="80" />
<SP HEIGHT="38" HPOS="1149" VPOS="2674" WIDTH="30" />
<String CONTENT="Mar." HEIGHT="37" HPOS="1180" VPOS="2674" WIDTH="119" />
<SP HEIGHT="38" HPOS="1300" VPOS="2673" WIDTH="32" />
<String CONTENT="21:" HEIGHT="39" HPOS="1333" VPOS="2673" WIDTH="81" />
<SP HEIGHT="39" HPOS="1415" VPOS="2673" WIDTH="34" />
<String CONTENT="A" HEIGHT="38" HPOS="1450" VPOS="2673" WIDTH="39" />
<SP HEIGHT="39" HPOS="1490" VPOS="2673" WIDTH="31" />
<String CONTENT="70741;" HEIGHT="47" HPOS="1522" VPOS="2672" WIDTH="169" />
<SP HEIGHT="47" HPOS="1692" VPOS="2672" WIDTH="35" />
<String CONTENT="General" HEIGHT="39" HPOS="1728" VPOS="2672" WIDTH="204" />
<SP HEIGHT="38" HPOS="1933" VPOS="2672" WIDTH="32" />
<String CONTENT="board" HEIGHT="38" HPOS="1966" VPOS="2672" WIDTH="148" />
<SP HEIGHT="38" HPOS="2115" VPOS="2672" WIDTH="32" />
<String CONTENT="of" HEIGHT="41" HPOS="2148" VPOS="2669" WIDTH="50" />
</TextLine>
<TextLine HEIGHT="48" HPOS="282" VPOS="2729" WIDTH="954">
<String CONTENT="Y." HEIGHT="38" HPOS="282" LANG="fr" VPOS="2731" WIDTH="50" />
<SP HEIGHT="37" HPOS="333" VPOS="2732" WIDTH="29" />
<String CONTENT="M." HEIGHT="38" HPOS="363" VPOS="2732" WIDTH="61" />
<SP HEIGHT="40" HPOS="425" VPOS="2730" WIDTH="28" />
<String CONTENT="C." HEIGHT="40" HPOS="454" VPOS="2730" WIDTH="46" />
<SP HEIGHT="38" HPOS="501" VPOS="2732" WIDTH="29" />
<String CONTENT="A.," HEIGHT="45" HPOS="531" VPOS="2732" WIDTH="67" />
<SP HEIGHT="45" HPOS="599" VPOS="2732" WIDTH="29" />
<String CONTENT="New" HEIGHT="37" HPOS="629" VPOS="2732" WIDTH="116" />
<SP HEIGHT="38" HPOS="746" VPOS="2731" WIDTH="26" />
<String CONTENT="York." HEIGHT="38" HPOS="773" VPOS="2731" WIDTH="143" />
<SP HEIGHT="47" HPOS="917" VPOS="2730" WIDTH="70" />
<String CONTENT="(34-5885)" HEIGHT="48" HPOS="988" VPOS="2729" WIDTH="248" />
</TextLine>
<TextLine HEIGHT="68" HPOS="211" STYLEREFS="StyleId-A0CEFFF9-5709-40C6-88AE-B8C981177D40-" VPOS="2830" WIDTH="1253">
<String CONTENT="Cushny," HEIGHT="68" HPOS="211" VPOS="2830" WIDTH="260" />
<SP HEIGHT="64" HPOS="472" VPOS="2834" WIDTH="28" />
<String CONTENT="Arthur" HEIGHT="53" HPOS="501" VPOS="2833" WIDTH="232" />
<SP HEIGHT="51" HPOS="734" VPOS="2835" WIDTH="26" />
<String CONTENT="Robertson," HEIGHT="63" HPOS="761" VPOS="2834" WIDTH="347" />
<SP HEIGHT="61" HPOS="1109" VPOS="2836" WIDTH="31" />
<String CONTENT="1866-1926." HEIGHT="51" HPOS="1141" VPOS="2835" WIDTH="323" />
</TextLine>
<TextLine CS="1" HEIGHT="72" HPOS="281" STYLEREFS="StyleId-040B041B-9014-4374-8CA0-A0A6A9B5C561-" VPOS="2907" WIDTH="1919">
<String CONTENT="A" HEIGHT="52" HPOS="281" VPOS="2909" WIDTH="54" />
<SP HEIGHT="54" HPOS="336" VPOS="2909" WIDTH="45" />
<String CONTENT="text-book" HEIGHT="54" HPOS="382" VPOS="2910" WIDTH="294" />
<SP HEIGHT="53" HPOS="677" VPOS="2911" WIDTH="47" />
<String CONTENT="of" HEIGHT="53" HPOS="725" VPOS="2911" WIDTH="62" />
<SP HEIGHT="68" HPOS="788" VPOS="2911" WIDTH="46" />
<String CONTENT="pharmacology" HEIGHT="69" HPOS="835" VPOS="2910" WIDTH="445" />
<SP HEIGHT="49" HPOS="1281" VPOS="2929" WIDTH="46" />
<String CONTENT="and" HEIGHT="53" HPOS="1328" VPOS="2910" WIDTH="111" />
<SP HEIGHT="52" HPOS="1440" VPOS="2910" WIDTH="47" />
<String CONTENT="therapeutics;" CS="1" HEIGHT="68" HPOS="1488" VPOS="2909" WIDTH="383" />
<SP HEIGHT="47" HPOS="1901" VPOS="2927" WIDTH="51" />
<String CONTENT="or," HEIGHT="47" HPOS="1953" VPOS="2927" WIDTH="79" />
<SP HEIGHT="67" HPOS="2033" VPOS="2907" WIDTH="47" />
<String CONTENT="The" HEIGHT="52" HPOS="2081" VPOS="2907" WIDTH="119" />
</TextLine>
<TextLine CS="1" HEIGHT="71" HPOS="214" STYLEREFS="StyleId-040B041B-9014-4374-8CA0-A0A6A9B5C561-" VPOS="2986" WIDTH="1927">
<String CONTENT="action" HEIGHT="52" HPOS="214" VPOS="2988" WIDTH="186" />
<SP HEIGHT="34" HPOS="401" VPOS="3006" WIDTH="26" />
<String CONTENT="of" HEIGHT="52" HPOS="428" VPOS="2988" WIDTH="62" />
<SP HEIGHT="51" HPOS="491" VPOS="2988" WIDTH="26" />
<String CONTENT="drugs" HEIGHT="69" HPOS="518" VPOS="2988" WIDTH="176" />
<SP HEIGHT="52" HPOS="695" VPOS="2989" WIDTH="23" />
<String CONTENT="in" HEIGHT="51" HPOS="719" VPOS="2989" WIDTH="60" />
<SP HEIGHT="50" HPOS="780" VPOS="2990" WIDTH="23" />
<String CONTENT="health" HEIGHT="51" HPOS="804" VPOS="2989" WIDTH="195" />
<SP HEIGHT="52" HPOS="1000" VPOS="2989" WIDTH="28" />
<String CONTENT="and" HEIGHT="52" HPOS="1029" VPOS="2989" WIDTH="111" />
<SP HEIGHT="52" HPOS="1141" VPOS="2988" WIDTH="25" />
<String CONTENT="disease," HEIGHT="67" HPOS="1167" VPOS="2988" WIDTH="229" />
<SP HEIGHT="66" HPOS="1397" VPOS="2989" WIDTH="26" />
<String CONTENT="by" HEIGHT="67" HPOS="1424" VPOS="2989" WIDTH="75" />
<SP HEIGHT="68" HPOS="1500" VPOS="2988" WIDTH="24" />
<String CONTENT="Arthur" HEIGHT="51" HPOS="1525" VPOS="2988" WIDTH="225" />
<SP HEIGHT="51" HPOS="1751" VPOS="2988" WIDTH="24" />
<String CONTENT="R." HEIGHT="51" HPOS="1776" VPOS="2988" WIDTH="68" />
<SP HEIGHT="55" HPOS="1845" VPOS="2986" WIDTH="30" />
<String CONTENT="Cushny" HEIGHT="67" HPOS="1876" VPOS="2986" WIDTH="234" />
<SP HEIGHT="49" HPOS="2111" VPOS="3004" WIDTH="30" />
<String CONTENT="&#8230;" CS="1" />
</TextLine>
<TextLine CS="1" HEIGHT="72" HPOS="216" STYLEREFS="StyleId-040B041B-9014-4374-8CA0-A0A6A9B5C561-" VPOS="3063" WIDTH="1984">
<String CONTENT="10th" HEIGHT="51" HPOS="216" VPOS="3066" WIDTH="131" />
<SP HEIGHT="52" HPOS="348" VPOS="3066" WIDTH="39" />
<String CONTENT="ed.," HEIGHT="67" HPOS="388" VPOS="3066" WIDTH="103" />
<SP HEIGHT="61" HPOS="492" VPOS="3072" WIDTH="38" />
<String CONTENT="thoroughly" HEIGHT="68" HPOS="531" VPOS="3067" WIDTH="350" />
<SP HEIGHT="49" HPOS="882" VPOS="3086" WIDTH="39" />
<String CONTENT="rev." HEIGHT="33" HPOS="922" VPOS="3085" WIDTH="114" />
<SP HEIGHT="52" HPOS="1037" VPOS="3066" WIDTH="39" />
<String CONTENT="by" HEIGHT="68" HPOS="1077" VPOS="3066" WIDTH="75" />
<SP HEIGHT="69" HPOS="1153" VPOS="3065" WIDTH="41" />
<String CONTENT="C." HEIGHT="55" HPOS="1195" LANG="fr" VPOS="3065" WIDTH="62" />
<SP HEIGHT="53" HPOS="1258" VPOS="3067" WIDTH="40" />
<String CONTENT="W." HEIGHT="53" HPOS="1299" VPOS="3067" WIDTH="89" />
<SP HEIGHT="51" HPOS="1389" VPOS="3067" WIDTH="40" />
<String CONTENT="Edmunds" HEIGHT="52" HPOS="1430" VPOS="3066" WIDTH="300" />
<SP HEIGHT="33" HPOS="1731" VPOS="3085" WIDTH="45" />
<String CONTENT="&#8230;" CS="1" />
<SP HEIGHT="34" HPOS="1833" VPOS="3084" WIDTH="44" />
<String CONTENT="and" HEIGHT="54" HPOS="1878" VPOS="3064" WIDTH="111" />
<SP HEIGHT="54" HPOS="1990" VPOS="3064" WIDTH="40" />
<String CONTENT="J." HEIGHT="53" HPOS="2031" VPOS="3065" WIDTH="57" />
<SP HEIGHT="52" HPOS="2089" VPOS="3063" WIDTH="40" />
<String CONTENT="A." HEIGHT="53" HPOS="2130" VPOS="3063" WIDTH="70" />
</TextLine>
<TextLine CS="1" HEIGHT="71" HPOS="215" STYLEREFS="StyleId-040B041B-9014-4374-8CA0-A0A6A9B5C561-" VPOS="3142" WIDTH="1987">
<String CONTENT="Gunn" HEIGHT="54" HPOS="215" VPOS="3142" WIDTH="172" />
<SP HEIGHT="34" HPOS="388" VPOS="3161" WIDTH="36" />
<String CONTENT="&#8230;" CS="1" />
<SP HEIGHT="51" HPOS="481" VPOS="3145" WIDTH="74" />
<String CONTENT="Illustrated" HEIGHT="55" HPOS="556" VPOS="3142" WIDTH="336" />
<SP HEIGHT="52" HPOS="893" VPOS="3145" WIDTH="34" />
<String CONTENT="with" HEIGHT="53" HPOS="928" VPOS="3145" WIDTH="139" />
<SP HEIGHT="53" HPOS="1068" VPOS="3144" WIDTH="31" />
<String CONTENT="75" HEIGHT="53" HPOS="1100" VPOS="3144" WIDTH="64" />
<SP HEIGHT="47" HPOS="1165" VPOS="3150" WIDTH="33" />
<String CONTENT="engravings." HEIGHT="69" HPOS="1199" VPOS="3144" WIDTH="360" />
<SP HEIGHT="51" HPOS="1560" VPOS="3145" WIDTH="69" />
<String CONTENT="Philadelphia," HEIGHT="68" HPOS="1630" VPOS="3143" WIDTH="424" />
<SP HEIGHT="66" HPOS="2055" VPOS="3143" WIDTH="33" />
<String CONTENT="Lea" HEIGHT="52" HPOS="2089" VPOS="3143" WIDTH="113" />
</TextLine>
<TextLine HEIGHT="70" HPOS="211" STYLEREFS="StyleId-040B041B-9014-4374-8CA0-A0A6A9B5C561-" VPOS="3220" WIDTH="519">
<String CONTENT="&amp;" HEIGHT="48" HPOS="211" VPOS="3224" WIDTH="45" />
<SP HEIGHT="52" HPOS="257" VPOS="3220" WIDTH="27" />
<String CONTENT="Febiger," HEIGHT="70" HPOS="285" VPOS="3220" WIDTH="261" />
<SP HEIGHT="63" HPOS="547" VPOS="3225" WIDTH="29" />
<String CONTENT="1934." HEIGHT="50" HPOS="577" VPOS="3225" WIDTH="153" />
</TextLine>
<TextLine CS="1" HEIGHT="52" HPOS="283" VPOS="3293" WIDTH="829">
<String CONTENT="x," HEIGHT="37" HPOS="283" VPOS="3303" WIDTH="44" />
<SP HEIGHT="45" HPOS="328" VPOS="3295" WIDTH="34" />
<String CONTENT="17-786" HEIGHT="40" HPOS="363" VPOS="3293" WIDTH="172" />
<SP HEIGHT="49" HPOS="536" VPOS="3293" WIDTH="30" />
<String CONTENT="p." HEIGHT="37" HPOS="567" VPOS="3305" WIDTH="42" />
<SP HEIGHT="38" HPOS="610" VPOS="3295" WIDTH="60" />
<String CONTENT="illus.," HEIGHT="48" HPOS="671" VPOS="3294" WIDTH="141" />
<SP HEIGHT="45" HPOS="813" VPOS="3297" WIDTH="33" />
<String CONTENT="diagrs." HEIGHT="49" HPOS="847" VPOS="3296" WIDTH="178" />
<SP HEIGHT="41" HPOS="1026" VPOS="3294" WIDTH="59" />
<String CONTENT="2&#189;cm." CS="1" HEIGHT="38" HPOS="1086" VPOS="3294" WIDTH="26" />
</TextLine>
<TextLine HEIGHT="52" HPOS="286" STYLEREFS="StyleId-706AD5B0-9789-45E7-AA98-9745AF50356D-" VPOS="3349" WIDTH="650">
<String CONTENT="Contains" HEIGHT="42" HPOS="286" VPOS="3349" WIDTH="235" />
<SP HEIGHT="40" HPOS="522" VPOS="3351" WIDTH="23" />
<String CONTENT="bibliographies." HEIGHT="52" HPOS="546" VPOS="3349" WIDTH="390" />
</TextLine>
<TextLine CS="1" HEIGHT="54" HPOS="217" VPOS="3418" WIDTH="1710">
<String CONTENT="&#169;" HEIGHT="52" HPOS="217" VPOS="3418" WIDTH="51" />
<SP HEIGHT="52" HPOS="269" VPOS="3418" WIDTH="30" />
<String CONTENT="Mar." HEIGHT="38" HPOS="300" VPOS="3424" WIDTH="119" />
<SP HEIGHT="39" HPOS="420" VPOS="3423" WIDTH="28" />
<String CONTENT="2," HEIGHT="46" HPOS="449" VPOS="3423" WIDTH="38" />
<SP HEIGHT="44" HPOS="488" VPOS="3425" WIDTH="28" />
<String CONTENT="1934;" CS="1" />
<SP HEIGHT="39" HPOS="657" VPOS="3424" WIDTH="30" />
<String CONTENT="2c." HEIGHT="39" HPOS="688" VPOS="3424" WIDTH="64" />
<SP HEIGHT="28" HPOS="753" VPOS="3435" WIDTH="31" />
<String CONTENT="and" HEIGHT="38" HPOS="785" VPOS="3425" WIDTH="94" />
<SP HEIGHT="38" HPOS="880" VPOS="3425" WIDTH="28" />
<String CONTENT="aff." HEIGHT="40" HPOS="909" VPOS="3424" WIDTH="80" />
<SP HEIGHT="39" HPOS="990" VPOS="3425" WIDTH="29" />
<String CONTENT="Mar." HEIGHT="38" HPOS="1020" VPOS="3425" WIDTH="122" />
<SP HEIGHT="40" HPOS="1143" VPOS="3424" WIDTH="26" />
<String CONTENT="3;" CS="1" HEIGHT="40" HPOS="1170" VPOS="3424" WIDTH="23" />
<SP HEIGHT="45" HPOS="1221" VPOS="3424" WIDTH="31" />
<String CONTENT="A" HEIGHT="38" HPOS="1253" VPOS="3424" WIDTH="43" />
<SP HEIGHT="40" HPOS="1297" VPOS="3423" WIDTH="25" />
<String CONTENT="69740;" CS="1" HEIGHT="40" HPOS="1323" VPOS="3423" WIDTH="143" />
<SP HEIGHT="46" HPOS="1491" VPOS="3425" WIDTH="31" />
<String CONTENT="Lea" HEIGHT="39" HPOS="1523" VPOS="3425" WIDTH="95" />
<SP HEIGHT="40" HPOS="1619" VPOS="3425" WIDTH="29" />
<String CONTENT="&amp;" HEIGHT="40" HPOS="1649" VPOS="3425" WIDTH="37" />
<SP HEIGHT="41" HPOS="1687" VPOS="3424" WIDTH="26" />
<String CONTENT="Febiger." HEIGHT="48" HPOS="1714" VPOS="3424" WIDTH="213" />
</TextLine>
<TextLine HEIGHT="48" HPOS="295" VPOS="3478" WIDTH="249">
<String CONTENT="(34-5880)" HEIGHT="48" HPOS="295" VPOS="3478" WIDTH="249" />
</TextLine>
<TextLine HEIGHT="65" HPOS="217" STYLEREFS="StyleId-A0CEFFF9-5709-40C6-88AE-B8C981177D40-" VPOS="3581" WIDTH="497">
<String CONTENT="Devanny," HEIGHT="65" HPOS="217" VPOS="3581" WIDTH="304" />
<SP HEIGHT="64" HPOS="522" VPOS="3582" WIDTH="26" />
<String CONTENT="Jean." HEIGHT="55" HPOS="549" VPOS="3582" WIDTH="165" />
</TextLine>
<TextLine CS="1" HEIGHT="149" HPOS="214" STYLEREFS="StyleId-040B041B-9014-4374-8CA0-A0A6A9B5C561-" VPOS="3654" WIDTH="1967">
<String CONTENT="Out" HEIGHT="55" HPOS="286" VPOS="3654" WIDTH="119" />
<SP HEIGHT="48" HPOS="406" VPOS="3661" WIDTH="23" />
<String CONTENT="of" HEIGHT="53" HPOS="430" VPOS="3655" WIDTH="64" />
<SP HEIGHT="54" HPOS="495" VPOS="3655" WIDTH="22" />
<String CONTENT="such" HEIGHT="52" HPOS="518" VPOS="3657" WIDTH="137" />
<SP HEIGHT="52" HPOS="656" VPOS="3657" WIDTH="24" />
<String CONTENT="fires," HEIGHT="69" HPOS="681" VPOS="3657" WIDTH="145" />
<SP HEIGHT="67" HPOS="827" VPOS="3659" WIDTH="25" />
<String CONTENT="by" HEIGHT="68" HPOS="853" VPOS="3659" WIDTH="77" />
<SP HEIGHT="67" HPOS="931" VPOS="3660" WIDTH="19" />
<String CONTENT="Jean" HEIGHT="53" HPOS="951" VPOS="3660" WIDTH="148" />
<SP HEIGHT="51" HPOS="1100" VPOS="3660" WIDTH="24" />
<String CONTENT="Devanny" HEIGHT="67" HPOS="1125" VPOS="3660" WIDTH="280" />
<SP HEIGHT="50" HPOS="1406" VPOS="3677" WIDTH="30" />
<String CONTENT="&#8230;" CS="1" />
<SP HEIGHT="52" HPOS="1494" VPOS="3659" WIDTH="66" />
<String CONTENT="New" HEIGHT="52" HPOS="1561" VPOS="3659" WIDTH="138" />
<SP HEIGHT="53" HPOS="1700" VPOS="3658" WIDTH="27" />
<String CONTENT="York," HEIGHT="70" HPOS="1728" VPOS="3657" WIDTH="179" />
<SP HEIGHT="69" HPOS="1908" VPOS="3658" WIDTH="25" />
<String CONTENT="The" HEIGHT="54" HPOS="1934" VPOS="3656" WIDTH="121" />
<SP HEIGHT="52" HPOS="2056" VPOS="3657" WIDTH="25" />
<String CONTENT="Macaulay" HEIGHT="145" HPOS="214" VPOS="3657" WIDTH="1967" />
<SP HEIGHT="49" HPOS="415" VPOS="3753" WIDTH="28" />
<String CONTENT="company" HEIGHT="52" HPOS="444" VPOS="3751" WIDTH="278" />
<SP HEIGHT="50" HPOS="723" VPOS="3753" WIDTH="35" />
<String CONTENT="[" HEIGHT="34" HPOS="759" STYLE="subscript" VPOS="3768" WIDTH="13" />
<String CONTENT="c" HEIGHT="22" HPOS="776" STYLE="superscript" VPOS="3741" WIDTH="20" />
<String CONTENT="1934" HEIGHT="50" HPOS="800" VPOS="3738" WIDTH="136" />
<String CONTENT="]" HEIGHT="35" HPOS="938" STYLE="subscript" VPOS="3768" WIDTH="13" />
</TextLine>
<TextLine CS="1" HEIGHT="49" HPOS="285" VPOS="3805" WIDTH="518">
<String CONTENT="3" HEIGHT="40" HPOS="285" VPOS="3805" WIDTH="25" />
<SP HEIGHT="48" HPOS="311" VPOS="3805" WIDTH="24" />
<String CONTENT="p." HEIGHT="38" HPOS="336" VPOS="3815" WIDTH="42" />
<SP HEIGHT="40" HPOS="379" VPOS="3806" WIDTH="26" />
<String CONTENT="l.," CS="1" />
<SP HEIGHT="46" HPOS="449" VPOS="3806" WIDTH="26" />
<String CONTENT="9-320" HEIGHT="41" HPOS="476" VPOS="3806" WIDTH="145" />
<SP HEIGHT="47" HPOS="622" VPOS="3807" WIDTH="22" />
<String CONTENT="p." HEIGHT="37" HPOS="645" VPOS="3817" WIDTH="43" />
<SP HEIGHT="39" HPOS="689" VPOS="3808" WIDTH="58" />
<String CONTENT="19&#189;cm." CS="1" HEIGHT="40" HPOS="748" VPOS="3807" WIDTH="55" />
</TextLine>
<TextLine CS="1" HEIGHT="55" HPOS="221" VPOS="3871" WIDTH="1984">
<String CONTENT="&#169;" HEIGHT="51" HPOS="221" VPOS="3871" WIDTH="51" />
<SP HEIGHT="51" HPOS="273" VPOS="3871" WIDTH="33" />
<String CONTENT="Mar." HEIGHT="39" HPOS="307" VPOS="3877" WIDTH="118" />
<SP HEIGHT="37" HPOS="426" VPOS="3878" WIDTH="33" />
<String CONTENT="19." HEIGHT="39" HPOS="460" VPOS="3877" WIDTH="68" />
<SP HEIGHT="38" HPOS="529" VPOS="3878" WIDTH="32" />
<String CONTENT="1934;" CS="1" />
<SP HEIGHT="38" HPOS="703" VPOS="3879" WIDTH="34" />
<String CONTENT="2c." HEIGHT="39" HPOS="738" VPOS="3879" WIDTH="64" />
<SP HEIGHT="28" HPOS="803" VPOS="3890" WIDTH="34" />
<String CONTENT="and" HEIGHT="38" HPOS="838" VPOS="3881" WIDTH="94" />
<SP HEIGHT="38" HPOS="933" VPOS="3881" WIDTH="33" />
<String CONTENT="aff." HEIGHT="39" HPOS="967" VPOS="3880" WIDTH="79" />
<SP HEIGHT="38" HPOS="1047" VPOS="3881" WIDTH="36" />
<String CONTENT="Mar." HEIGHT="38" HPOS="1084" VPOS="3881" WIDTH="119" />
<SP HEIGHT="39" HPOS="1204" VPOS="3880" WIDTH="33" />
<String CONTENT="22;" HEIGHT="46" HPOS="1238" VPOS="3880" WIDTH="81" />
<SP HEIGHT="45" HPOS="1320" VPOS="3881" WIDTH="35" />
<String CONTENT="A" HEIGHT="37" HPOS="1356" VPOS="3881" WIDTH="41" />
<SP HEIGHT="39" HPOS="1398" VPOS="3881" WIDTH="32" />
<String CONTENT="70765;" HEIGHT="46" HPOS="1431" VPOS="3879" WIDTH="168" />
<SP HEIGHT="45" HPOS="1600" VPOS="3880" WIDTH="38" />
<String CONTENT="J." HEIGHT="40" HPOS="1639" VPOS="3880" WIDTH="41" />
<SP HEIGHT="39" HPOS="1681" VPOS="3881" WIDTH="34" />
<String CONTENT="Devanny," HEIGHT="44" HPOS="1716" VPOS="3881" WIDTH="247" />
<SP HEIGHT="47" HPOS="1964" VPOS="3877" WIDTH="37" />
<String CONTENT="Sydney," HEIGHT="47" HPOS="2002" VPOS="3877" WIDTH="203" />
</TextLine>
<TextLine HEIGHT="48" HPOS="289" VPOS="3933" WIDTH="589">
<String CONTENT="Australia." HEIGHT="40" HPOS="289" VPOS="3933" WIDTH="264" />
<SP HEIGHT="47" HPOS="554" VPOS="3934" WIDTH="74" />
<String CONTENT="(34-5901)" HEIGHT="47" HPOS="629" VPOS="3934" WIDTH="249" />
</TextLine>
</TextBlock>
</PrintSpace>
</Page>
</Layout>
</alto>