2350 4196
1127 4016 62 47 69

242 430 54 41 198
328 440 42 37 p.
432 430 140 46 illus.,
604 430 149 46 ports.
813 427 55 40 21
873 430 44 21 cm
921 460 9 8 .

215 486 145 40 Prose
390 487 94 38 and
515 487 182 45 poetry.

147 540 1996 52 © Dec. 27, 1933; 2c. Jan. 2. 1934; aff. Jan. 3; A 68745: Edward K.
214 603 210 38 Meador.
456 602 195 38 Boston.
726 599 249 47 (34-1968)

147 692 267 64 Clayton,
443 691 285 52 Leonard,
758 690 242 65 gallery,
1029 691 129 63 inc.,
1184 692 139 51 New
1353 690 177 53 York.

212 765 328 54 Handbook
581 766 63 52 of
683 768 95 51 the
820 766 275 68 complete
1138 772 81 46 set
1260 765 64 52 of
1365 765 258 68 etchings
1665 765 113 52 and
1823 764 323 69 drypoints,

144 844 139 52 with
317 847 66 50 25
418 844 398 67 illustrations,
851 843 63 53 of
951 843 204 55 Childe
1188 843 267 67 Hassam,
1540 885 9 9 N.
1628 884 30 26 A.,
1693 842 64 53 of
1791 842 97 53 the
144 841 1976 133 American
288 923 270 68 academy

598 921 63 53 of
699 928 118 47 arts
858 923 112 52 and
1011 923 223 65 letters;
1278 921 89 53 his
1409 920 276 68 complete
1729 920 158 53 work
1928 920 60 52 in
2029 920 116 54 this

143 999 481 54 medium—from
661 1003 132 50 1883
833 1001 93 51 till
967 998 244 56 October
1252 999 162 66 1933;
1458 999 141 52 with
1641 1017 72 34 an
1755 998 390 53 introduction

144 1077 74 70 by
243 1078 183 53 Paula
453 1077 296 68 Eliasoph.
813 1078 138 52 New
981 1076 180 68 York,
1187 1077 120 51 The
1336 1076 264 53 Leonard
1631 1075 246 70 Clayton
1908 1074 239 71 gallery,

145 1156 125 68 inc.,
300 1159 151 52 1933.

213 1232 58 39 82
298 1243 42 37 p.
399 1232 127 39 illus.
586 1232 56 38 24
645 1233 43 21 cm
694 1264 8 7 .

215 1289 161 40 “First
406 1288 225 40 edition.”

149 1341 1998 52 © Dec. 9, 1933; 2c. and aff. Dec. 28: A 69000: Leonard Clayton gallery,
214 1403 88 39 inc.
374 1402 249 47 (34-1712)

149 1492 234 65 Collins,
419 1494 213 52 Archie
665 1492 333 65 Frederick,
1033 1496 169 50 1869-

216 1569 120 53 The
370 1575 254 48 amateur
657 1568 331 67 machinist;
1023 1569 169 68 being
1224 1590 31 34 a
1290 1569 200 68 simple
1526 1567 111 53 and
1670 1567 274 67 complete
1979 1564 171 70 guide

148 1647 90 52 for
270 1649 168 66 using
469 1647 347 54 machinists’
847 1648 155 53 hand
1035 1647 112 53 and
1179 1647 176 52 bench
1389 1648 160 65 tools,
1581 1646 95 53 the
1709 1663 254 35 common
1997 1644 153 55 lathe

147 1725 109 53 and
294 1725 373 68 back-geared
704 1725 422 69 screw-cutting
1163 1724 200 69 engine
1399 1725 171 68 lathe,
1605 1725 140 53 with
1782 1724 262 68 chapters
2078 1742 69 34 on

151 1804 343 53 mechanical
547 1803 304 69 drawings,
900 1802 90 57 fits
1042 1803 112 53 and
1204 1802 237 69 fittings,
1493 1804 111 52 and
1656 1801 273 69 finishing
1979 1802 166 53 metal

152 1881 1995 69 work, by A. Frederick Collins … illustrated by the author.
153 1959 133 54 New
342 1960 177 67 York,
569 1960 254 68 London,
874 1960 69 55 D.
996 1959 574 70 Appleton-Century
1623 1977 295 51 company,
149 1959 1978 146 incorporated,
439 2041 149 50 1934.

217 2109 95 46 xiv,
341 2108 86 42 300
455 2121 41 36 p.
554 2110 127 41 illus.
741 2110 54 40 19½
828 2112 43 21 cm
877 2143 8 8 .

220 2167 161 40 “First
417 2167 259 48 printing.”

154 2225 1998 52 © Jan. 19, 1934; 2c. and aff. Jan. 22: A 69126: D. Appleton-Century co.,
218 2286 88 40 inc.
380 2286 249 46 (34-1871)

154 2376 268 65 Cornish,
456 2377 226 64 George
712 2377 274 55 William.

227 2453 240 54 Cornish
509 2455 62 51 of
612 2454 126 52 “the
781 2456 214 51 Yard".
1078 2457 362 64 [Instalment.
1483 2459 79 63 10]
1644 2459 54 51 A
1737 2455 98 54 fire
1874 2458 102 51 has
2016 2457 137 52 been

155 2533 354 67 arranged—

229 2608 79 46 (In
339 2605 251 48 Answers,
621 2604 115 42 Dec.
768 2605 71 50 16,
872 2605 143 49 1933)

156 2660 1999 53 © 1c. Feb. 2. 1934; A ad int. 18645: pubd. Dec. 8, 1933; G. W. Cornish,
224 2721 209 39 London.

157 2810 542 68 Commemorating
736 2815 96 51 the
867 2815 273 53 excellent
1177 2817 112 51 and
1327 2814 269 54 unselfish
1633 2816 212 53 service
1880 2815 275 53 rendered

225 2896 55 45 to
309 2889 94 53 the
431 2889 112 69 city
571 2890 63 52 of
663 2890 249 69 Chicago
939 2892 72 67 by
1037 2892 190 51 Rufus
1254 2891 196 55 Cutler
1476 2893 220 66 Dawes,
1722 2891 288 68 president
2037 2891 64 53 of
2126 2913 25 35 a

226 2966 249 70 Century
504 2968 62 52 of
593 2986 261 50 progress
879 2970 334 68 exposition,
1241 2969 268 70 Chicago,
1536 2970 242 68 Illinois,
1808 2973 149 49 1933.
225 2969 1905 146 Chicago,
414 3046 110 68 Ill.,
560 3055 16 19 c
582 3050 148 49 1933.

229 3117 1007 52 [21] p. facsim. ([10] p.) 30½ × 23 cm .
226 3175 226 40 Lettered
489 3187 58 28 on
583 3187 167 32 cover:
792 3177 160 41 Rufus
990 3179 48 40 C.
1076 3180 188 40 Dawes.

229 3233 912 50 “Copyright … [by] J. W. Allan.”
161 3289 1996 51 © Dec. 5. 1933; 2c. Jan. 10. 1934; aff. Jan. 2: A 68839: J. W. Allan.
226 3351 221 48 Chicago.
520 3352 248 47 (34-1868)

163 3426 281 65 Creange,
475 3428 223 63 Henry.

231 3501 430 71 Safeguarding
687 3504 264 69 industry
979 3506 223 68 against
1229 3507 95 52 the
1351 3506 283 70 pilfering
1657 3507 65 54 of
1745 3509 156 52 ideas
1939 3509 59 67 (a
2026 3510 136 66 plan

162 3579 1999 76 for wiping out design piracy) by Henry Creange … [New
162 3658 176 66 York,
369 3659 119 52 The
520 3658 220 70 George
771 3660 200 68 Grady
1004 3680 171 48 press,
1205 3669 17 20 c
1229 3665 149 64 1934]

232 3732 1235 50 5 p. l. , 7-67 p., 1 l. incl. forms (1 fold.) 27 cm .
234 3789 292 47 “Reprinted
558 3790 125 40 from
716 3792 99 39 The
848 3793 159 45 guilds
1038 3793 51 38 of
1120 3793 234 45 America,
1386 3794 61 46 by
1479 3795 167 46 Henry
1679 3794 259 47 Creange.”

169 3841 1995 58 © Jan. 5, 1934; 2c. and aff. Jan. 6: A 68806: H. Creange, New York.
255 3899 50 51 [©
332 3914 103 29 new
461 3906 225 39 material
713 3908 94 38 and
835 3909 207 43 changes]
1131 3908 249 47 (34-1702)
