2350 4196
0 0 0 0 1059
170 357 164 54 Ohio.
409 359 183 66 Laws,
625 364 256 61 statutes,
915 364 99 50 etc.

239 436 500 54 Throckmorton’s
781 435 307 53 annotated
1131 435 152 55 Code
1323 434 62 51 of
1427 433 166 55 Ohio.
1671 432 313 54 Baldwin’s
169 432 1974 148 revision,
357 517 149 63 1934,

552 515 333 67 containing
931 516 75 50 all
1052 513 227 68 general
1324 514 137 52 laws
1506 517 58 47 to
1609 511 140 66 July
1798 515 45 63 1,
1891 514 150 64 1934,
169 514 1975 146 together
403 592 140 52 with
583 593 362 53 annotations
983 592 152 52 from

1172 591 275 52 decisions
1485 590 62 53 of
1586 590 76 51 all
1699 594 187 48 courts
1924 595 58 48 to
2019 592 151 52 June

174 673 78 63 15,
287 673 150 63 1934,
466 670 262 55 William
759 671 253 52 Edward
1045 669 284 64 Baldwin,
1360 688 47 34 d.
1440 686 46 35 c.
1520 687 67 46 l.,
1618 667 455 53 editor-in-chief
2112 710 54 10 ...

170 748 231 67 ‘‘Keyed
430 754 58 46 to
518 750 189 51 Bates’
736 755 256 61 compact
1020 747 237 68 digest.”
1323 747 328 64 Cleveland,
1678 746 489 53 Banks-Baldwin

169 826 1010 68 law publishing company [ c 1934]
246 900 96 46 xvi,
376 899 142 50 [4670]
550 912 42 36 p.
622 900 108 40 incl.
759 900 149 40 front,
939 899 236 47 (facsim.)
1241 898 54 40 28
1300 901 43 20 cm
1347 931 8 8 .

246 958 208 40 Various
487 958 218 48 pagings.

248 1015 133 40 Each
410 1016 125 47 part,
566 1015 145 40 index
744 1016 94 38 and
867 1015 242 48 appendix
1138 1014 233 48 preceded
1403 1014 59 46 by
1492 1012 238 40 half-title
1757 1015 83 37 not
1871 1013 223 40 included
2127 1014 48 38 in

173 1074 82 39 the
284 1073 191 48 paging.

249 1129 329 48 Frontispiece
607 1132 41 37 is
675 1130 168 39 official
874 1128 265 41 certificate
1167 1129 49 39 of
1242 1129 81 39 the
1349 1132 247 42 secretary
1623 1129 50 38 of
1700 1130 127 38 state
1855 1128 51 40 of
1932 1127 135 42 Ohio.

250 1188 182 39 “Index
478 1189 49 38 to
570 1188 82 40 the
698 1186 122 41 Ohio
866 1186 207 40 General
1118 1185 141 40 code”
1305 1186 88 39 has
1441 1185 179 48 special
1666 1187 97 46 t.-p.
1809 1187 95 38 and
1951 1189 224 46 separate

175 1245 297 49 pagination.

248 1302 225 41 Lettered
522 1313 58 29 on
628 1313 166 29 cover:
845 1301 249 39 Baldwins
1142 1300 107 40 blue
1297 1301 121 39 book
1470 1332 44 7 ...
1580 1300 265 41 Baldwin’s
1893 1300 123 42 Ohio
2062 1303 114 40 code

175 1361 194 39 service.

180 1415 50 51 ©
263 1420 118 44 Aug.
413 1419 67 40 13.
514 1417 110 41 1934:
688 1418 67 39 2c.
788 1418 116 44 Aug.
937 1417 79 38 17;
1053 1415 79 39 aff.
1167 1415 116 47 Aug.
1319 1415 80 41 16:
1437 1416 38 37 A
1510 1416 135 39 74581;
1715 1416 216 40 William
1966 1417 210 39 Edward

251 1475 236 44 Baldwin,
525 1473 272 41 Cleveland.
872 1472 277 48 (34-24165)

174 1564 369 64 Overholser,
576 1564 190 63 Wiley
797 1563 239 55 Landis.

247 1643 243 53 General
546 1642 324 68 prosperity
923 1661 62 32 or
1037 1640 441 67 concentration,
1530 1643 167 51 chaos
1751 1643 110 51 and
1916 1644 254 65 decay,—

182 1721 212 52 which?
476 1722 88 67 By
592 1721 188 67 Wiley
807 1722 62 52 L.
902 1720 357 65 Overholser,
1287 1719 58 52 in
1375 1720 411 52 collaboration
1815 1721 139 51 with
1983 1721 193 53 Willis

181 1799 1970 67 A. Overholser, LL. B . Winamac, Ind., W. L. Overholser [ c 1934]
247 1872 83 40 281
366 1884 42 36 p.
470 1873 126 39 illus.
627 1872 197 47 (ports.)
895 1873 53 39 18½cm.

181 1927 51 51 ©
265 1932 118 40 Aug.
414 1932 39 41 4,
485 1930 114 39 1934:
660 1931 64 38 2c.
759 1932 93 37 and
885 1930 80 40 aff.
999 1930 116 46 Aug.
1148 1932 24 36 7:
1234 1930 41 37 A
1306 1930 143 39 74458;
1511 1931 69 38 W.
1616 1931 48 37 L.
1700 1929 303 41 Overholser.

258 1986 279 48 (34-23789)

178 2075 246 65 Palmer,
458 2076 216 54 Claude
707 2076 195 64 Irwin,
938 2081 323 52 1871-1931.

244 2156 179 51 Plane
458 2155 109 52 and
601 2154 283 67 spherical
916 2155 433 68 trigonometry,
1379 2155 74 67 by
1488 2154 218 54 Claude
1738 2152 181 55 Irwin
1952 2155 229 53 Palmer

180 2277 53 8 ...
267 2234 110 51 and
405 2232 236 54 Charles
665 2233 221 53 Wilber
911 2232 180 68 Leigh
1124 2276 52 7 ...
1257 2233 98 51 4th
1382 2233 83 52 ed.
1542 2234 138 52 New
1709 2234 162 52 York
1896 2236 112 52 and
176 2236 1981 142 London,
338 2311 431 54 McGraw-Hill
799 2311 146 52 book
976 2329 295 49 company,
1301 2313 127 65 inc.,
1462 2315 150 48 1934.

247 2384 1354 49 xiv, 229 p., 2 l., 136 p. incl. tables, diagrs. 23½cm.
250 2442 272 48 Five-place
567 2441 310 48 logarithmic
924 2443 95 38 and
1066 2441 362 48 trigonometric
1476 2444 169 47 tables,
1695 2444 119 39 with
1860 2444 322 47 explanatory

178 2498 2003 51 chapter ... 2d ed.. 12th impression (2 l., 136 p. at end) has special t.-p.
184 2554 50 51 ©
268 2559 113 38 July
413 2558 67 46 13,
511 2557 140 40 1934:
684 2556 67 40 2c.
783 2556 117 46 Aug.
935 2558 51 39 1;
1021 2556 79 39 aff.
1135 2557 115 45 July
1279 2557 82 46 20;
1397 2558 40 38 A
1468 2557 169 42 73738;
1675 2558 350 40 McGraw-Hill
2059 2561 123 38 book

251 2626 80 34 со.,
362 2615 88 39 inc.
525 2614 280 47 (34-23840)

181 2704 264 63 Perkins,
471 2705 183 55 Ruth.

249 2781 327 52 Handbook
614 2799 71 36 on
724 2781 95 52 the
857 2780 307 52 American
1201 2782 214 52 Indian
1455 2783 113 51 and
1606 2783 88 52 his
1736 2789 90 47 art
1869 2785 109 66 [by]
2023 2785 160 50 Ruth

183 2859 238 54 Perkins
460 2902 54 8 ...
587 2861 136 50 New
760 2859 177 58 York,
970 2859 120 52 The
1119 2862 272 51 Womans
1423 2878 174 49 press,
1633 2865 149 49 1934.

257 2929 901 49 1 p. l., 15 (i. e. 16) p. illus. 28cm.
257 2988 406 47 Mimeographed.

261 3045 216 47 “Special
505 3054 248 30 resources
775 3043 78 39 for
878 3044 81 39 the
982 3045 144 44 study
1151 3044 183 40 outline
1359 3078 44 7 ...
1430 3048 200 38 secured
1654 3047 127 39 from
1805 3050 80 37 the
1912 3049 269 40 Industrial

189 3107 102 36 arts
324 3102 305 47 cooperative
661 3101 183 39 service
881 3132 46 7 ...
992 3101 115 39 New
1139 3102 129 38 York
1301 3103 154 46 city":
1492 3114 42 37 p.
1568 3103 114 40 9—10;
1747 3104 438 49 “Bibliography—

188 3159 256 49 American
473 3160 215 45 Indians,
716 3157 235 47 compiled
978 3159 59 45 by
1066 3158 147 40 Edith
1240 3160 61 39 M.
1330 3159 166 41 Dabb”:
1555 3172 42 36 p.
1624 3162 157 39 12-15.

188 3219 50 50 ©
279 3223 114 45 July
431 3221 68 44 13,
539 3219 139 39 1934:
721 3220 66 37 2c.
827 3219 95 37 and
960 3216 79 39 aff.
1080 3218 118 46 Aug.
1237 3219 81 45 17;
1361 3220 38 37 A
1440 3218 142 42 74593;
1652 3220 128 39 Natl.
1826 3223 149 38 board
2014 3223 50 39 of
2103 3226 82 37 the

256 3279 169 38 Younc
456 3275 223 40 women's
711 3274 250 40 Christian
992 3274 319 41 associations
1343 3276 50 39 of
1424 3277 81 38 the
1538 3276 177 40 United
1751 3278 162 40 States
1945 3279 50 39 of
255 3279 1916 100 America,
376 3335 116 38 New
524 3333 143 38 York.
740 3330 279 49 (34-24135)

183 3426 224 61 Peters,
436 3421 222 54 Harold
691 3419 225 64 Edwin,
951 3425 169 50 1908-

253 3503 121 51 The
408 3500 226 67 foreign
665 3499 135 53 debt
829 3497 63 54 of
923 3498 95 51 the
1050 3499 317 67 Argentine
1397 3501 274 67 republic,
1703 3502 75 66 by
1809 3504 226 51 Harold
186 3505 1973 126 Edwin
324 3582 214 62 Peters,
567 3594 97 39 PH.
732 3619 8 9 D.
807 3575 332 69 Baltimore,
1169 3577 120 52 The
1316 3578 184 55 Johns
1529 3579 269 67 Hopkins
1829 3598 173 50 press,
2035 3585 148 50 1934.

261 3655 63 45 ix,
355 3652 84 40 186
470 3662 43 37 p.
574 3651 179 47 diagrs.
813 3648 116 40 22cm.
1021 3648 274 48 (Half-title:
1322 3650 154 41 Johns
1504 3652 223 48 Hopkins
1758 3654 271 48 university
193 3657 1979 95 studies
284 3712 49 38 in
359 3708 254 42 historical
640 3708 93 39 and
762 3706 218 48 political
1007 3705 196 42 science.
1261 3708 154 39 Extra
1440 3708 228 41 volumes.

1726 3709 116 41 New
1867 3722 105 32 ser.,
1999 3723 75 30 no.
2099 3713 80 49 21)

261 3768 169 40 Issued
470 3767 103 39 also
611 3775 54 30 as
703 3764 151 40 thesis
904 3765 106 45 (PH.
1081 3765 33 43 D.)
1161 3762 152 42 Johns
1352 3765 221 48 Hopkins
1611 3767 287 48 university.

261 3823 346 49 Bibliography:
668 3832 44 37 p.
747 3819 215 41 179-181.

191 3881 50 51 ©
271 3885 81 39 July
415 3881 67 47 12,
511 3879 139 45 1934;
682 3878 64 38 2c.
779 3878 94 38 and
903 3876 80 40 aff.
1013 3877 118 48 Aug.
1162 3877 50 47 1;
1244 3879 40 37 A
1313 3878 168 48 73668;
1515 3880 154 41 Johns
1700 3882 222 46 Hopkins
1952 3895 149 37 press.

268 3936 280 52 (34-24154)
