2350 4196
1130 3988 132 49 1760

285 473 84 41 288
397 485 40 36 p.
496 473 114 39 20cm.

287 543 343 48 Bibliography
660 549 51 34 at
740 545 78 38 the
845 545 89 38 end
964 544 49 39 of
1039 554 130 29 some
1194 543 50 38 of
1274 544 80 37 the
1382 542 236 46 chapters.

218 612 50 50 ©
300 617 107 37 Dec.
440 616 38 38 3.
512 614 109 40 1934:
679 617 64 37 2c.
777 616 93 38 and
900 614 78 39 aff.
1014 615 106 39 Dec.
1155 614 50 38 15:
1265 615 39 36 A
1336 611 140 40 77697:
1538 611 251 48 Abingdon
1820 622 147 37 press,
2000 612 86 38 inc.

295 672 219 46 (35-241)

217 772 201 67 Willis,
452 773 267 54 Frederic
746 774 247 62 Arthur,
1024 779 167 48 1895-

285 861 1916 69 Widening horizons [by] Frederic A. Willis … Chicago,
215 941 110 55 Ill.,
353 942 118 51 The
503 941 331 65 University
864 941 61 51 of
955 941 250 64 Chicago
1231 958 156 48 press
1420 941 175 63 [c1934]

285 1028 59 44 iv,
374 1029 66 45 13,
473 1028 54 48 [1]
557 1038 40 38 p.
654 1026 115 40 19cm.

219 1096 50 50 ©
302 1100 99 39 Oct.
431 1101 68 37 31.
531 1099 137 39 1934:
701 1101 65 36 2c.
843 1110 68 25 Nov.
943 1099 80 38 28:
1057 1098 79 39 aff.
1214 1108 68 28 Nov.
1312 1098 81 38 30:
1429 1097 38 37 A
1499 1096 166 39 77390:
1702 1095 280 48 University
2015 1097 49 39 of
284 1094 1900 108 Chicago.
444 1156 207 46 Chicago
737 1155 217 44 (35-277)

216 1258 236 65 Wilson,
479 1260 182 51 Helen
692 1260 126 51 Van
847 1259 146 52 Pelt.

343 1345 1855 71 … A garden in the house, the culture of bulbs, house plants
216 1426 110 52 and
358 1425 350 67 terrariums,
740 1425 74 68 by
844 1425 187 52 Helen
1062 1426 125 51 Van
1222 1424 129 51 Pelt
1383 1422 238 54 Wilson.
1691 1423 139 52 New
1863 1423 180 66 York,
213 1423 1963 131 Leisure
366 1504 194 67 league
590 1502 64 54 of
679 1503 282 66 America,
991 1505 148 49 1934.

288 1589 1913 49 1 p. l., 7-112 p. front., illus. 20½cm. (Leisure league little book,
216 1659 72 28 no.
316 1647 79 47 10)

221 1714 50 50 ©
305 1718 114 47 Aug.
452 1718 67 40 15,
550 1718 139 38 1934:
724 1718 63 38 2c.
822 1718 93 38 and
948 1716 79 40 aff.
1060 1717 107 38 Dec.
1202 1716 78 39 15:
1314 1717 38 37 A
1386 1716 166 39 78572:
1589 1717 57 37 H.
1681 1716 49 37 V.
1766 1715 196 40 Wilson.
312 1717 1876 96 Moorestown.
505 1805 6 6 N.
544 1775 25 38 J.
657 1774 218 40 (35-136)

219 1878 295 51 Woman’s
541 1876 274 54 institute
844 1877 61 52 of
934 1877 281 52 domestic
1241 1880 129 49 arts
1395 1877 111 52 and
1537 1876 276 64 sciences,
1843 1877 126 62 inc.,
288 1878 1888 136 Scranton,
427 1958 98 50 Pa.

285 2032 155 51 First
485 2036 151 61 steps
679 2032 56 50 in
784 2031 418 66 dressmaking:
1246 2031 285 53 Essential
1576 2032 230 52 stitches
1851 2032 111 51 and
2008 2051 195 44 seams,

218 2109 152 65 Easy
406 2114 260 60 garment
702 2108 249 67 making,
987 2108 492 67 Individualizing
1515 2109 379 66 tissue-paper
1932 2115 270 59 patterns.

219 2185 295 55 Scranton,
561 2186 117 55 Pa.,
724 2186 118 53 The
887 2186 270 52 Womans
1201 2187 259 50 institute
1506 2186 63 51 of
1614 2186 271 52 domestic
1930 2193 115 45 arts
2091 2186 109 52 and

215 2263 238 53 sciences
508 2266 155 49 [c1934]

291 2348 57 40 vi.
388 2347 69 41 39.
501 2349 70 47 [1].
610 2347 69 41 31,
725 2367 69 29 [1].
833 2347 69 41 49.
991 2368 8 28 [1]
1042 2359 39 35 p.
1143 2348 139 41 illus.,
1323 2349 176 47 diagrs.
1562 2349 142 39 20½cm.
1783 2349 112 47 ([Its
1936 2349 177 38 Course
2156 2349 43 37 in

216 2404 336 49 dressmaking
580 2405 93 38 and
706 2404 251 48 designing]
1078 2404 64 45 (D)

222 2471 53 51 ©
352 2486 69 25 Nov.
459 2475 65 38 11.
562 2475 137 38 1934:
739 2475 63 38 2c.
841 2476 92 37 and
971 2473 79 39 aff.
1134 2486 67 27 Nov.
1239 2476 80 43 28;
1361 2476 38 37 A
1436 2476 167 39 78354:
1645 2474 354 41 International
288 2476 1896 94 educational
474 2532 104 46 pub.
615 2543 50 27 co
688 2562 6 7 .
732 2533 248 37 Scranton,
1015 2531 79 38 Pa.
1160 2532 276 46 [Copyright
1471 2532 40 37 is
1545 2532 202 39 claimed
1784 2543 57 28 on
1879 2531 186 39 revised
2104 2534 100 36 text

287 2590 92 36 and
415 2588 337 45 illustrations]
826 2588 188 38 (35-23)

219 2692 360 62 Woodward,
608 2691 270 53 Edward.

347 2766 1850 66 … There are giants. London, Hutchinson & co., ltd. [1934]
286 2838 626 48 3 p. l ., 11-287 p. 19cm.
289 2908 59 39 At
377 2909 121 39 head
530 2908 49 39 of
608 2908 131 40 title:
775 2908 68 46 By
874 2909 207 38 Edward
1114 2909 299 40 Woodward.

222 2976 1964 98 © 1c . Dec. 8. 1934: A ad int. 19747: pubd. Oct. 12; E. Woodward, Foxearth.
474 3046 67 26 nr.
575 3036 240 43 Woodley.
850 3035 272 38 Berkshire.
1158 3036 228 46 England.
1460 3036 218 46 (35-332)

221 3136 333 63 Workman,
584 3136 326 53 Katherine
937 3139 70 52 A.

289 3213 70 50 In
405 3213 93 51 the
542 3213 160 52 heart
749 3213 62 51 of
861 3212 326 53 Hindustan
1238 3215 107 65 [by]
1397 3216 316 52 Katherine
1758 3215 70 51 A.
1873 3214 327 54 Workman.

220 3288 336 65 Waukesha,
591 3289 158 65 Wis.,
785 3289 411 66 Metropolitan
1231 3291 207 52 church
1478 3311 142 34 assn.
1663 3296 191 61 [c1934]

288 3360 84 40 238
401 3372 40 36 p.
503 3361 85 39 col.
620 3360 160 42 front.,
812 3361 125 40 illus.
1002 3362 110 38 19cm.

293 3417 279 38 Illustrated
613 3417 358 48 lining-papers.

223 3483 50 50 ©
301 3488 113 43 Aug.
446 3488 34 36 1.
510 3488 134 37 1934:
674 3489 64 37 2c.
765 3499 23 26 and
885 3487 78 38 aff.
995 3489 107 36 Dec.
1130 3488 76 38 17:
1236 3489 38 37 A
1302 3490 139 38 77667:
1502 3491 343 47 Metropolitan
1871 3490 176 40 church
2076 3499 125 30 assn.

301 3544 217 39 (35-598)

219 3646 249 62 Yvelise,
500 3646 144 51 Jean
677 3647 31 50 d'.

287 3722 176 51 Nella.
536 3724 179 54 Paris.
746 3725 77 49 La
860 3725 369 52 Renaissance
1262 3726 75 50 du
1368 3726 158 54 livre,
1561 3732 144 49 1933.

294 3797 11 35 1
343 3807 38 25 v.
450 3795 357 47 (Bibliothèque
834 3795 158 40 d'Eve,
1026 3808 189 28 romans
1246 3799 201 46 choisis)

223 3861 1977 53 © Mar. 10. 1933: 1c . July 18: A-Foreign 21533: Renaissance du livre.
