2350 4196
1113 4010 131 51 1261

166 363 283 62 McGraw,
481 363 210 52 Hiram
726 363 194 53 Ward.
958 363 168 49 1891-
1339 358 83 52 ed.

231 442 173 52 Prose
452 441 111 51 and
611 445 199 63 poetry
861 439 91 51 for
1001 436 420 69 appreciation;
1473 434 297 67 including
1818 453 30 33 a
1895 441 154 59 story
2100 437 60 49 of

162 513 1996 73 literature, edited by H. Ward McGraw … illustrated by
161 596 128 68 Guy
323 599 208 50 Brown
564 598 203 52 Wiser.
837 595 293 68 Syracuse,
1163 592 251 68 Chicago
1470 596 101 48 [etc.]
1627 592 121 51 The
1774 592 65 52 L.
1870 592 90 53 W.
161 590 1978 140 Singer

248 693 279 50 company
581 678 174 64 [c1934]

241 748 85 38 xiii
366 757 41 38 p.,
463 747 25 39 1
548 780 6 6 l.,
610 746 106 40 1071
762 756 41 38 p.
866 747 85 39 col.
991 745 163 47 front.,
1195 744 127 39 illus.
1384 742 143 39 21½cm.
1593 741 114 49 [The
1749 751 103 31 new
1890 750 140 39 prose
2072 742 92 39 and

169 807 169 45 poetry
369 805 166 48 series]

239 861 290 40 “Extensive
558 861 201 47 reading
785 858 251 49 program”
1065 859 51 39 at
1142 857 90 40 end
1261 856 53 40 of
1339 856 117 40 each
1487 854 195 41 section.

172 922 50 52 ©
256 928 112 45 Sept.
411 925 69 42 10.
511 924 112 40 1934:
682 926 65 37 2c.
780 926 126 44 Sept.
938 923 80 41 20;
1051 922 81 40 aff.
1166 922 127 47 Sept.
1396 931 8 33 18;
1437 921 41 38 A
1507 919 169 41 75429:
1711 920 48 38 L.
1792 921 69 39 W.
1897 919 169 48 Singer
2097 929 66 31 co.

249 982 279 48 (34-31631)

169 1089 286 65 Meersch,
487 1093 282 51 Maxenee
800 1108 113 35 van
946 1092 118 62 der,
1098 1089 170 52 1907-

241 1168 179 52 When
462 1170 93 50 the
594 1171 175 49 looms
809 1188 91 32 are
937 1168 195 60 silent;
1170 1166 315 52 translated
1522 1165 154 51 from
1712 1166 98 51 the
1843 1166 224 51 French
2104 1165 62 51 of

171 1246 269 52 Maxence
491 1265 107 34 van
645 1248 98 51 der
788 1247 253 52 Meersch
1087 1246 74 66 by
1206 1244 310 54 Frederick
1561 1245 69 51 A.
1678 1245 275 52 Blossom.
2030 1244 127 51 New

177 1325 172 62 York,
380 1327 88 52 W.
500 1327 248 54 Morrow
783 1326 107 50 and
927 1342 294 49 company,
1257 1327 146 49 1934.

242 1401 24 35 5
297 1411 36 35 p.
387 1432 5 6 l.,
438 1399 141 39 3-312
610 1410 40 35 p.
708 1399 113 37 20cm.

175 1458 50 51 ©
252 1463 100 40 Oct.
409 1493 5 7 8.
442 1462 107 38 1934:
609 1461 63 38 2c.
703 1463 92 36 and
821 1461 79 39 aff.
930 1461 101 39 Oct.
1057 1461 80 39 17;
1166 1460 38 38 A
1229 1457 169 42 76589;
1427 1458 216 40 William
1672 1459 208 38 Morrow
1907 1458 37 40 &
1969 1467 80 38 co.,
2079 1459 87 37 inc.

173 1581 350 53 Minnesota.
601 1582 181 59 Laws,
814 1586 256 52 statutes,
1100 1587 96 45 etc.

245 1662 134 47 1934
443 1659 359 66 supplement
871 1663 55 46 to
993 1657 245 53 Mason’s
1304 1656 325 52 Minnesota
1696 1661 256 62 statutes,
2021 1653 147 54 1927.

185 1737 162 65 (1927
375 1743 58 48 to
465 1737 159 66 1934)
677 1735 418 69 (Superseding
1122 1735 248 52 Mason’s
1402 1738 131 51 1931
1561 1735 387 68 supplement)

176 1737 1970 146 Containing
439 1816 93 51 the
572 1820 122 47 text
731 1814 63 53 of
831 1816 94 51 the
966 1818 115 48 acts
1120 1814 62 51 of
1223 1817 150 64 1929,
1415 1818 150 62 1931,
1606 1816 133 49 1933
1780 1814 111 51 and
1932 1816 239 48 1933-34

175 1893 210 67 special
418 1893 238 54 sessions
689 1893 62 51 of
785 1894 92 52 the
910 1891 373 69 Legislature,
1312 1893 138 51 both
1482 1911 122 34 new
1639 1893 112 51 and
1785 1893 387 66 amendatory,

177 1972 110 50 and
335 1975 155 48 notes
537 1971 259 68 showing
840 1970 235 68 repeals,
1120 1972 259 67 together
1430 1971 136 51 with
1613 1971 362 53 annotations
2020 1971 152 51 from

177 2050 92 51 the
306 2050 225 50 various
565 2054 205 49 courts,
804 2054 162 53 state,
1001 2049 236 68 federal,
1272 2050 111 52 and
1418 2050 95 51 the
1546 2050 263 66 opinions
1845 2049 64 52 of
1940 2051 94 50 the
175 2049 1973 143 Attorney
414 2128 246 67 general,
700 2128 330 66 construing
1069 2129 93 51 the
1199 2128 390 56 constitution,
1626 2134 257 52 statutes,
1923 2129 249 53 charters

179 2207 106 50 and
324 2212 158 47 court
514 2206 149 51 rules
694 2207 62 50 of
787 2206 337 52 Minnesota.
1202 2205 214 54 Edited
1448 2208 72 65 by
1553 2206 262 54 William
1846 2209 75 52 H.
1955 2208 219 53 Mason,

180 2284 452 52 editor-in-chief;
692 2285 88 52 W.
818 2287 68 50 H.
917 2285 220 55 Mason,
1168 2285 86 66 jr.,
1342 2328 8 8 R.
1442 2329 8 8 O.
1481 2288 221 53 Mason,
1731 2287 54 53 J.
1820 2285 55 54 S.
1908 2285 267 54 O'Brien,

180 2362 265 52 assistant
488 2363 227 51 editors.
795 2361 82 53 St.
919 2364 164 55 Paul,
1125 2364 373 66 Citer-digest
1534 2382 76 34 co.,
1673 2368 148 48 1934.

247 2435 523 49 4 p. l., 861 p. 28cm.
249 2492 70 39 On
346 2501 141 30 cover:
543 2501 41 29 v.
611 2491 39 39 3.

184 2552 50 52 ©
270 2558 42 38 May
408 2557 66 39 15.
505 2555 139 41 1934;
676 2558 65 37 2c.
772 2557 48 38 May
915 2557 80 38 25;
1028 2556 81 40 aff.
1142 2556 97 40 Oct.
1272 2556 81 41 24;
1385 2558 40 37 A
1454 2557 169 41 75922;
1659 2557 309 47 Citer-digest
1999 2567 64 29 co.

183 2677 294 51 Missouri.
556 2677 205 51 Courts
797 2677 62 64 of
894 2676 249 66 appeals.

254 2751 1922 69 Cases determined … Reported for the St. Louis Court of
185 2832 249 66 appeals,
473 2830 167 67 April
686 2835 47 49 5,
776 2834 132 48 1932
946 2836 58 46 to
1042 2833 137 66 May
1216 2835 50 54 2,
1307 2836 148 48 1933.
1533 2835 88 65 By
1660 2834 298 66 Alphonso
1997 2836 180 50 Howe

187 2909 1989 69 and Maurice P. Phillips … for the Kansas City Court of
186 2987 248 65 appeals.
458 2988 139 65 May
621 2989 83 55 23,
732 2989 132 49 1932
887 2994 58 46 to
970 2989 153 52 June
1145 2991 80 64 12,
1253 2993 147 50 1933.
1478 2993 90 63 By
1593 2993 192 51 James
1811 2993 64 50 P.
1900 2992 273 67 Aylward

244 3063 1935 72 … and for the Springfield Court of appeals, March 7. 1932
186 3143 1933 72 to June 19, 1933. By T. H. Douglas … and Argus Cox …
186 3237 49 35 v.
267 3219 116 53 227.
462 3218 317 68 Columbia,
810 3221 133 66 Mo.,
974 3223 66 50 E.
1070 3225 86 52 W.
1194 3225 279 66 Stephens
1503 3226 335 66 publishing
1937 3270 8 8 co.
2058 3229 100 48 [c1934]

256 3293 872 49 1 p. l., v-xlv, 1354, xxii p. 24cm.
191 3346 1991 51 © May 4. 1934: 2c. May 7: aff. Oct. 24: A 75920: J. D . Allen, Jefferson
259 3407 122 47 City.
417 3409 85 36 Mo.

188 3515 295 54 Missouri.
561 3518 275 65 Supreme
869 3526 173 47 court.

260 3591 1922 68 Reports of cases determined … between June 23, 1933, and
195 3667 243 56 October
492 3674 83 49 28.
633 3674 147 49 1933.
856 3674 158 52 John
1069 3677 219 51 Turner
1348 3677 205 56 White,
1609 3683 270 61 reporter,
1955 3697 49 33 v.
2061 3681 116 48 333.

195 3745 315 58 Columbia,
548 3750 133 51 Mo.,
723 3752 64 50 E.
828 3753 86 52 W.
961 3752 276 54 Stephens
1278 3755 333 66 publishing
1651 3774 95 38 co.,
1787 3758 150 49 1934.

260 3821 102 47 xiii,
394 3821 112 40 1351
536 3832 41 36 p.
637 3821 114 40 24cm.

196 3876 1988 63 © Aug. 3, 1934; 2c. Aug. 6; aff. Oct. 24; A 75921; Eppa F. Elliott,
264 3939 238 38 Jefferson
535 3940 121 47 City,
689 3942 89 37 Mo.
