2350 4196
1142 4007 98 49 920

302 444 183 38 Poems.

304 500 283 40 “Botanical
613 512 166 29 names
805 504 96 38 and
928 503 345 48 descriptions”:
1331 515 42 37 p.
1401 506 154 41 71-78.

229 570 51 51 ©
307 576 113 45 May
445 575 39 46 2,
510 575 139 46 1934;
677 575 64 40 2c.
770 578 95 37 and
891 576 80 40 aff.
1000 577 114 47 July
1140 578 51 39 13;
1247 577 41 39 A
1314 578 142 39 73410;
1516 578 42 40 S.
1589 579 43 40 S.
1659 580 232 48 Vosburg,
1920 581 289 50 Claremont,

301 631 141 40 Calif.
515 632 277 47 (34-20547)

221 748 164 52 West
420 747 272 65 Virginia
725 749 349 64 university.
1149 753 230 50 Bureau
1410 752 97 63 for
1539 761 368 55 government
1939 756 270 51 research.

353 823 1860 63 … Public affairs bulletin no. 8. Tax limitation in West
222 901 296 68 Virginia;
562 904 169 51 relief
765 910 58 47 to
861 905 98 51 the
996 905 152 51 farm
1188 905 111 51 and
1338 905 95 52 the
1471 906 165 51 home
1695 907 74 65 [by
1808 908 155 55 John
2001 910 64 50 F.
2110 910 101 67 Sly

224 981 112 51 and
373 981 219 67 George
628 983 69 51 A.
737 981 297 68 Shipman]
1113 982 418 67 Morgantown,
1565 986 89 52 W.
1691 985 123 65 Va.,
1852 989 149 49 1934.

295 1053 796 50 cover-title, 3 p. l., 42 p. 23 cm .
293 1125 64 39 At
390 1126 124 38 head
551 1125 50 39 of
636 1126 133 39 title:
807 1126 134 39 West
977 1125 219 48 Virginia
1232 1125 283 49 university,
1555 1126 318 49 Department
1909 1129 52 39 of
1996 1128 218 49 political

223 1181 197 46 science,
448 1182 195 39 Bureau
670 1182 81 39 for
775 1186 311 43 government
1116 1183 235 39 research.

227 1234 51 51 ©
308 1239 114 46 July
450 1237 68 47 27,
546 1238 139 46 .1934;
716 1238 65 39 2c.
811 1239 94 38 and
934 1239 81 39 aff.
1044 1239 117 47 Aug.
1191 1240 81 45 21;
1302 1239 42 38 A
1371 1238 169 47 74596;
1571 1240 197 39 Bureau
1796 1240 80 40 for
1901 1245 312 44 government

295 1296 236 45 research,
560 1296 134 38 West
722 1295 219 48 Virginia
969 1295 143 46 univ.,
1141 1297 348 45 Morgantown,
1518 1296 70 39 W.
1619 1297 84 39 Va.

217 1409 298 67 Whitney,
545 1411 331 54 Jessamine
907 1412 235 65 Sophia,
1172 1414 82 51 ed.

291 1489 190 52 Death
507 1495 147 47 rates
679 1489 74 67 by
777 1490 350 66 occupation,
1151 1490 170 53 based
1347 1508 71 33 on
1444 1491 133 51 data
1604 1490 63 51 of
1690 1492 95 50 the
1808 1492 71 52 U.
1911 1491 55 54 S.
1995 1491 210 54 Census

219 1566 1984 69 bureau, 1930; edited by Jessamine S. Whitney … New York,
219 1643 270 53 National
520 1645 367 53 tuberculosis
920 1645 350 64 association,
1304 1649 149 49 1934.

292 1717 56 39 32
376 1728 42 37 p.
480 1717 152 47 diagr.
692 1717 25 37 28
751 1720 43 20 cm
800 1750 7 7 .

224 1784 50 51 ©
304 1788 116 47 July
446 1789 39 46 3,
514 1789 114 39 1934;
685 1789 65 39 2c.
781 1789 94 39 and
904 1788 80 41 aff.
1016 1790 114 46 July
1160 1789 48 43 5;
1240 1791 42 36 A
1309 1789 169 46 74134;
1510 1788 117 40 Natl.
1670 1788 320 40 tuberculosis
2020 1798 128 31 assn.

300 1844 278 49 (34-19861)

214 1959 201 55 Who’s
464 1962 130 52 who
643 1964 61 51 in
753 1962 95 51 the
896 1961 242 54 nation’s
1188 1962 229 67 capital,
1470 1965 323 50 1934-1935.
1870 1963 212 52 Edited
2131 1963 72 67 by

288 2039 235 68 Stanley
563 2042 76 50 H.
681 2040 378 55 Williamson.
1134 2040 399 67 Washington,
1572 2042 72 53 D.
1687 2042 80 65 C.,
1808 2041 272 52 Ransdell
282 2041 1898 143 incorporated
654 2121 190 63 [c1934]

286 2191 663 48 7 p. l., 17-1022 p. 23½ cm .
218 2244 51 51 ©
299 2248 125 39 June
451 2248 68 45 15,
548 2247 139 47 1934;
719 2249 65 38 2c.
816 2248 118 47 Aug.
963 2247 24 39 2;
1048 2247 80 40 aff.
1158 2248 115 47 Aug.
1306 2248 54 39 15;
1420 2248 42 38 A
1490 2248 169 45 73977;
1693 2247 244 47 Ransdell,
1968 2246 91 41 inc.

218 2363 231 67 Wilson,
478 2365 221 54 Harold
728 2365 226 64 Albert,
986 2368 169 49 1874-

284 2441 1918 70 The mysteries of the atom, by H. A. Wilson … New York,
215 2523 68 50 D.
312 2522 129 53 Van
469 2522 290 52 Nostrand
788 2538 294 50 company,
1111 2520 125 67 inc.,
1265 2522 149 52 1934.

281 2597 48 38 vi
353 2606 56 37 p.,
435 2594 25 39 2
507 2625 23 12 l.,
556 2594 86 39 146
665 2605 43 37 p.
768 2594 142 44 illus.,
938 2593 176 47 diagrs.
1175 2592 55 40 23½
1263 2595 44 21 cm
1312 2624 8 9 .

217 2648 51 51 ©
299 2653 111 46 Apr.
443 2651 68 47 16,
542 2649 114 41 1934;
715 2650 66 39 2c.
812 2651 111 46 Apr.
956 2649 80 46 20;
1073 2648 79 40 aff.
1184 2649 126 40 June
1340 2649 81 47 19;
1455 2650 40 38 A
1526 2650 169 46 72869;
1730 2650 56 39 D.
1818 2650 106 39 Van
1953 2649 247 42 Nostrand

285 2719 80 36 co.,
392 2709 90 39 inc.
556 2706 278 49 (34-27140)

214 2823 273 66 Winlock,
521 2825 256 52 Herbert
809 2822 224 65 Eustis,
1067 2826 167 49 1884-

342 2900 1852 68 … The treasure of El Lāhūn, by H. E. Winlock. New York,
213 2983 148 51 1934.

285 3049 1912 52 xvi, 80 p., 2 l. illus. (incl. plans) xvi pl. 32 × 24 cm . (Half-title: The
216 3109 343 47 Metropolitan
596 3119 216 29 museum
849 3109 51 38 of
936 3109 90 38 art.
1087 3108 318 45 Department
1443 3108 51 40 of
1531 3107 242 48 Egyptian
1811 3108 90 38 art.
214 3107 1964 107 [Publications]
417 3167 90 39 vol.
597 3166 13 47 IV)

282 3223 63 40 At
371 3224 124 38 head
521 3223 50 38 of
596 3223 133 39 title:
759 3223 101 38 The
886 3221 343 46 Metropolitan
1257 3232 218 28 museum
1502 3222 50 38 of
1580 3224 90 37 art.

285 3280 132 39 Each
442 3281 130 47 plate
599 3279 339 47 accompanied
961 3279 61 46 by
1045 3278 152 47 guard
1223 3278 135 39 sheet
1382 3278 120 40 with
1529 3278 289 48 descriptive
1843 3280 295 46 letterpress.

286 3336 91 40 “Of
410 3337 97 40 this
543 3337 119 38 book
694 3337 111 38 four
841 3336 218 38 hundred
1097 3334 156 47 copies
1287 3345 125 29 were
1446 3336 193 46 printed
1672 3336 58 47 by
1767 3337 81 38 the
1883 3336 310 39 Southworth

213 3400 147 39 press,
390 3393 246 47 Portland,
665 3393 175 47 Maine,
867 3393 50 38 in
943 3392 150 47 April,
1122 3391 154 41 1934.”

285 3448 131 48 “Key
445 3452 48 37 to
524 3449 269 40 references
821 3449 153 40 cited”:
1033 3459 42 37 p.
1103 3448 213 39 xiii-xvi.

212 3502 51 51 ©
296 3508 78 38 May
441 3508 67 40 15,
542 3507 113 40 1934;
717 3507 66 40 2c.
816 3508 95 38 and
944 3506 77 40 aff.
1059 3507 112 46 May
1204 3507 80 44 17;
1319 3506 40 38 A
1394 3506 166 46 72401;
1599 3507 344 47 Metropolitan
1976 3516 216 30 museum

282 3563 52 39 of
361 3566 90 39 art.
483 3565 115 38 New
628 3564 140 38 York.
842 3562 277 48 (34-20192)

204 3676 1963 149 Wissenschaftliche veröffentlichungen aus dem Siemens-konzern. 13. bd., 1. hft. … Berlin, J. Springer, 1934.
276 3830 1177 50 2 p. l., 71, [1] p. illus., plates, diagrs. 28 cm .
209 3882 1789 53 © Mar. 22, 1934; 1c. July 3; A-Foreign 25062; Julius Springer.
