<alto xmlns="http://www.loc.gov/standards/alto/ns-v3#" xmlns:xlink="http://www.w3.org/1999/xlink" xmlns:xsi="http://www.w3.org/2001/XMLSchema-instance" xsi:schemaLocation="http://www.loc.gov/standards/alto/ns-v3# http://www.loc.gov/alto/v3/alto-3-0.xsd"><Description>
<MeasurementUnit>pixel</MeasurementUnit>
<sourceImageInformation>
<fileName>1934_v1_Part1.pdf</fileName>
</sourceImageInformation>
<OCRProcessing ID="IdOcr">
<ocrProcessingStep>
<processingDateTime>2019-01-10</processingDateTime>
<processingSoftware>
<softwareCreator>ABBYY</softwareCreator>
<softwareName>ABBYY Recognition Server</softwareName>
<softwareVersion>4.0</softwareVersion>
</processingSoftware>
</ocrProcessingStep>
</OCRProcessing>
</Description>
<Styles>
<ParagraphStyle ID="StyleId-FFFFFFFF-FFFF-FFFF-FFFF-FFFFFFFFFFFF-" ALIGN="Left" LEFT="0." RIGHT="0." FIRSTLINE="0."/>
<ParagraphStyle ID="StyleId-521E1FC6-FE7E-43A4-90E6-A9B61626A263-" ALIGN="Right" LEFT="0." RIGHT="0." FIRSTLINE="0." LINESPACE="13.30000019"/>
<ParagraphStyle ID="StyleId-639B624E-F6F5-47B6-BB1D-34E64B53022F-" ALIGN="Left" LEFT="0." RIGHT="0." FIRSTLINE="-27." LINESPACE="13.43999958"/>
<ParagraphStyle ID="StyleId-100905F9-D385-406B-A5BD-ED5B8FD85431-" ALIGN="Left" LEFT="0." RIGHT="0." FIRSTLINE="0."/>
<ParagraphStyle ID="StyleId-7C9F9BA2-EF3A-4B7F-8486-CCC7B7F49B39-" ALIGN="Left" LEFT="0." RIGHT="0." FIRSTLINE="-27." LINESPACE="18.71999931"/>
<ParagraphStyle ID="StyleId-350780E3-60F2-4605-88F5-BB54F9B87091-" ALIGN="Block" LEFT="0." RIGHT="0." FIRSTLINE="-27." LINESPACE="18.71999931"/>
<ParagraphStyle ID="StyleId-90B16C58-D795-4C77-9B89-30378C515D40-" ALIGN="Left" LEFT="0." RIGHT="0." FIRSTLINE="0." LINESPACE="14.39999962"/>
<ParagraphStyle ID="StyleId-17090E09-AFAF-4086-BD9B-4E99FAE6B057-" ALIGN="Right" LEFT="0." RIGHT="0." FIRSTLINE="-27." LINESPACE="14.39999962"/>
<ParagraphStyle ID="StyleId-8B87B633-89DB-4D72-B1FC-26E4ABD680BC-" ALIGN="Left" LEFT="0." RIGHT="0." FIRSTLINE="-27." LINESPACE="18.47999954"/>
<ParagraphStyle ID="StyleId-42DA7417-CA90-4D71-A57B-06556C38D752-" ALIGN="Left" LEFT="0." RIGHT="0." FIRSTLINE="0." LINESPACE="13.30000019"/>
<ParagraphStyle ID="StyleId-D8EE2A7E-42AE-4E35-98DB-F0F935637AA0-" ALIGN="Block" LEFT="0." RIGHT="0." FIRSTLINE="0." LINESPACE="6.599999905"/>
<ParagraphStyle ID="StyleId-33CD3121-D4F5-43B6-BA96-6382D166E6B8-" ALIGN="Left" LEFT="0." RIGHT="0." FIRSTLINE="0." LINESPACE="15.5"/>
<ParagraphStyle ID="StyleId-1CE52AFA-C319-4DD9-B4B1-F0EBFA2B3F0B-" ALIGN="Block" LEFT="0." RIGHT="0." FIRSTLINE="-21." LINESPACE="18.71999931"/>
<ParagraphStyle ID="StyleId-B74F1B65-92F1-49C5-A5FA-D20442F031F2-" ALIGN="Left" LEFT="0." RIGHT="0." FIRSTLINE="0." LINESPACE="17.70006076"/>
<ParagraphStyle ID="StyleId-79E2924A-215C-40B7-B577-7236BFBAA25E-" ALIGN="Center" LEFT="0." RIGHT="0." FIRSTLINE="0." LINESPACE="7.199999809"/>
</Styles>
<Layout>
<Page ID="Page44" PHYSICAL_IMG_NR="44" HEIGHT="4196" WIDTH="2350">
<TopMargin HEIGHT="338" WIDTH="2350" VPOS="0" HPOS="0">
</TopMargin>
<LeftMargin HEIGHT="3641" WIDTH="185" VPOS="338" HPOS="0">
</LeftMargin>
<RightMargin HEIGHT="3641" WIDTH="140" VPOS="338" HPOS="2210">
</RightMargin>
<BottomMargin HEIGHT="217" WIDTH="2350" VPOS="3979" HPOS="0">
<TextBlock ID="Page44_Block1" HEIGHT="60" WIDTH="78" VPOS="3995" HPOS="1165" LANG="en-US" STYLEREFS="StyleId-8969A37E-22A2-45E3-BC93-E696AAD427FF-">
<TextLine HEIGHT="48" WIDTH="66" VPOS="4001" HPOS="1171">
<String CONTENT="44" HEIGHT="48" WIDTH="66" VPOS="4001" HPOS="1171"/>
</TextLine>
</TextBlock>
</BottomMargin>
<PrintSpace HEIGHT="3641" WIDTH="2025" VPOS="338" HPOS="185">
<TextBlock ID="Page44_Block2" HEIGHT="3641" WIDTH="2025" VPOS="338" HPOS="185" LANG="en-US" CS="1" STYLEREFS="StyleId-CAEDABD3-EF01-42C2-90A7-73BCBB1B3B9E-">
<Shape>
<Polygon POINTS="185,338 2210,338 2210,3944 644,3944 644,3979 185,3979 185,338"/>
</Shape>
<TextLine HEIGHT="64" WIDTH="658" VPOS="379" HPOS="192" STYLEREFS="StyleId-3A0E194A-EF0F-4E59-A1CF-C24933B0B13D-">
<String LANG="fr" CONTENT="Morgan," HEIGHT="62" WIDTH="267" VPOS="381" HPOS="192"/>
<SP HEIGHT="63" WIDTH="26" VPOS="380" HPOS="460"/>
<String LANG="en-US" CONTENT="Lucy" HEIGHT="63" WIDTH="161" VPOS="380" HPOS="487"/>
<SP HEIGHT="63" WIDTH="24" VPOS="380" HPOS="649"/>
<String LANG="fr" CONTENT="Belle." HEIGHT="55" WIDTH="176" VPOS="379" HPOS="674"/>
</TextLine>
<TextLine HEIGHT="149" WIDTH="1961" VPOS="452" HPOS="191" STYLEREFS="StyleId-78E6C149-4642-4366-9C73-259307B0CF46-" CS="1">
<String CONTENT="The" HEIGHT="51" WIDTH="120" VPOS="457" HPOS="258"/>
<SP HEIGHT="33" WIDTH="31" VPOS="475" HPOS="379"/>
<String CONTENT="way" HEIGHT="48" WIDTH="124" VPOS="475" HPOS="411"/>
<SP HEIGHT="61" WIDTH="29" VPOS="462" HPOS="536"/>
<String CONTENT="triumphant" HEIGHT="67" WIDTH="359" VPOS="456" HPOS="566"/>
<SP HEIGHT="60" WIDTH="38" VPOS="463" HPOS="926"/>
<String CONTENT="[by]" HEIGHT="67" WIDTH="107" VPOS="456" HPOS="965"/>
<SP HEIGHT="64" WIDTH="37" VPOS="457" HPOS="1073"/>
<String CONTENT="Lucy" HEIGHT="64" WIDTH="156" VPOS="457" HPOS="1111"/>
<SP HEIGHT="64" WIDTH="32" VPOS="457" HPOS="1268"/>
<String CONTENT="Belle" HEIGHT="52" WIDTH="157" VPOS="454" HPOS="1301"/>
<SP HEIGHT="52" WIDTH="31" VPOS="454" HPOS="1459"/>
<String CONTENT="Morgan" HEIGHT="66" WIDTH="243" VPOS="454" HPOS="1491"/>
<SP HEIGHT="34" WIDTH="39" VPOS="472" HPOS="1735"/>
<String CS="1" CONTENT="&#8230;"/>
<SP HEIGHT="32" WIDTH="84" VPOS="487" HPOS="1830"/>
<String CONTENT="[Georgetown," HEIGHT="148" WIDTH="1961" VPOS="452" HPOS="191"/>
<SP HEIGHT="64" WIDTH="25" VPOS="536" HPOS="361"/>
<String CONTENT="Tex.," HEIGHT="64" WIDTH="153" VPOS="536" HPOS="387"/>
<SP HEIGHT="59" WIDTH="28" VPOS="541" HPOS="541"/>
<String STYLE="superscript" CONTENT="c" HEIGHT="21" WIDTH="18" VPOS="541" HPOS="570"/>
<String CONTENT="1933]" HEIGHT="63" WIDTH="151" VPOS="538" HPOS="593"/>
</TextLine>
<TextLine HEIGHT="47" WIDTH="330" VPOS="606" HPOS="269">
<String CONTENT="177" HEIGHT="41" WIDTH="85" VPOS="606" HPOS="269"/>
<SP HEIGHT="45" WIDTH="25" VPOS="608" HPOS="355"/>
<String CONTENT="p." HEIGHT="37" WIDTH="42" VPOS="616" HPOS="381"/>
<SP HEIGHT="41" WIDTH="59" VPOS="606" HPOS="424"/>
<String CONTENT="20" HEIGHT="40" WIDTH="55" VPOS="606" HPOS="484"/>
<String STYLE="superscript" CONTENT="cm" HEIGHT="20" WIDTH="43" VPOS="609" HPOS="542"/>
<String CONTENT="." HEIGHT="8" WIDTH="8" VPOS="641" HPOS="591"/>
</TextLine>
<TextLine HEIGHT="53" WIDTH="1983" VPOS="658" HPOS="198">
<String CONTENT="&#169;" HEIGHT="50" WIDTH="50" VPOS="661" HPOS="198"/>
<SP HEIGHT="50" WIDTH="38" VPOS="661" HPOS="249"/>
<String CONTENT="Dec." HEIGHT="38" WIDTH="111" VPOS="666" HPOS="288"/>
<SP HEIGHT="37" WIDTH="37" VPOS="667" HPOS="400"/>
<String CONTENT="15." HEIGHT="41" WIDTH="69" VPOS="663" HPOS="438"/>
<SP HEIGHT="37" WIDTH="36" VPOS="666" HPOS="508"/>
<String CONTENT="1933;" HEIGHT="45" WIDTH="139" VPOS="664" HPOS="545"/>
<SP HEIGHT="45" WIDTH="39" VPOS="664" HPOS="685"/>
<String CONTENT="2c." HEIGHT="39" WIDTH="66" VPOS="664" HPOS="725"/>
<SP HEIGHT="38" WIDTH="38" VPOS="664" HPOS="792"/>
<String CONTENT="Dec." HEIGHT="38" WIDTH="111" VPOS="664" HPOS="831"/>
<SP HEIGHT="38" WIDTH="37" VPOS="664" HPOS="943"/>
<String CONTENT="19;" HEIGHT="46" WIDTH="82" VPOS="662" HPOS="981"/>
<SP HEIGHT="36" WIDTH="39" VPOS="672" HPOS="1064"/>
<String CONTENT="aff." HEIGHT="40" WIDTH="79" VPOS="661" HPOS="1104"/>
<SP HEIGHT="39" WIDTH="38" VPOS="662" HPOS="1184"/>
<String CONTENT="Dec." HEIGHT="38" WIDTH="109" VPOS="662" HPOS="1223"/>
<SP HEIGHT="39" WIDTH="38" VPOS="660" HPOS="1333"/>
<String CONTENT="29;" HEIGHT="46" WIDTH="81" VPOS="660" HPOS="1372"/>
<SP HEIGHT="46" WIDTH="40" VPOS="660" HPOS="1454"/>
<!-- cceid B7E50CFD-6C64-1014-8713-889FF4349C01 --><String CONTENT="A" HEIGHT="38" WIDTH="41" VPOS="660" HPOS="1495"/>
<SP HEIGHT="39" WIDTH="36" VPOS="659" HPOS="1537"/>
<String CONTENT="68689;" HEIGHT="46" WIDTH="167" VPOS="658" HPOS="1574"/>
<SP HEIGHT="45" WIDTH="41" VPOS="659" HPOS="1742"/>
<String LANG="fr" CONTENT="L." HEIGHT="37" WIDTH="48" VPOS="659" HPOS="1784"/>
<SP HEIGHT="38" WIDTH="39" VPOS="658" HPOS="1833"/>
<String CONTENT="B." HEIGHT="38" WIDTH="52" VPOS="658" HPOS="1873"/>
<SP HEIGHT="37" WIDTH="39" VPOS="659" HPOS="1926"/>
<String CONTENT="Morgan," HEIGHT="46" WIDTH="215" VPOS="659" HPOS="1966"/>
</TextLine>
<TextLine HEIGHT="50" WIDTH="790" VPOS="718" HPOS="268">
<String CONTENT="Georgetown," HEIGHT="47" WIDTH="326" VPOS="721" HPOS="268"/>
<SP HEIGHT="47" WIDTH="29" VPOS="721" HPOS="595"/>
<String CONTENT="Tex." HEIGHT="38" WIDTH="112" VPOS="721" HPOS="625"/>
<SP HEIGHT="43" WIDTH="70" VPOS="723" HPOS="738"/>
<String CONTENT="(34-1329)" HEIGHT="49" WIDTH="249" VPOS="718" HPOS="809"/>
</TextLine>
<TextLine HEIGHT="66" WIDTH="1015" VPOS="808" HPOS="195" STYLEREFS="StyleId-3A0E194A-EF0F-4E59-A1CF-C24933B0B13D-">
<String CONTENT="Munro," HEIGHT="65" WIDTH="228" VPOS="809" HPOS="195"/>
<SP HEIGHT="63" WIDTH="26" VPOS="811" HPOS="424"/>
<String CONTENT="William" HEIGHT="55" WIDTH="253" VPOS="808" HPOS="451"/>
<SP HEIGHT="51" WIDTH="26" VPOS="811" HPOS="705"/>
<String CONTENT="Bennett," HEIGHT="61" WIDTH="277" VPOS="811" HPOS="732"/>
<SP HEIGHT="60" WIDTH="30" VPOS="812" HPOS="1010"/>
<String CONTENT="1875-" HEIGHT="51" WIDTH="169" VPOS="809" HPOS="1041"/>
</TextLine>
<TextLine HEIGHT="72" WIDTH="1918" VPOS="883" HPOS="265" STYLEREFS="StyleId-78E6C149-4642-4366-9C73-259307B0CF46-">
<String CONTENT="Personality" HEIGHT="67" WIDTH="361" VPOS="888" HPOS="265"/>
<SP HEIGHT="67" WIDTH="32" VPOS="888" HPOS="627"/>
<String CONTENT="in" HEIGHT="52" WIDTH="59" VPOS="888" HPOS="660"/>
<SP HEIGHT="50" WIDTH="32" VPOS="905" HPOS="720"/>
<String CONTENT="politics;" HEIGHT="69" WIDTH="256" VPOS="886" HPOS="753"/>
<SP HEIGHT="48" WIDTH="33" VPOS="904" HPOS="1010"/>
<String CONTENT="a" HEIGHT="34" WIDTH="32" VPOS="904" HPOS="1044"/>
<SP HEIGHT="34" WIDTH="30" VPOS="904" HPOS="1077"/>
<String CONTENT="study" HEIGHT="68" WIDTH="171" VPOS="885" HPOS="1108"/>
<SP HEIGHT="49" WIDTH="30" VPOS="904" HPOS="1280"/>
<String CONTENT="of" HEIGHT="53" WIDTH="62" VPOS="885" HPOS="1311"/>
<SP HEIGHT="53" WIDTH="29" VPOS="885" HPOS="1374"/>
<String CONTENT="three" HEIGHT="53" WIDTH="157" VPOS="885" HPOS="1404"/>
<SP HEIGHT="46" WIDTH="32" VPOS="890" HPOS="1562"/>
<String CONTENT="types" HEIGHT="62" WIDTH="162" VPOS="890" HPOS="1595"/>
<SP HEIGHT="52" WIDTH="30" VPOS="884" HPOS="1758"/>
<String CONTENT="in" HEIGHT="52" WIDTH="59" VPOS="884" HPOS="1789"/>
<SP HEIGHT="53" WIDTH="30" VPOS="883" HPOS="1849"/>
<String CONTENT="American" HEIGHT="52" WIDTH="303" VPOS="883" HPOS="1880"/>
</TextLine>
<TextLine HEIGHT="72" WIDTH="1987" VPOS="961" HPOS="198" STYLEREFS="StyleId-78E6C149-4642-4366-9C73-259307B0CF46-">
<String CONTENT="public" HEIGHT="68" WIDTH="193" VPOS="965" HPOS="198"/>
<SP HEIGHT="50" WIDTH="38" VPOS="967" HPOS="392"/>
<String CONTENT="life," HEIGHT="68" WIDTH="123" VPOS="964" HPOS="431"/>
<SP HEIGHT="67" WIDTH="38" VPOS="965" HPOS="555"/>
<String CONTENT="by" HEIGHT="68" WIDTH="75" VPOS="965" HPOS="594"/>
<SP HEIGHT="67" WIDTH="40" VPOS="966" HPOS="670"/>
<String CONTENT="William" HEIGHT="55" WIDTH="261" VPOS="964" HPOS="711"/>
<SP HEIGHT="51" WIDTH="40" VPOS="965" HPOS="973"/>
<String CONTENT="Bennett" HEIGHT="51" WIDTH="246" VPOS="965" HPOS="1014"/>
<SP HEIGHT="52" WIDTH="42" VPOS="964" HPOS="1261"/>
<String CONTENT="Munro." HEIGHT="51" WIDTH="226" VPOS="964" HPOS="1304"/>
<SP HEIGHT="51" WIDTH="75" VPOS="963" HPOS="1531"/>
<String CONTENT="New" HEIGHT="51" WIDTH="138" VPOS="963" HPOS="1607"/>
<SP HEIGHT="33" WIDTH="42" VPOS="981" HPOS="1746"/>
<String CONTENT="and" HEIGHT="52" WIDTH="113" VPOS="962" HPOS="1789"/>
<SP HEIGHT="52" WIDTH="40" VPOS="962" HPOS="1903"/>
<String CONTENT="rev." HEIGHT="34" WIDTH="113" VPOS="980" HPOS="1944"/>
<SP HEIGHT="34" WIDTH="40" VPOS="980" HPOS="2058"/>
<String CONTENT="ed." HEIGHT="52" WIDTH="86" VPOS="961" HPOS="2099"/>
</TextLine>
<TextLine HEIGHT="68" WIDTH="1373" VPOS="1042" HPOS="195" STYLEREFS="StyleId-78E6C149-4642-4366-9C73-259307B0CF46-">
<String CONTENT="New" HEIGHT="53" WIDTH="137" VPOS="1042" HPOS="195"/>
<SP HEIGHT="52" WIDTH="30" VPOS="1043" HPOS="333"/>
<String CONTENT="York," HEIGHT="68" WIDTH="178" VPOS="1042" HPOS="364"/>
<SP HEIGHT="66" WIDTH="28" VPOS="1044" HPOS="543"/>
<String CONTENT="The" HEIGHT="52" WIDTH="120" VPOS="1044" HPOS="572"/>
<SP HEIGHT="53" WIDTH="30" VPOS="1043" HPOS="693"/>
<String CONTENT="Macmillan" HEIGHT="52" WIDTH="333" VPOS="1043" HPOS="724"/>
<SP HEIGHT="34" WIDTH="31" VPOS="1060" HPOS="1058"/>
<String CONTENT="company," HEIGHT="50" WIDTH="295" VPOS="1060" HPOS="1090"/>
<SP HEIGHT="62" WIDTH="31" VPOS="1046" HPOS="1386"/>
<String CONTENT="1934." HEIGHT="49" WIDTH="150" VPOS="1044" HPOS="1418"/>
</TextLine>
<TextLine HEIGHT="50" WIDTH="578" VPOS="1115" HPOS="264" CS="1">
<String CONTENT="5" HEIGHT="39" WIDTH="26" VPOS="1117" HPOS="264"/>
<SP/>
<String CONTENT="p." HEIGHT="38" WIDTH="43" VPOS="1127" HPOS="315"/>
<SP/>
<String CS="1" CONTENT="l.,"/>
<SP HEIGHT="46" WIDTH="28" VPOS="1117" HPOS="432"/>
<String CONTENT="121" HEIGHT="40" WIDTH="83" VPOS="1115" HPOS="461"/>
<SP HEIGHT="48" WIDTH="23" VPOS="1116" HPOS="545"/>
<String CONTENT="p." HEIGHT="37" WIDTH="44" VPOS="1127" HPOS="569"/>
<SP HEIGHT="40" WIDTH="84" VPOS="1116" HPOS="614"/>
<String CS="1" CONTENT="19&#189;" HEIGHT="41" WIDTH="56" VPOS="1115" HPOS="699"/>
<String STYLE="superscript" CONTENT="cm" HEIGHT="21" WIDTH="42" VPOS="1118" HPOS="787"/>
<String CONTENT="." HEIGHT="9" WIDTH="8" VPOS="1147" HPOS="834"/>
</TextLine>
<TextLine HEIGHT="52" WIDTH="1689" VPOS="1170" HPOS="198" CS="1">
<String CONTENT="&#169;" HEIGHT="51" WIDTH="50" VPOS="1170" HPOS="198"/>
<SP HEIGHT="51" WIDTH="27" VPOS="1170" HPOS="249"/>
<String CONTENT="Jan." HEIGHT="40" WIDTH="107" VPOS="1176" HPOS="277"/>
<SP HEIGHT="39" WIDTH="26" VPOS="1177" HPOS="385"/>
<String CONTENT="16," HEIGHT="47" WIDTH="67" VPOS="1175" HPOS="412"/>
<SP HEIGHT="46" WIDTH="26" VPOS="1176" HPOS="480"/>
<String CS="1" CONTENT="1934;" HEIGHT="40" WIDTH="113" VPOS="1174" HPOS="507"/>
<SP HEIGHT="41" WIDTH="26" VPOS="1174" HPOS="648"/>
<String CONTENT="2c." HEIGHT="39" WIDTH="66" VPOS="1174" HPOS="675"/>
<SP HEIGHT="28" WIDTH="26" VPOS="1185" HPOS="742"/>
<String CONTENT="and" HEIGHT="39" WIDTH="94" VPOS="1174" HPOS="769"/>
<SP HEIGHT="39" WIDTH="25" VPOS="1174" HPOS="864"/>
<String CONTENT="aff." HEIGHT="39" WIDTH="82" VPOS="1173" HPOS="890"/>
<SP HEIGHT="39" WIDTH="27" VPOS="1173" HPOS="973"/>
<String CONTENT="Jan." HEIGHT="38" WIDTH="107" VPOS="1173" HPOS="1001"/>
<SP HEIGHT="38" WIDTH="27" VPOS="1173" HPOS="1109"/>
<String CS="1" CONTENT="17;" HEIGHT="38" WIDTH="54" VPOS="1173" HPOS="1137"/>
<SP HEIGHT="46" WIDTH="28" VPOS="1172" HPOS="1217"/>
<!-- cceid B7E5B640-6C64-1014-8713-889FF4349C01 --><String CONTENT="A" HEIGHT="39" WIDTH="42" VPOS="1172" HPOS="1246"/>
<SP HEIGHT="39" WIDTH="25" VPOS="1172" HPOS="1289"/>
<String CS="1" CONTENT="69021;" HEIGHT="40" WIDTH="141" VPOS="1172" HPOS="1315"/>
<SP HEIGHT="46" WIDTH="30" VPOS="1173" HPOS="1483"/>
<String CONTENT="Macmillan" HEIGHT="39" WIDTH="281" VPOS="1172" HPOS="1514"/>
<SP HEIGHT="28" WIDTH="26" VPOS="1183" HPOS="1796"/>
<String CONTENT="co." HEIGHT="28" WIDTH="64" VPOS="1183" HPOS="1823"/>
</TextLine>
<TextLine HEIGHT="48" WIDTH="249" VPOS="1230" HPOS="276">
<String CONTENT="(34-1213)" HEIGHT="48" WIDTH="249" VPOS="1230" HPOS="276"/>
</TextLine>
<TextLine HEIGHT="64" WIDTH="846" VPOS="1320" HPOS="198" STYLEREFS="StyleId-3A0E194A-EF0F-4E59-A1CF-C24933B0B13D-">
<String CONTENT="Neuman," HEIGHT="64" WIDTH="289" VPOS="1320" HPOS="198"/>
<SP HEIGHT="63" WIDTH="29" VPOS="1321" HPOS="488"/>
<String CONTENT="Fred" HEIGHT="52" WIDTH="151" VPOS="1321" HPOS="518"/>
<SP HEIGHT="54" WIDTH="30" VPOS="1320" HPOS="670"/>
<String CONTENT="Gus," HEIGHT="63" WIDTH="139" VPOS="1320" HPOS="701"/>
<SP HEIGHT="60" WIDTH="32" VPOS="1323" HPOS="841"/>
<String CONTENT="1893-" HEIGHT="49" WIDTH="170" VPOS="1322" HPOS="874"/>
</TextLine>
<TextLine HEIGHT="145" WIDTH="1967" VPOS="1395" HPOS="196" STYLEREFS="StyleId-78E6C149-4642-4366-9C73-259307B0CF46-" CS="1">
<String CONTENT="Irvin" HEIGHT="52" WIDTH="164" VPOS="1397" HPOS="264"/>
<SP HEIGHT="54" WIDTH="36" VPOS="1396" HPOS="429"/>
<String CONTENT="S." HEIGHT="54" WIDTH="55" VPOS="1396" HPOS="466"/>
<SP HEIGHT="54" WIDTH="36" VPOS="1397" HPOS="522"/>
<String CONTENT="Cobb;" HEIGHT="67" WIDTH="183" VPOS="1396" HPOS="559"/>
<SP HEIGHT="66" WIDTH="35" VPOS="1397" HPOS="743"/>
<String CONTENT="his" HEIGHT="52" WIDTH="88" VPOS="1397" HPOS="779"/>
<SP HEIGHT="52" WIDTH="31" VPOS="1397" HPOS="868"/>
<String CONTENT="life" HEIGHT="52" WIDTH="104" VPOS="1396" HPOS="900"/>
<SP HEIGHT="33" WIDTH="33" VPOS="1415" HPOS="1005"/>
<String CONTENT="and" HEIGHT="51" WIDTH="110" VPOS="1397" HPOS="1039"/>
<SP HEIGHT="51" WIDTH="33" VPOS="1397" HPOS="1150"/>
<String CONTENT="achievements," HEIGHT="68" WIDTH="428" VPOS="1395" HPOS="1184"/>
<SP HEIGHT="66" WIDTH="30" VPOS="1397" HPOS="1613"/>
<String CONTENT="by" HEIGHT="66" WIDTH="74" VPOS="1397" HPOS="1644"/>
<SP HEIGHT="66" WIDTH="34" VPOS="1397" HPOS="1719"/>
<String CONTENT="Fred" HEIGHT="53" WIDTH="151" VPOS="1397" HPOS="1754"/>
<SP HEIGHT="54" WIDTH="32" VPOS="1396" HPOS="1906"/>
<String CONTENT="G." HEIGHT="54" WIDTH="68" VPOS="1396" HPOS="1939"/>
<SP HEIGHT="51" WIDTH="31" VPOS="1397" HPOS="2008"/>
<String CONTENT="Neuman;" HEIGHT="143" WIDTH="1967" VPOS="1397" HPOS="196"/>
<SP HEIGHT="46" WIDTH="39" VPOS="1494" HPOS="354"/>
<String CONTENT="with" HEIGHT="52" WIDTH="139" VPOS="1474" HPOS="394"/>
</TextLine>
<TextLine HEIGHT="69" WIDTH="1617" VPOS="1473" HPOS="571" STYLEREFS="StyleId-78E6C149-4642-4366-9C73-259307B0CF46-" CS="1">
<String CONTENT="an" HEIGHT="34" WIDTH="71" VPOS="1493" HPOS="571"/>
<SP HEIGHT="51" WIDTH="34" VPOS="1475" HPOS="643"/>
<String CONTENT="introduction" HEIGHT="52" WIDTH="389" VPOS="1474" HPOS="678"/>
<SP HEIGHT="52" WIDTH="35" VPOS="1474" HPOS="1068"/>
<String CONTENT="by" HEIGHT="68" WIDTH="74" VPOS="1474" HPOS="1104"/>
<SP HEIGHT="69" WIDTH="33" VPOS="1473" HPOS="1179"/>
<String LANG="fr" CONTENT="O." HEIGHT="55" WIDTH="66" VPOS="1473" HPOS="1213"/>
<SP HEIGHT="55" WIDTH="39" VPOS="1473" HPOS="1280"/>
<String CONTENT="O." HEIGHT="55" WIDTH="67" VPOS="1473" HPOS="1320"/>
<SP HEIGHT="52" WIDTH="35" VPOS="1474" HPOS="1388"/>
<String CONTENT="McIntyre" HEIGHT="67" WIDTH="297" VPOS="1474" HPOS="1424"/>
<SP HEIGHT="33" WIDTH="41" VPOS="1492" HPOS="1722"/>
<String CS="1" CONTENT="&#8230;"/>
<SP HEIGHT="51" WIDTH="77" VPOS="1474" HPOS="1820"/>
<String CONTENT="Paducah," HEIGHT="66" WIDTH="290" VPOS="1473" HPOS="1898"/>
</TextLine>
<TextLine HEIGHT="70" WIDTH="1236" VPOS="1551" HPOS="196" STYLEREFS="StyleId-78E6C149-4642-4366-9C73-259307B0CF46-">
<String CONTENT="Ky.," HEIGHT="67" WIDTH="130" VPOS="1554" HPOS="196"/>
<SP HEIGHT="69" WIDTH="30" VPOS="1552" HPOS="327"/>
<String CONTENT="Young" HEIGHT="68" WIDTH="210" VPOS="1552" HPOS="358"/>
<SP HEIGHT="50" WIDTH="24" VPOS="1570" HPOS="569"/>
<String CONTENT="publishing" HEIGHT="68" WIDTH="334" VPOS="1551" HPOS="594"/>
<SP HEIGHT="49" WIDTH="26" VPOS="1570" HPOS="929"/>
<String CONTENT="company," HEIGHT="49" WIDTH="294" VPOS="1569" HPOS="956"/>
<SP HEIGHT="63" WIDTH="31" VPOS="1555" HPOS="1251"/>
<String CONTENT="1934." HEIGHT="51" WIDTH="149" VPOS="1555" HPOS="1283"/>
</TextLine>
<TextLine HEIGHT="50" WIDTH="1482" VPOS="1624" HPOS="266" CS="1">
<String CONTENT="275" HEIGHT="39" WIDTH="84" VPOS="1627" HPOS="266"/>
<SP HEIGHT="47" WIDTH="30" VPOS="1627" HPOS="351"/>
<String CONTENT="p." HEIGHT="37" WIDTH="42" VPOS="1637" HPOS="382"/>
<SP HEIGHT="39" WIDTH="31" VPOS="1626" HPOS="425"/>
<String CONTENT="incl." HEIGHT="39" WIDTH="107" VPOS="1626" HPOS="457"/>
<SP HEIGHT="39" WIDTH="34" VPOS="1626" HPOS="565"/>
<String CONTENT="illus.," HEIGHT="46" WIDTH="140" VPOS="1626" HPOS="600"/>
<SP HEIGHT="36" WIDTH="33" VPOS="1636" HPOS="741"/>
<String CONTENT="plates," HEIGHT="47" WIDTH="170" VPOS="1625" HPOS="775"/>
<SP HEIGHT="37" WIDTH="31" VPOS="1635" HPOS="946"/>
<String CONTENT="ports," HEIGHT="45" WIDTH="148" VPOS="1627" HPOS="978"/>
<SP/>
<String CS="1" CONTENT="front."/>
<SP HEIGHT="46" WIDTH="28" VPOS="1624" HPOS="1334"/>
<String CONTENT="(port.)" HEIGHT="48" WIDTH="172" VPOS="1624" HPOS="1363"/>
<SP HEIGHT="45" WIDTH="67" VPOS="1624" HPOS="1536"/>
<String CS="1" CONTENT="23&#189;" HEIGHT="40" WIDTH="54" VPOS="1624" HPOS="1604"/>
<String STYLE="superscript" CONTENT="cm" HEIGHT="21" WIDTH="42" VPOS="1626" HPOS="1691"/>
<String CONTENT="." HEIGHT="7" WIDTH="7" VPOS="1657" HPOS="1741"/>
</TextLine>
<TextLine HEIGHT="50" WIDTH="1985" VPOS="1680" HPOS="203" CS="1">
<String CONTENT="&#169;" HEIGHT="50" WIDTH="50" VPOS="1680" HPOS="203"/>
<SP HEIGHT="50" WIDTH="29" VPOS="1680" HPOS="254"/>
<String CONTENT="Jan." HEIGHT="38" WIDTH="107" VPOS="1685" HPOS="284"/>
<SP HEIGHT="39" WIDTH="28" VPOS="1684" HPOS="392"/>
<String CONTENT="9," HEIGHT="40" WIDTH="38" VPOS="1684" HPOS="421"/>
<SP HEIGHT="39" WIDTH="28" VPOS="1685" HPOS="460"/>
<String CONTENT="1934;" HEIGHT="41" WIDTH="139" VPOS="1683" HPOS="489"/>
<SP HEIGHT="40" WIDTH="30" VPOS="1684" HPOS="629"/>
<String CONTENT="2c." HEIGHT="38" WIDTH="66" VPOS="1684" HPOS="660"/>
<SP HEIGHT="28" WIDTH="29" VPOS="1694" HPOS="727"/>
<String CONTENT="and" HEIGHT="36" WIDTH="93" VPOS="1685" HPOS="757"/>
<SP HEIGHT="36" WIDTH="29" VPOS="1685" HPOS="851"/>
<String CONTENT="aff." HEIGHT="40" WIDTH="80" VPOS="1682" HPOS="881"/>
<SP HEIGHT="39" WIDTH="29" VPOS="1683" HPOS="962"/>
<String CONTENT="Jan." HEIGHT="38" WIDTH="108" VPOS="1683" HPOS="992"/>
<SP HEIGHT="38" WIDTH="29" VPOS="1683" HPOS="1101"/>
<String CS="1" CONTENT="17;" HEIGHT="38" WIDTH="54" VPOS="1683" HPOS="1131"/>
<SP HEIGHT="46" WIDTH="31" VPOS="1682" HPOS="1211"/>
<!-- cceid B7E6655D-6C64-1014-8713-889FF4349C01 --><String CONTENT="A" HEIGHT="38" WIDTH="41" VPOS="1682" HPOS="1243"/>
<SP HEIGHT="39" WIDTH="27" VPOS="1682" HPOS="1285"/>
<String CONTENT="69050;" HEIGHT="47" WIDTH="168" VPOS="1681" HPOS="1313"/>
<SP HEIGHT="46" WIDTH="31" VPOS="1682" HPOS="1482"/>
<String LANG="fr" CONTENT="F." HEIGHT="40" WIDTH="50" VPOS="1682" HPOS="1514"/>
<SP HEIGHT="41" WIDTH="31" VPOS="1681" HPOS="1565"/>
<String CONTENT="G." HEIGHT="41" WIDTH="52" VPOS="1681" HPOS="1597"/>
<SP HEIGHT="39" WIDTH="29" VPOS="1682" HPOS="1650"/>
<String CONTENT="Neuman," HEIGHT="46" WIDTH="232" VPOS="1682" HPOS="1680"/>
<SP HEIGHT="46" WIDTH="31" VPOS="1682" HPOS="1913"/>
<String CONTENT="Paducah," HEIGHT="47" WIDTH="243" VPOS="1680" HPOS="1945"/>
</TextLine>
<TextLine HEIGHT="47" WIDTH="411" VPOS="1740" HPOS="267">
<String CONTENT="Ky." HEIGHT="46" WIDTH="89" VPOS="1741" HPOS="267"/>
<SP HEIGHT="47" WIDTH="71" VPOS="1740" HPOS="357"/>
<String CONTENT="(34-1260)" HEIGHT="47" WIDTH="249" VPOS="1740" HPOS="429"/>
</TextLine>
<TextLine HEIGHT="70" WIDTH="1985" VPOS="1827" HPOS="201" STYLEREFS="StyleId-78E6C149-4642-4366-9C73-259307B0CF46-">
<String CONTENT="New" HEIGHT="52" WIDTH="144" VPOS="1830" HPOS="201"/>
<SP HEIGHT="37" WIDTH="47" VPOS="1845" HPOS="346"/>
<String CONTENT="universal" HEIGHT="52" WIDTH="286" VPOS="1828" HPOS="394"/>
<SP HEIGHT="49" WIDTH="50" VPOS="1831" HPOS="681"/>
<String CONTENT="self-pronouncing" HEIGHT="68" WIDTH="532" VPOS="1828" HPOS="732"/>
<SP HEIGHT="67" WIDTH="48" VPOS="1829" HPOS="1265"/>
<String CONTENT="dictionary" HEIGHT="68" WIDTH="322" VPOS="1829" HPOS="1314"/>
<SP HEIGHT="49" WIDTH="49" VPOS="1848" HPOS="1637"/>
<String CONTENT="of" HEIGHT="52" WIDTH="62" VPOS="1829" HPOS="1687"/>
<SP HEIGHT="53" WIDTH="47" VPOS="1829" HPOS="1750"/>
<String CONTENT="the" HEIGHT="52" WIDTH="94" VPOS="1830" HPOS="1798"/>
<SP HEIGHT="51" WIDTH="50" VPOS="1831" HPOS="1893"/>
<String CONTENT="English" HEIGHT="69" WIDTH="242" VPOS="1827" HPOS="1944"/>
</TextLine>
<TextLine HEIGHT="147" WIDTH="1898" VPOS="1903" HPOS="270" STYLEREFS="StyleId-78E6C149-4642-4366-9C73-259307B0CF46-" CS="1">
<String CONTENT="language" HEIGHT="68" WIDTH="284" VPOS="1905" HPOS="270"/>
<SP HEIGHT="36" WIDTH="32" VPOS="1921" HPOS="555"/>
<String CS="1" CONTENT="&#8230;"/>
<SP HEIGHT="53" WIDTH="35" VPOS="1904" HPOS="644"/>
<String CONTENT="based" HEIGHT="54" WIDTH="169" VPOS="1904" HPOS="680"/>
<SP HEIGHT="53" WIDTH="31" VPOS="1905" HPOS="850"/>
<String CONTENT="upon" HEIGHT="50" WIDTH="153" VPOS="1923" HPOS="882"/>
<SP HEIGHT="48" WIDTH="31" VPOS="1910" HPOS="1036"/>
<String CONTENT="the" HEIGHT="53" WIDTH="97" VPOS="1905" HPOS="1068"/>
<SP HEIGHT="54" WIDTH="26" VPOS="1904" HPOS="1166"/>
<String CONTENT="foundation" HEIGHT="54" WIDTH="346" VPOS="1904" HPOS="1193"/>
<SP HEIGHT="52" WIDTH="27" VPOS="1906" HPOS="1540"/>
<String CONTENT="laid" HEIGHT="53" WIDTH="121" VPOS="1905" HPOS="1568"/>
<SP HEIGHT="53" WIDTH="29" VPOS="1905" HPOS="1690"/>
<String CONTENT="by" HEIGHT="69" WIDTH="75" VPOS="1905" HPOS="1720"/>
<SP HEIGHT="69" WIDTH="31" VPOS="1905" HPOS="1796"/>
<String CONTENT="Noah" HEIGHT="53" WIDTH="166" VPOS="1905" HPOS="1828"/>
<SP HEIGHT="55" WIDTH="28" VPOS="1904" HPOS="1995"/>
<String CONTENT="Webster," HEIGHT="147" WIDTH="1898" VPOS="1903" HPOS="270"/>
<SP HEIGHT="48" WIDTH="33" VPOS="2002" HPOS="402"/>
<String CONTENT="edited" HEIGHT="53" WIDTH="189" VPOS="1982" HPOS="436"/>
<SP HEIGHT="52" WIDTH="32" VPOS="1983" HPOS="626"/>
<String CONTENT="and" HEIGHT="52" WIDTH="113" VPOS="1983" HPOS="659"/>
</TextLine>
<TextLine HEIGHT="148" WIDTH="1919" VPOS="1981" HPOS="271" STYLEREFS="StyleId-78E6C149-4642-4366-9C73-259307B0CF46-" CS="1">
<String CONTENT="modernized" HEIGHT="54" WIDTH="364" VPOS="1982" HPOS="804"/>
<SP HEIGHT="54" WIDTH="32" VPOS="1982" HPOS="1169"/>
<String CONTENT="by" HEIGHT="70" WIDTH="75" VPOS="1982" HPOS="1202"/>
<SP HEIGHT="70" WIDTH="32" VPOS="1982" HPOS="1278"/>
<String CONTENT="W." HEIGHT="55" WIDTH="90" VPOS="1982" HPOS="1311"/>
<SP HEIGHT="55" WIDTH="35" VPOS="1981" HPOS="1402"/>
<String CONTENT="J." HEIGHT="55" WIDTH="55" VPOS="1981" HPOS="1438"/>
<SP HEIGHT="53" WIDTH="36" VPOS="1983" HPOS="1494"/>
<String CONTENT="Pelo" HEIGHT="53" WIDTH="137" VPOS="1983" HPOS="1531"/>
<SP HEIGHT="35" WIDTH="38" VPOS="2001" HPOS="1669"/>
<String CS="1" CONTENT="&#8230;"/>
<SP HEIGHT="35" WIDTH="39" VPOS="2000" HPOS="1766"/>
<String CONTENT="with" HEIGHT="54" WIDTH="141" VPOS="1981" HPOS="1806"/>
<SP HEIGHT="53" WIDTH="35" VPOS="1982" HPOS="1948"/>
<String CONTENT="an" HEIGHT="36" WIDTH="74" VPOS="2000" HPOS="1984"/>
<SP HEIGHT="38" WIDTH="33" VPOS="1998" HPOS="2059"/>
<String CONTENT="appendix" HEIGHT="129" WIDTH="1896" VPOS="1998" HPOS="271"/>
<SP HEIGHT="34" WIDTH="47" VPOS="2078" HPOS="485"/>
<String CONTENT="containing" HEIGHT="70" WIDTH="333" VPOS="2059" HPOS="533"/>
<SP HEIGHT="70" WIDTH="49" VPOS="2059" HPOS="867"/>
<String CONTENT="foreign" HEIGHT="70" WIDTH="227" VPOS="2059" HPOS="917"/>
<SP HEIGHT="34" WIDTH="48" VPOS="2078" HPOS="1145"/>
<String CONTENT="words" HEIGHT="52" WIDTH="184" VPOS="2061" HPOS="1194"/>
<SP HEIGHT="33" WIDTH="50" VPOS="2080" HPOS="1379"/>
<String CONTENT="and" HEIGHT="52" WIDTH="114" VPOS="2062" HPOS="1430"/>
<SP HEIGHT="66" WIDTH="49" VPOS="2062" HPOS="1545"/>
<String CONTENT="phrases," HEIGHT="67" WIDTH="251" VPOS="2061" HPOS="1595"/>
<SP HEIGHT="69" WIDTH="50" VPOS="2059" HPOS="1847"/>
<String CONTENT="Christian" HEIGHT="57" WIDTH="292" VPOS="2058" HPOS="1898"/>
</TextLine>
<TextLine HEIGHT="71" WIDTH="1922" VPOS="2136" HPOS="270" STYLEREFS="StyleId-78E6C149-4642-4366-9C73-259307B0CF46-">
<String CONTENT="names" HEIGHT="36" WIDTH="191" VPOS="2154" HPOS="270"/>
<SP HEIGHT="35" WIDTH="32" VPOS="2155" HPOS="462"/>
<String CONTENT="of" HEIGHT="53" WIDTH="64" VPOS="2137" HPOS="495"/>
<SP HEIGHT="52" WIDTH="25" VPOS="2137" HPOS="560"/>
<String CONTENT="men" HEIGHT="34" WIDTH="128" VPOS="2155" HPOS="586"/>
<SP HEIGHT="34" WIDTH="33" VPOS="2156" HPOS="715"/>
<String CONTENT="and" HEIGHT="52" WIDTH="114" VPOS="2138" HPOS="749"/>
<SP HEIGHT="52" WIDTH="31" VPOS="2138" HPOS="864"/>
<String CONTENT="women," HEIGHT="49" WIDTH="234" VPOS="2155" HPOS="896"/>
<SP HEIGHT="61" WIDTH="32" VPOS="2143" HPOS="1131"/>
<String CONTENT="tables" HEIGHT="55" WIDTH="178" VPOS="2136" HPOS="1164"/>
<SP HEIGHT="35" WIDTH="32" VPOS="2156" HPOS="1343"/>
<String CONTENT="of" HEIGHT="53" WIDTH="64" VPOS="2137" HPOS="1376"/>
<SP HEIGHT="52" WIDTH="32" VPOS="2137" HPOS="1441"/>
<String CONTENT="weights" HEIGHT="70" WIDTH="239" VPOS="2137" HPOS="1474"/>
<SP HEIGHT="33" WIDTH="34" VPOS="2157" HPOS="1714"/>
<String CONTENT="and" HEIGHT="52" WIDTH="113" VPOS="2139" HPOS="1749"/>
<SP HEIGHT="52" WIDTH="31" VPOS="2139" HPOS="1863"/>
<String CONTENT="measures," HEIGHT="48" WIDTH="297" VPOS="2154" HPOS="1895"/>
</TextLine>
<TextLine HEIGHT="146" WIDTH="1897" VPOS="2214" HPOS="271" STYLEREFS="StyleId-78E6C149-4642-4366-9C73-259307B0CF46-" CS="1">
<String CONTENT="electrical" HEIGHT="53" WIDTH="282" VPOS="2215" HPOS="273"/>
<SP HEIGHT="50" WIDTH="37" VPOS="2217" HPOS="556"/>
<String CONTENT="units," HEIGHT="68" WIDTH="171" VPOS="2215" HPOS="594"/>
<SP HEIGHT="50" WIDTH="39" VPOS="2233" HPOS="766"/>
<String CONTENT="abbreviations," HEIGHT="68" WIDTH="438" VPOS="2215" HPOS="806"/>
<SP HEIGHT="49" WIDTH="41" VPOS="2234" HPOS="1245"/>
<String CONTENT="etc.," HEIGHT="61" WIDTH="118" VPOS="2221" HPOS="1287"/>
<SP HEIGHT="47" WIDTH="42" VPOS="2235" HPOS="1406"/>
<String CONTENT="etc." HEIGHT="47" WIDTH="101" VPOS="2221" HPOS="1449"/>
<SP HEIGHT="52" WIDTH="76" VPOS="2216" HPOS="1551"/>
<String CONTENT="Philadelphia," HEIGHT="68" WIDTH="426" VPOS="2215" HPOS="1628"/>
<SP HEIGHT="69" WIDTH="40" VPOS="2214" HPOS="2055"/>
<String CONTENT="International" HEIGHT="132" WIDTH="1897" VPOS="2214" HPOS="271"/>
<SP HEIGHT="66" WIDTH="27" VPOS="2294" HPOS="618"/>
<String CONTENT="press" HEIGHT="50" WIDTH="157" VPOS="2310" HPOS="646"/>
<SP HEIGHT="48" WIDTH="34" VPOS="2312" HPOS="804"/>
<String STYLE="subscript" CONTENT="[" HEIGHT="35" WIDTH="13" VPOS="2325" HPOS="839"/>
<String STYLE="superscript" CONTENT="c" HEIGHT="22" WIDTH="17" VPOS="2298" HPOS="857"/>
<String CONTENT="1933" HEIGHT="51" WIDTH="133" VPOS="2294" HPOS="879"/>
<String STYLE="subscript" CONTENT="]" HEIGHT="35" WIDTH="14" VPOS="2325" HPOS="1017"/>
</TextLine>
<TextLine HEIGHT="48" WIDTH="1373" VPOS="2367" HPOS="271" CS="1">
<String CONTENT="xvi" HEIGHT="39" WIDTH="80" VPOS="2368" HPOS="271"/>
<SP HEIGHT="47" WIDTH="25" VPOS="2368" HPOS="352"/>
<String LANG="fr" CONTENT="p.," HEIGHT="36" WIDTH="58" VPOS="2379" HPOS="378"/>
<SP HEIGHT="46" WIDTH="26" VPOS="2368" HPOS="437"/>
<String CONTENT="1" HEIGHT="38" WIDTH="25" VPOS="2368" HPOS="464"/>
<SP HEIGHT="39" WIDTH="25" VPOS="2368" HPOS="490"/>
<String CS="1" CONTENT="l.," HEIGHT="16" WIDTH="9" VPOS="2397" HPOS="552"/>
<SP HEIGHT="45" WIDTH="25" VPOS="2368" HPOS="562"/>
<String CONTENT="1064" HEIGHT="39" WIDTH="114" VPOS="2367" HPOS="588"/>
<SP HEIGHT="45" WIDTH="25" VPOS="2369" HPOS="703"/>
<String CONTENT="p." HEIGHT="36" WIDTH="42" VPOS="2378" HPOS="729"/>
<SP HEIGHT="29" WIDTH="55" VPOS="2378" HPOS="772"/>
<String CONTENT="col." HEIGHT="40" WIDTH="85" VPOS="2368" HPOS="828"/>
<SP HEIGHT="41" WIDTH="27" VPOS="2367" HPOS="914"/>
<String CONTENT="front.," HEIGHT="46" WIDTH="163" VPOS="2367" HPOS="942"/>
<SP HEIGHT="46" WIDTH="25" VPOS="2367" HPOS="1106"/>
<String CONTENT="illus.," HEIGHT="47" WIDTH="143" VPOS="2367" HPOS="1132"/>
<SP HEIGHT="36" WIDTH="26" VPOS="2379" HPOS="1276"/>
<String CONTENT="plates." HEIGHT="47" WIDTH="168" VPOS="2368" HPOS="1303"/>
<SP HEIGHT="36" WIDTH="57" VPOS="2370" HPOS="1472"/>
<String CONTENT="19" HEIGHT="40" WIDTH="57" VPOS="2368" HPOS="1530"/>
<String STYLE="superscript" CONTENT="cm" HEIGHT="20" WIDTH="43" VPOS="2370" HPOS="1588"/>
<String CONTENT="." HEIGHT="7" WIDTH="7" VPOS="2400" HPOS="1637"/>
</TextLine>
<TextLine HEIGHT="49" WIDTH="1675" VPOS="2423" HPOS="271" CS="1">
<String CONTENT="Lettered" HEIGHT="39" WIDTH="225" VPOS="2425" HPOS="271"/>
<SP HEIGHT="38" WIDTH="27" VPOS="2425" HPOS="497"/>
<String CONTENT="on" HEIGHT="29" WIDTH="60" VPOS="2434" HPOS="525"/>
<SP HEIGHT="29" WIDTH="27" VPOS="2434" HPOS="586"/>
<String CS="1" CONTENT="cover:" HEIGHT="31" WIDTH="139" VPOS="2432" HPOS="614"/>
<SP HEIGHT="39" WIDTH="30" VPOS="2424" HPOS="781"/>
<String CONTENT="The" HEIGHT="39" WIDTH="101" VPOS="2424" HPOS="812"/>
<SP HEIGHT="37" WIDTH="26" VPOS="2434" HPOS="914"/>
<String CONTENT="graphic" HEIGHT="48" WIDTH="200" VPOS="2423" HPOS="941"/>
<SP HEIGHT="40" WIDTH="29" VPOS="2423" HPOS="1142"/>
<String CONTENT="dictionary," HEIGHT="48" WIDTH="285" VPOS="2423" HPOS="1172"/>
<SP HEIGHT="36" WIDTH="29" VPOS="2435" HPOS="1458"/>
<String CONTENT="self-pronouncing." HEIGHT="49" WIDTH="458" VPOS="2423" HPOS="1488"/>
</TextLine>
<TextLine HEIGHT="51" WIDTH="1985" VPOS="2477" HPOS="206" CS="1">
<String CONTENT="&#169;" HEIGHT="51" WIDTH="51" VPOS="2477" HPOS="206"/>
<SP HEIGHT="51" WIDTH="24" VPOS="2477" HPOS="258"/>
<String CONTENT="Dec." HEIGHT="39" WIDTH="109" VPOS="2481" HPOS="283"/>
<SP HEIGHT="38" WIDTH="25" VPOS="2481" HPOS="393"/>
<String CONTENT="11," HEIGHT="46" WIDTH="68" VPOS="2481" HPOS="419"/>
<SP HEIGHT="45" WIDTH="24" VPOS="2482" HPOS="488"/>
<String CS="1" CONTENT="1933;" HEIGHT="39" WIDTH="113" VPOS="2480" HPOS="513"/>
<SP HEIGHT="44" WIDTH="26" VPOS="2480" HPOS="653"/>
<String CONTENT="2c." HEIGHT="38" WIDTH="64" VPOS="2480" HPOS="680"/>
<SP HEIGHT="27" WIDTH="26" VPOS="2491" HPOS="745"/>
<String CONTENT="and" HEIGHT="38" WIDTH="95" VPOS="2481" HPOS="772"/>
<SP HEIGHT="38" WIDTH="23" VPOS="2481" HPOS="868"/>
<String CONTENT="aff." HEIGHT="41" WIDTH="80" VPOS="2479" HPOS="892"/>
<SP HEIGHT="39" WIDTH="25" VPOS="2481" HPOS="973"/>
<String CONTENT="Jan." HEIGHT="39" WIDTH="109" VPOS="2481" HPOS="999"/>
<SP HEIGHT="40" WIDTH="25" VPOS="2480" HPOS="1109"/>
<String CONTENT="6," HEIGHT="47" WIDTH="37" VPOS="2480" HPOS="1135"/>
<SP HEIGHT="46" WIDTH="25" VPOS="2481" HPOS="1173"/>
<String CS="1" CONTENT="1934;" HEIGHT="41" WIDTH="113" VPOS="2479" HPOS="1199"/>
<SP HEIGHT="44" WIDTH="27" VPOS="2483" HPOS="1339"/>
<!-- cceid B7E716A2-6C64-1014-8713-889FF4349C01 --><String CONTENT="A" HEIGHT="36" WIDTH="39" VPOS="2483" HPOS="1367"/>
<SP HEIGHT="39" WIDTH="25" VPOS="2480" HPOS="1407"/>
<String CS="1" CONTENT="68771;" HEIGHT="40" WIDTH="141" VPOS="2480" HPOS="1433"/>
<SP HEIGHT="45" WIDTH="29" VPOS="2482" HPOS="1602"/>
<String CONTENT="John" HEIGHT="38" WIDTH="128" VPOS="2482" HPOS="1632"/>
<SP HEIGHT="40" WIDTH="24" VPOS="2480" HPOS="1761"/>
<String CONTENT="C." HEIGHT="40" WIDTH="48" VPOS="2480" HPOS="1786"/>
<SP HEIGHT="38" WIDTH="25" VPOS="2481" HPOS="1835"/>
<String CONTENT="Winston" HEIGHT="40" WIDTH="223" VPOS="2480" HPOS="1861"/>
<SP HEIGHT="30" WIDTH="25" VPOS="2490" HPOS="2085"/>
<String CONTENT="co.," HEIGHT="36" WIDTH="80" VPOS="2489" HPOS="2111"/>
</TextLine>
<TextLine HEIGHT="52" WIDTH="1499" VPOS="2533" HPOS="275" CS="1">
<String CONTENT="Philadelphia," HEIGHT="47" WIDTH="350" VPOS="2536" HPOS="275"/>
<SP HEIGHT="28" WIDTH="66" VPOS="2556" HPOS="626"/>
<String CS="1" CONTENT="[&#169;" HEIGHT="50" WIDTH="51" VPOS="2533" HPOS="710"/>
<SP HEIGHT="50" WIDTH="33" VPOS="2533" HPOS="762"/>
<String CONTENT="revisions" HEIGHT="40" WIDTH="235" VPOS="2537" HPOS="796"/>
<SP HEIGHT="29" WIDTH="32" VPOS="2548" HPOS="1032"/>
<String CONTENT="and" HEIGHT="38" WIDTH="95" VPOS="2539" HPOS="1065"/>
<SP HEIGHT="38" WIDTH="30" VPOS="2539" HPOS="1161"/>
<String CONTENT="additions]" HEIGHT="47" WIDTH="260" VPOS="2537" HPOS="1192"/>
<SP HEIGHT="48" WIDTH="71" VPOS="2537" HPOS="1453"/>
<String CONTENT="(34-1277)" HEIGHT="48" WIDTH="249" VPOS="2537" HPOS="1525"/>
</TextLine>
<TextLine HEIGHT="70" WIDTH="1990" VPOS="2626" HPOS="205" STYLEREFS="StyleId-3A0E194A-EF0F-4E59-A1CF-C24933B0B13D-" CS="1">
<String CONTENT="New" HEIGHT="50" WIDTH="144" VPOS="2628" HPOS="205"/>
<SP HEIGHT="52" WIDTH="38" VPOS="2626" HPOS="350"/>
<String CONTENT="York." HEIGHT="52" WIDTH="181" VPOS="2626" HPOS="389"/>
<SP HEIGHT="52" WIDTH="72" VPOS="2627" HPOS="571"/>
<String CONTENT="Metropolitan" HEIGHT="64" WIDTH="418" VPOS="2626" HPOS="644"/>
<SP HEIGHT="36" WIDTH="38" VPOS="2644" HPOS="1063"/>
<String CONTENT="museum" HEIGHT="37" WIDTH="268" VPOS="2643" HPOS="1102"/>
<SP HEIGHT="36" WIDTH="37" VPOS="2644" HPOS="1371"/>
<String CONTENT="of" HEIGHT="52" WIDTH="64" VPOS="2628" HPOS="1409"/>
<SP HEIGHT="52" WIDTH="34" VPOS="2628" HPOS="1474"/>
<String CONTENT="art." HEIGHT="50" WIDTH="115" VPOS="2630" HPOS="1509"/>
<SP HEIGHT="50" WIDTH="73" VPOS="2631" HPOS="1625"/>
<String CONTENT="Bashford" HEIGHT="68" WIDTH="295" VPOS="2628" HPOS="1699"/>
<SP HEIGHT="53" WIDTH="35" VPOS="2628" HPOS="1995"/>
<String CONTENT="Dean" HEIGHT="51" WIDTH="164" VPOS="2629" HPOS="2031"/>
</TextLine>
<TextLine HEIGHT="53" WIDTH="636" VPOS="2705" HPOS="274" STYLEREFS="StyleId-3A0E194A-EF0F-4E59-A1CF-C24933B0B13D-">
<String CONTENT="memorial" HEIGHT="52" WIDTH="296" VPOS="2705" HPOS="274"/>
<SP HEIGHT="53" WIDTH="30" VPOS="2705" HPOS="571"/>
<String CONTENT="collection." HEIGHT="53" WIDTH="308" VPOS="2705" HPOS="602"/>
</TextLine>
<TextLine HEIGHT="56" WIDTH="1920" VPOS="2778" HPOS="275" STYLEREFS="StyleId-78E6C149-4642-4366-9C73-259307B0CF46-">
<String CONTENT="The" HEIGHT="53" WIDTH="120" VPOS="2778" HPOS="275"/>
<SP HEIGHT="52" WIDTH="41" VPOS="2779" HPOS="396"/>
<String CONTENT="Bashford" HEIGHT="54" WIDTH="295" VPOS="2778" HPOS="438"/>
<SP HEIGHT="52" WIDTH="39" VPOS="2780" HPOS="734"/>
<String CONTENT="Dean" HEIGHT="54" WIDTH="162" VPOS="2780" HPOS="774"/>
<SP HEIGHT="34" WIDTH="41" VPOS="2800" HPOS="937"/>
<String CONTENT="collection" HEIGHT="52" WIDTH="295" VPOS="2782" HPOS="979"/>
<SP HEIGHT="35" WIDTH="39" VPOS="2799" HPOS="1275"/>
<String CONTENT="of" HEIGHT="53" WIDTH="64" VPOS="2781" HPOS="1315"/>
<SP HEIGHT="53" WIDTH="40" VPOS="2781" HPOS="1380"/>
<String CONTENT="arms" HEIGHT="35" WIDTH="149" VPOS="2799" HPOS="1421"/>
<SP HEIGHT="33" WIDTH="40" VPOS="2801" HPOS="1571"/>
<String CONTENT="and" HEIGHT="52" WIDTH="114" VPOS="2782" HPOS="1612"/>
<SP HEIGHT="52" WIDTH="41" VPOS="2782" HPOS="1727"/>
<String CONTENT="armor" HEIGHT="35" WIDTH="188" VPOS="2799" HPOS="1769"/>
<SP HEIGHT="51" WIDTH="40" VPOS="2782" HPOS="1958"/>
<String CONTENT="in" HEIGHT="51" WIDTH="59" VPOS="2782" HPOS="1999"/>
<SP HEIGHT="48" WIDTH="41" VPOS="2785" HPOS="2059"/>
<String CONTENT="the" HEIGHT="51" WIDTH="94" VPOS="2781" HPOS="2101"/>
</TextLine>
<TextLine HEIGHT="70" WIDTH="1989" VPOS="2856" HPOS="206" STYLEREFS="StyleId-78E6C149-4642-4366-9C73-259307B0CF46-">
<String CONTENT="Metropolitan" HEIGHT="68" WIDTH="411" VPOS="2856" HPOS="206"/>
<SP HEIGHT="34" WIDTH="38" VPOS="2875" HPOS="618"/>
<String CONTENT="museum" HEIGHT="35" WIDTH="253" VPOS="2875" HPOS="657"/>
<SP HEIGHT="35" WIDTH="39" VPOS="2876" HPOS="911"/>
<String CONTENT="of" HEIGHT="54" WIDTH="65" VPOS="2857" HPOS="951"/>
<SP HEIGHT="54" WIDTH="37" VPOS="2857" HPOS="1017"/>
<String CONTENT="art;" HEIGHT="62" WIDTH="117" VPOS="2864" HPOS="1055"/>
<SP HEIGHT="67" WIDTH="42" VPOS="2859" HPOS="1173"/>
<String CONTENT="introduction" HEIGHT="53" WIDTH="388" VPOS="2858" HPOS="1216"/>
<SP HEIGHT="33" WIDTH="41" VPOS="2878" HPOS="1605"/>
<String CONTENT="and" HEIGHT="52" WIDTH="113" VPOS="2860" HPOS="1647"/>
<SP HEIGHT="54" WIDTH="40" VPOS="2858" HPOS="1761"/>
<String CONTENT="biographical" HEIGHT="69" WIDTH="393" VPOS="2857" HPOS="1802"/>
</TextLine>
<TextLine HEIGHT="72" WIDTH="1987" VPOS="2933" HPOS="207" STYLEREFS="StyleId-78E6C149-4642-4366-9C73-259307B0CF46-" CS="1">
<String LANG="en-US" CONTENT="outline" HEIGHT="53" WIDTH="214" VPOS="2934" HPOS="207"/>
<SP HEIGHT="53" WIDTH="37" VPOS="2934" HPOS="422"/>
<String LANG="en-US" CONTENT="by" HEIGHT="68" WIDTH="74" VPOS="2934" HPOS="460"/>
<SP HEIGHT="69" WIDTH="40" VPOS="2933" HPOS="535"/>
<String LANG="de" CONTENT="Carl" HEIGHT="55" WIDTH="135" VPOS="2933" HPOS="576"/>
<SP HEIGHT="56" WIDTH="36" VPOS="2933" HPOS="712"/>
<String LANG="de" CONTENT="Otto" HEIGHT="56" WIDTH="139" VPOS="2933" HPOS="749"/>
<SP HEIGHT="35" WIDTH="39" VPOS="2953" HPOS="889"/>
<String LANG="en-US" CONTENT="v." HEIGHT="33" WIDTH="51" VPOS="2955" HPOS="929"/>
<SP HEIGHT="52" WIDTH="38" VPOS="2936" HPOS="981"/>
<String LANG="de" CONTENT="Kienbusch" HEIGHT="53" WIDTH="328" VPOS="2936" HPOS="1020"/>
<SP HEIGHT="51" WIDTH="45" VPOS="2938" HPOS="1349"/>
<String LANG="en-US" CS="1" CONTENT="&#8230;"/>
<SP HEIGHT="33" WIDTH="44" VPOS="2956" HPOS="1451"/>
<String LANG="en-US" CONTENT="catalogue" HEIGHT="67" WIDTH="293" VPOS="2937" HPOS="1496"/>
<SP HEIGHT="53" WIDTH="38" VPOS="2936" HPOS="1790"/>
<String LANG="en-US" CONTENT="by" HEIGHT="69" WIDTH="76" VPOS="2936" HPOS="1829"/>
<SP HEIGHT="71" WIDTH="40" VPOS="2934" HPOS="1906"/>
<String LANG="en-US" CONTENT="Stephen" HEIGHT="69" WIDTH="247" VPOS="2934" HPOS="1947"/>
</TextLine>
<TextLine HEIGHT="72" WIDTH="1989" VPOS="3010" HPOS="208" STYLEREFS="StyleId-78E6C149-4642-4366-9C73-259307B0CF46-" CS="1">
<String CONTENT="V." HEIGHT="54" WIDTH="69" VPOS="3010" HPOS="208"/>
<SP HEIGHT="56" WIDTH="27" VPOS="3010" HPOS="278"/>
<String CONTENT="Grancsay" HEIGHT="70" WIDTH="293" VPOS="3010" HPOS="306"/>
<SP HEIGHT="49" WIDTH="31" VPOS="3031" HPOS="600"/>
<String CS="1" CONTENT="&#8230;"/>
<SP HEIGHT="52" WIDTH="65" VPOS="3012" HPOS="689"/>
<String CONTENT="Portland," HEIGHT="68" WIDTH="298" VPOS="3012" HPOS="755"/>
<SP HEIGHT="67" WIDTH="26" VPOS="3013" HPOS="1054"/>
<String CONTENT="Me.," HEIGHT="68" WIDTH="129" VPOS="3013" HPOS="1081"/>
<SP HEIGHT="67" WIDTH="24" VPOS="3014" HPOS="1211"/>
<String CONTENT="Pub." HEIGHT="54" WIDTH="143" VPOS="3013" HPOS="1236"/>
<SP HEIGHT="53" WIDTH="27" VPOS="3014" HPOS="1380"/>
<String CONTENT="by" HEIGHT="68" WIDTH="76" VPOS="3014" HPOS="1408"/>
<SP HEIGHT="63" WIDTH="27" VPOS="3019" HPOS="1485"/>
<String CONTENT="the" HEIGHT="51" WIDTH="94" VPOS="3016" HPOS="1513"/>
<SP HEIGHT="56" WIDTH="32" VPOS="3012" HPOS="1608"/>
<String CONTENT="Southworth" HEIGHT="56" WIDTH="367" VPOS="3012" HPOS="1641"/>
<SP HEIGHT="68" WIDTH="34" VPOS="3014" HPOS="2009"/>
<String CONTENT="press" HEIGHT="51" WIDTH="153" VPOS="3031" HPOS="2044"/>
</TextLine>
<TextLine HEIGHT="72" WIDTH="1725" VPOS="3088" HPOS="212">
<String CONTENT="for" HEIGHT="53" WIDTH="91" VPOS="3088" HPOS="212"/>
<SP HEIGHT="48" WIDTH="25" VPOS="3093" HPOS="304"/>
<String CONTENT="the" HEIGHT="53" WIDTH="95" VPOS="3089" HPOS="330"/>
<SP HEIGHT="53" WIDTH="26" VPOS="3089" HPOS="426"/>
<String CONTENT="Armor" HEIGHT="53" WIDTH="211" VPOS="3089" HPOS="453"/>
<SP HEIGHT="34" WIDTH="27" VPOS="3108" HPOS="665"/>
<String CONTENT="and" HEIGHT="53" WIDTH="111" VPOS="3090" HPOS="693"/>
<SP HEIGHT="53" WIDTH="28" VPOS="3090" HPOS="805"/>
<String CONTENT="arms" HEIGHT="35" WIDTH="150" VPOS="3109" HPOS="834"/>
<SP HEIGHT="35" WIDTH="28" VPOS="3109" HPOS="985"/>
<String CONTENT="club" HEIGHT="53" WIDTH="128" VPOS="3091" HPOS="1014"/>
<SP HEIGHT="53" WIDTH="27" VPOS="3091" HPOS="1143"/>
<String CONTENT="of" HEIGHT="53" WIDTH="63" VPOS="3091" HPOS="1171"/>
<SP HEIGHT="53" WIDTH="26" VPOS="3091" HPOS="1235"/>
<String CONTENT="New" HEIGHT="53" WIDTH="138" VPOS="3091" HPOS="1262"/>
<SP HEIGHT="53" WIDTH="29" VPOS="3091" HPOS="1401"/>
<String CONTENT="York" HEIGHT="53" WIDTH="162" VPOS="3091" HPOS="1431"/>
<SP HEIGHT="54" WIDTH="27" VPOS="3091" HPOS="1594"/>
<String CONTENT="city," HEIGHT="69" WIDTH="134" VPOS="3091" HPOS="1622"/>
<SP HEIGHT="64" WIDTH="29" VPOS="3095" HPOS="1757"/>
<String CONTENT="1933." HEIGHT="51" WIDTH="150" VPOS="3093" HPOS="1787"/>
</TextLine>
<TextLine HEIGHT="50" WIDTH="1666" VPOS="3163" HPOS="280" CS="1">
<String LANG="fr" CONTENT="v" HEIGHT="26" WIDTH="28" VPOS="3175" HPOS="280"/>
<SP HEIGHT="37" WIDTH="26" VPOS="3174" HPOS="309"/>
<String LANG="fr" CONTENT="p.," HEIGHT="37" WIDTH="56" VPOS="3174" HPOS="336"/>
<SP HEIGHT="45" WIDTH="29" VPOS="3165" HPOS="393"/>
<String CONTENT="1" HEIGHT="38" WIDTH="23" VPOS="3165" HPOS="423"/>
<SP HEIGHT="38" WIDTH="31" VPOS="3165" HPOS="447"/>
<String CS="1" CONTENT="l.," HEIGHT="10" WIDTH="7" VPOS="3195" HPOS="514"/>
<SP HEIGHT="41" WIDTH="30" VPOS="3164" HPOS="522"/>
<String CONTENT="270" HEIGHT="40" WIDTH="84" VPOS="3163" HPOS="553"/>
<SP HEIGHT="48" WIDTH="30" VPOS="3163" HPOS="638"/>
<String CONTENT="p.." HEIGHT="36" WIDTH="55" VPOS="3175" HPOS="669"/>
<SP HEIGHT="40" WIDTH="28" VPOS="3165" HPOS="725"/>
<String CONTENT="2" HEIGHT="38" WIDTH="25" VPOS="3165" HPOS="754"/>
<SP HEIGHT="38" WIDTH="32" VPOS="3165" HPOS="780"/>
<String CS="1" CONTENT="l." HEIGHT="7" WIDTH="6" VPOS="3195" HPOS="832"/>
<SP HEIGHT="38" WIDTH="59" VPOS="3165" HPOS="839"/>
<String CONTENT="front.," HEIGHT="43" WIDTH="163" VPOS="3165" HPOS="899"/>
<SP HEIGHT="32" WIDTH="29" VPOS="3176" HPOS="1063"/>
<String CS="1" CONTENT="LXIII"/>
<SP HEIGHT="37" WIDTH="27" VPOS="3176" HPOS="1219"/>
<String CONTENT="ph," HEIGHT="46" WIDTH="76" VPOS="3167" HPOS="1247"/>
<SP HEIGHT="44" WIDTH="32" VPOS="3168" HPOS="1324"/>
<String CONTENT="tables" HEIGHT="39" WIDTH="153" VPOS="3166" HPOS="1357"/>
<SP HEIGHT="46" WIDTH="28" VPOS="3167" HPOS="1511"/>
<String CONTENT="(1" HEIGHT="46" WIDTH="46" VPOS="3167" HPOS="1540"/>
<SP HEIGHT="38" WIDTH="32" VPOS="3167" HPOS="1587"/>
<String CONTENT="fold.)" HEIGHT="46" WIDTH="143" VPOS="3167" HPOS="1620"/>
<SP HEIGHT="47" WIDTH="65" VPOS="3166" HPOS="1764"/>
<String CONTENT="31" HEIGHT="39" WIDTH="54" VPOS="3166" HPOS="1830"/>
<String STYLE="superscript" CONTENT="cm" HEIGHT="21" WIDTH="43" VPOS="3167" HPOS="1888"/>
<String CONTENT="." HEIGHT="9" WIDTH="8" VPOS="3196" HPOS="1938"/>
</TextLine>
<TextLine HEIGHT="50" WIDTH="1918" VPOS="3220" HPOS="281">
<String CONTENT="&#8220;An" HEIGHT="39" WIDTH="103" VPOS="3220" HPOS="281"/>
<SP HEIGHT="28" WIDTH="26" VPOS="3231" HPOS="385"/>
<String CONTENT="edition" HEIGHT="40" WIDTH="183" VPOS="3220" HPOS="412"/>
<SP HEIGHT="38" WIDTH="26" VPOS="3221" HPOS="596"/>
<String CONTENT="limited" HEIGHT="41" WIDTH="189" VPOS="3220" HPOS="623"/>
<SP HEIGHT="40" WIDTH="27" VPOS="3221" HPOS="813"/>
<String CONTENT="to" HEIGHT="36" WIDTH="49" VPOS="3225" HPOS="841"/>
<SP HEIGHT="38" WIDTH="29" VPOS="3224" HPOS="891"/>
<String CONTENT="two" HEIGHT="38" WIDTH="95" VPOS="3224" HPOS="921"/>
<SP HEIGHT="38" WIDTH="27" VPOS="3223" HPOS="1017"/>
<String CONTENT="hundred" HEIGHT="39" WIDTH="220" VPOS="3223" HPOS="1045"/>
<SP HEIGHT="38" WIDTH="27" VPOS="3224" HPOS="1266"/>
<String CONTENT="and" HEIGHT="38" WIDTH="96" VPOS="3224" HPOS="1294"/>
<SP HEIGHT="40" WIDTH="28" VPOS="3222" HPOS="1391"/>
<String CONTENT="fifty" HEIGHT="48" WIDTH="111" VPOS="3222" HPOS="1420"/>
<SP HEIGHT="37" WIDTH="29" VPOS="3233" HPOS="1532"/>
<String CONTENT="copies.&#8221;" HEIGHT="49" WIDTH="200" VPOS="3221" HPOS="1562"/>
<SP HEIGHT="39" WIDTH="58" VPOS="3221" HPOS="1763"/>
<String CONTENT="This" HEIGHT="40" WIDTH="118" VPOS="3221" HPOS="1822"/>
<SP HEIGHT="29" WIDTH="27" VPOS="3232" HPOS="1941"/>
<String CONTENT="copy" HEIGHT="37" WIDTH="118" VPOS="3232" HPOS="1969"/>
<SP HEIGHT="39" WIDTH="30" VPOS="3230" HPOS="2088"/>
<String CONTENT="not" HEIGHT="39" WIDTH="80" VPOS="3221" HPOS="2119"/>
</TextLine>
<TextLine HEIGHT="40" WIDTH="273" VPOS="3277" HPOS="205">
<String CONTENT="numbered." HEIGHT="40" WIDTH="273" VPOS="3277" HPOS="205"/>
</TextLine>
<TextLine HEIGHT="51" WIDTH="1919" VPOS="3331" HPOS="283" CS="1">
<String CONTENT="Bashford" HEIGHT="41" WIDTH="244" VPOS="3331" HPOS="283"/>
<SP HEIGHT="38" WIDTH="26" VPOS="3333" HPOS="528"/>
<String CONTENT="Dean's" HEIGHT="40" WIDTH="176" VPOS="3332" HPOS="555"/>
<SP HEIGHT="29" WIDTH="25" VPOS="3343" HPOS="732"/>
<String CS="1" CONTENT="writings:" HEIGHT="48" WIDTH="220" VPOS="3333" HPOS="758"/>
<SP HEIGHT="37" WIDTH="28" VPOS="3345" HPOS="1006"/>
<String CONTENT="p." HEIGHT="36" WIDTH="42" VPOS="3346" HPOS="1035"/>
<SP HEIGHT="40" WIDTH="24" VPOS="3335" HPOS="1078"/>
<String CS="1" CONTENT="17-23;" HEIGHT="39" WIDTH="141" VPOS="3335" HPOS="1103"/>
<SP HEIGHT="45" WIDTH="27" VPOS="3335" HPOS="1273"/>
<String CONTENT="Bibliography" HEIGHT="48" WIDTH="349" VPOS="3334" HPOS="1301"/>
<SP HEIGHT="37" WIDTH="25" VPOS="3345" HPOS="1651"/>
<String CONTENT="at" HEIGHT="37" WIDTH="50" VPOS="3338" HPOS="1677"/>
<SP HEIGHT="37" WIDTH="26" VPOS="3338" HPOS="1728"/>
<String CONTENT="end" HEIGHT="40" WIDTH="90" VPOS="3334" HPOS="1755"/>
<SP HEIGHT="40" WIDTH="25" VPOS="3334" HPOS="1846"/>
<String CONTENT="of" HEIGHT="41" WIDTH="52" VPOS="3333" HPOS="1872"/>
<SP HEIGHT="40" WIDTH="23" VPOS="3333" HPOS="1925"/>
<String CONTENT="catalogue" HEIGHT="46" WIDTH="253" VPOS="3334" HPOS="1949"/>
</TextLine>
<TextLine HEIGHT="48" WIDTH="320" VPOS="3388" HPOS="220">
<String CONTENT="(p." HEIGHT="46" WIDTH="62" VPOS="3389" HPOS="220"/>
<SP HEIGHT="38" WIDTH="29" VPOS="3389" HPOS="283"/>
<String CONTENT="253-258)" HEIGHT="48" WIDTH="227" VPOS="3388" HPOS="313"/>
</TextLine>
<TextLine HEIGHT="51" WIDTH="1983" VPOS="3442" HPOS="215">
<String CONTENT="&#169;" HEIGHT="50" WIDTH="50" VPOS="3442" HPOS="215"/>
<SP HEIGHT="50" WIDTH="32" VPOS="3442" HPOS="266"/>
<String CONTENT="Dec." HEIGHT="38" WIDTH="109" VPOS="3447" HPOS="299"/>
<SP HEIGHT="38" WIDTH="33" VPOS="3445" HPOS="409"/>
<String CONTENT="27." HEIGHT="40" WIDTH="68" VPOS="3445" HPOS="443"/>
<SP HEIGHT="38" WIDTH="32" VPOS="3447" HPOS="512"/>
<String CONTENT="1933;" HEIGHT="39" WIDTH="139" VPOS="3445" HPOS="545"/>
<SP HEIGHT="38" WIDTH="33" VPOS="3446" HPOS="685"/>
<String CONTENT="2c." HEIGHT="39" WIDTH="65" VPOS="3446" HPOS="719"/>
<SP HEIGHT="28" WIDTH="33" VPOS="3456" HPOS="785"/>
<String CONTENT="and" HEIGHT="37" WIDTH="93" VPOS="3448" HPOS="819"/>
<SP HEIGHT="37" WIDTH="32" VPOS="3448" HPOS="913"/>
<String CONTENT="aff." HEIGHT="40" WIDTH="82" VPOS="3446" HPOS="946"/>
<SP HEIGHT="38" WIDTH="33" VPOS="3448" HPOS="1029"/>
<String CONTENT="Jan." HEIGHT="38" WIDTH="107" VPOS="3448" HPOS="1063"/>
<SP HEIGHT="39" WIDTH="33" VPOS="3447" HPOS="1171"/>
<String CONTENT="8," HEIGHT="46" WIDTH="37" VPOS="3447" HPOS="1205"/>
<SP HEIGHT="45" WIDTH="33" VPOS="3448" HPOS="1243"/>
<String CONTENT="1934;" HEIGHT="40" WIDTH="140" VPOS="3447" HPOS="1277"/>
<SP HEIGHT="40" WIDTH="35" VPOS="3447" HPOS="1418"/>
<!-- cceid B7E7BF9E-6C64-1014-8713-889FF4349C01 --><String CONTENT="A" HEIGHT="38" WIDTH="40" VPOS="3447" HPOS="1454"/>
<SP HEIGHT="38" WIDTH="31" VPOS="3447" HPOS="1495"/>
<String CONTENT="67900;" HEIGHT="47" WIDTH="167" VPOS="3446" HPOS="1527"/>
<SP HEIGHT="46" WIDTH="37" VPOS="3447" HPOS="1695"/>
<String CONTENT="Armor" HEIGHT="38" WIDTH="172" VPOS="3447" HPOS="1733"/>
<SP HEIGHT="28" WIDTH="33" VPOS="3458" HPOS="1906"/>
<String CONTENT="and" HEIGHT="40" WIDTH="94" VPOS="3446" HPOS="1940"/>
<SP HEIGHT="38" WIDTH="33" VPOS="3446" HPOS="2035"/>
<String CONTENT="arms" HEIGHT="29" WIDTH="129" VPOS="3455" HPOS="2069"/>
</TextLine>
<TextLine HEIGHT="47" WIDTH="758" VPOS="3502" HPOS="285">
<String CONTENT="club." HEIGHT="39" WIDTH="121" VPOS="3503" HPOS="285"/>
<SP HEIGHT="40" WIDTH="27" VPOS="3502" HPOS="407"/>
<String CONTENT="New" HEIGHT="38" WIDTH="115" VPOS="3502" HPOS="435"/>
<SP HEIGHT="38" WIDTH="27" VPOS="3502" HPOS="551"/>
<String CONTENT="York." HEIGHT="39" WIDTH="144" VPOS="3502" HPOS="579"/>
<SP HEIGHT="46" WIDTH="69" VPOS="3503" HPOS="724"/>
<String CONTENT="(34-1270)" HEIGHT="47" WIDTH="249" VPOS="3502" HPOS="794"/>
</TextLine>
<TextLine HEIGHT="60" WIDTH="1198" VPOS="3590" HPOS="215" STYLEREFS="StyleId-3A0E194A-EF0F-4E59-A1CF-C24933B0B13D-">
<String CONTENT="New" HEIGHT="51" WIDTH="142" VPOS="3590" HPOS="215"/>
<SP HEIGHT="52" WIDTH="26" VPOS="3590" HPOS="358"/>
<String CONTENT="York." HEIGHT="52" WIDTH="179" VPOS="3590" HPOS="385"/>
<SP HEIGHT="51" WIDTH="73" VPOS="3592" HPOS="565"/>
<String CONTENT="Museum" HEIGHT="52" WIDTH="272" VPOS="3592" HPOS="639"/>
<SP HEIGHT="36" WIDTH="27" VPOS="3608" HPOS="912"/>
<String CONTENT="of" HEIGHT="51" WIDTH="64" VPOS="3593" HPOS="940"/>
<SP HEIGHT="52" WIDTH="25" VPOS="3593" HPOS="1005"/>
<String CONTENT="modern" HEIGHT="52" WIDTH="240" VPOS="3594" HPOS="1031"/>
<SP HEIGHT="36" WIDTH="25" VPOS="3610" HPOS="1272"/>
<String CONTENT="art." HEIGHT="54" WIDTH="115" VPOS="3596" HPOS="1298"/>
</TextLine>
<TextLine HEIGHT="130" WIDTH="1961" VPOS="3666" HPOS="217" STYLEREFS="StyleId-78E6C149-4642-4366-9C73-259307B0CF46-" CS="1">
<String CONTENT="International" HEIGHT="53" WIDTH="421" VPOS="3666" HPOS="285"/>
<SP HEIGHT="53" WIDTH="33" VPOS="3667" HPOS="707"/>
<String CONTENT="exhibition" HEIGHT="53" WIDTH="315" VPOS="3668" HPOS="741"/>
<SP HEIGHT="35" WIDTH="37" VPOS="3688" HPOS="1057"/>
<String CONTENT="of" HEIGHT="53" WIDTH="62" VPOS="3670" HPOS="1095"/>
<SP HEIGHT="53" WIDTH="31" VPOS="3670" HPOS="1158"/>
<String CONTENT="theatre" HEIGHT="51" WIDTH="219" VPOS="3672" HPOS="1190"/>
<SP HEIGHT="33" WIDTH="37" VPOS="3689" HPOS="1410"/>
<String CONTENT="art," HEIGHT="60" WIDTH="105" VPOS="3676" HPOS="1448"/>
<SP HEIGHT="66" WIDTH="32" VPOS="3670" HPOS="1554"/>
<String CONTENT="January" HEIGHT="68" WIDTH="263" VPOS="3670" HPOS="1587"/>
<SP HEIGHT="65" WIDTH="35" VPOS="3673" HPOS="1851"/>
<String CS="1" CONTENT="16-February" HEIGHT="128" WIDTH="1961" VPOS="3668" HPOS="217"/>
</TextLine>
<TextLine HEIGHT="68" WIDTH="1791" VPOS="3745" HPOS="345" STYLEREFS="StyleId-78E6C149-4642-4366-9C73-259307B0CF46-" CS="1">
<String CONTENT="26," HEIGHT="57" WIDTH="83" VPOS="3747" HPOS="345"/>
<SP HEIGHT="56" WIDTH="26" VPOS="3748" HPOS="429"/>
<String CONTENT="1934." HEIGHT="48" WIDTH="150" VPOS="3748" HPOS="456"/>
<SP HEIGHT="51" WIDTH="59" VPOS="3745" HPOS="607"/>
<String CONTENT="New" HEIGHT="53" WIDTH="139" VPOS="3745" HPOS="667"/>
<SP HEIGHT="51" WIDTH="26" VPOS="3747" HPOS="807"/>
<String CONTENT="York," HEIGHT="65" WIDTH="178" VPOS="3747" HPOS="834"/>
<SP HEIGHT="63" WIDTH="26" VPOS="3749" HPOS="1013"/>
<String CONTENT="The" HEIGHT="52" WIDTH="119" VPOS="3748" HPOS="1040"/>
<SP HEIGHT="51" WIDTH="25" VPOS="3749" HPOS="1160"/>
<String CONTENT="Museum" HEIGHT="51" WIDTH="261" VPOS="3749" HPOS="1186"/>
<SP HEIGHT="34" WIDTH="24" VPOS="3767" HPOS="1448"/>
<String CONTENT="of" HEIGHT="53" WIDTH="62" VPOS="3748" HPOS="1473"/>
<SP HEIGHT="52" WIDTH="27" VPOS="3748" HPOS="1536"/>
<String CONTENT="modern" HEIGHT="52" WIDTH="233" VPOS="3748" HPOS="1564"/>
<SP HEIGHT="34" WIDTH="26" VPOS="3766" HPOS="1798"/>
<String CONTENT="art" HEIGHT="47" WIDTH="90" VPOS="3753" HPOS="1825"/>
<SP HEIGHT="60" WIDTH="28" VPOS="3753" HPOS="1916"/>
<String CS="1" CONTENT="["/>
<String STYLE="superscript" CONTENT="c" HEIGHT="21" WIDTH="18" VPOS="3754" HPOS="1963"/>
<String CONTENT="1934]" HEIGHT="63" WIDTH="151" VPOS="3749" HPOS="1985"/>
</TextLine>
<TextLine HEIGHT="51" WIDTH="1042" VPOS="3817" HPOS="287" CS="1">
<String LANG="en-US" CONTENT="1" HEIGHT="38" WIDTH="23" VPOS="3817" HPOS="287"/>
<SP HEIGHT="48" WIDTH="27" VPOS="3817" HPOS="311"/>
<String LANG="fr" CONTENT="p." HEIGHT="36" WIDTH="42" VPOS="3829" HPOS="339"/>
<SP/>
<String LANG="fr" CS="1" CONTENT="l.,"/>
<SP HEIGHT="45" WIDTH="28" VPOS="3818" HPOS="454"/>
<String LANG="en-US" CONTENT="5-66," HEIGHT="47" WIDTH="128" VPOS="3817" HPOS="483"/>
<SP HEIGHT="28" WIDTH="30" VPOS="3838" HPOS="612"/>
<String LANG="en-US" CONTENT="[1]" HEIGHT="48" WIDTH="54" VPOS="3819" HPOS="643"/>
<SP HEIGHT="37" WIDTH="28" VPOS="3830" HPOS="698"/>
<String LANG="fr" CONTENT="p.," HEIGHT="36" WIDTH="58" VPOS="3830" HPOS="727"/>
<SP HEIGHT="43" WIDTH="26" VPOS="3822" HPOS="786"/>
<String LANG="en-US" CONTENT="1" HEIGHT="36" WIDTH="24" VPOS="3822" HPOS="813"/>
<SP HEIGHT="38" WIDTH="28" VPOS="3820" HPOS="838"/>
<String LANG="en-US" CS="1" CONTENT="l." HEIGHT="8" WIDTH="8" VPOS="3851" HPOS="887"/>
<SP HEIGHT="36" WIDTH="59" VPOS="3832" HPOS="896"/>
<String LANG="en-US" CONTENT="plates." HEIGHT="48" WIDTH="169" VPOS="3820" HPOS="956"/>
<SP HEIGHT="41" WIDTH="58" VPOS="3821" HPOS="1126"/>
<String LANG="en-US" CS="1" CONTENT="25&#189;" HEIGHT="40" WIDTH="55" VPOS="3821" HPOS="1185"/>
<String STYLE="superscript" LANG="en-US" CONTENT="cm" HEIGHT="21" WIDTH="43" VPOS="3824" HPOS="1273"/>
<String LANG="en-US" CONTENT="." HEIGHT="8" WIDTH="8" VPOS="3854" HPOS="1321"/>
</TextLine>
<TextLine HEIGHT="52" WIDTH="1914" VPOS="3875" HPOS="290" CS="1">
<String CONTENT="&#8220;Twenty-five" HEIGHT="46" WIDTH="340" VPOS="3875" HPOS="290"/>
<SP HEIGHT="39" WIDTH="32" VPOS="3877" HPOS="631"/>
<String CONTENT="hundred" HEIGHT="40" WIDTH="220" VPOS="3877" HPOS="664"/>
<SP HEIGHT="38" WIDTH="35" VPOS="3878" HPOS="885"/>
<String CONTENT="copies" HEIGHT="48" WIDTH="157" VPOS="3877" HPOS="921"/>
<SP HEIGHT="29" WIDTH="38" VPOS="3889" HPOS="1079"/>
<String CS="1" CONTENT="&#8230;"/>
<SP HEIGHT="37" WIDTH="36" VPOS="3890" HPOS="1164"/>
<String CONTENT="printed" HEIGHT="47" WIDTH="193" VPOS="3880" HPOS="1201"/>
<SP HEIGHT="38" WIDTH="39" VPOS="3881" HPOS="1395"/>
<String CS="1" CONTENT="&#8230;"/>
<SP HEIGHT="38" WIDTH="40" VPOS="3880" HPOS="1479"/>
<String CONTENT="by" HEIGHT="46" WIDTH="60" VPOS="3880" HPOS="1520"/>
<SP HEIGHT="48" WIDTH="34" VPOS="3878" HPOS="1581"/>
<String LANG="de" CONTENT="Plandome" HEIGHT="41" WIDTH="261" VPOS="3878" HPOS="1616"/>
<SP HEIGHT="38" WIDTH="33" VPOS="3889" HPOS="1878"/>
<String CONTENT="press," HEIGHT="38" WIDTH="148" VPOS="3889" HPOS="1912"/>
<SP HEIGHT="46" WIDTH="37" VPOS="3879" HPOS="2061"/>
<String CONTENT="inc.," HEIGHT="46" WIDTH="105" VPOS="3879" HPOS="2099"/>
</TextLine>
<TextLine HEIGHT="41" WIDTH="316" VPOS="3932" HPOS="217">
<String CONTENT="New" HEIGHT="39" WIDTH="114" VPOS="3933" HPOS="217"/>
<SP HEIGHT="39" WIDTH="29" VPOS="3932" HPOS="332"/>
<String CONTENT="York.&#8221;" HEIGHT="41" WIDTH="171" VPOS="3932" HPOS="362"/>
</TextLine>
</TextBlock>
</PrintSpace>
</Page>
</Layout>
</alto>