2350 4196
1119 3999 100 55 807

244 433 117 39 This
397 433 199 39 treatise
629 434 274 47 represents
938 434 79 38 ten
1050 440 141 39 years
1224 429 51 40 of

1310 428 241 41 accretion
1585 426 130 42 since
1752 427 81 41 the
1867 436 302 40 appearance

175 489 50 39 of
255 489 81 40 the
369 489 106 40 thin
506 492 72 37 set
609 489 50 41 of
691 488 208 49 original
932 487 162 41 sheets
1126 486 49 41 of
1209 484 294 49 Examining
1535 485 167 48 patent
1737 483 337 49 applications,
2107 485 60 47 by

176 547 229 39 Emerson
433 544 293 49 Stringham.
784 545 61 46 cf.
873 544 182 40 Introd.
1084 545 124 37 note.

246 601 333 42 “Corrections
611 603 94 39 and
737 598 301 44 additions”:
1073 610 42 38 p.
1149 598 96 41 8-9.

246 657 273 42 “Treatises
551 660 94 38 and
678 657 224 41 articles”:
966 667 42 38 p.
1042 655 228 47 613-622;
1307 655 147 39 Table
1488 655 50 39 of
1571 655 237 46 statutes;
1844 654 128 41 rules;
177 666 1974 88 numbered
340 715 192 46 orders;

561 713 247 49 circulars,
833 712 195 48 notices,
1054 713 95 39 and
1173 712 331 40 unnumbered
1528 712 194 40 orders:
1755 721 42 38 p.
1823 711 217 42 623-630.

246 770 175 40 “Table
449 770 51 40 of
526 770 191 41 cases”:
746 782 43 37 p.
818 768 214 43 631-690.

180 837 50 52 ©
260 842 124 39 June
412 842 39 46 2,
480 842 139 46 1934;
650 842 66 39 2c.
744 842 94 39 and
866 840 81 40 aff.
976 841 129 39 June
1129 840 79 46 19;
1240 838 41 40 A
1308 838 170 47 73128;
1511 840 51 38 E.
1596 838 293 49 Stringham,

247 839 1908 99 Washington.
414 897 278 50 (34-17310)

171 1016 283 65 Talarico,
484 1017 188 56 Carlo.

304 1092 1865 68 … La rivoluzione francese e l’uguaglianza dei cittadini.
174 1172 82 53 La
289 1172 349 55 rivoluzione
671 1173 235 52 fascista
940 1191 26 34 e
998 1171 423 68 l’uguaglianza
1455 1172 145 52 delle
1634 1172 298 66 categorie.
2018 1172 153 66 Pisa,

172 1250 402 55 Nistri-Lischi
613 1254 171 64 [1933]

247 1325 447 35 170 p 1 l 25 cm
248 1382 371 48 “Bibliografia”:
680 1393 42 38 p.
771 1381 233 49 [167]-170.

180 1449 1991 52 © Jan. 15, 1933; 1c. Mar. 7, 1934; A-Foreign 24367; Victor Lodedo,
250 1511 115 39 New
390 1511 144 38 York.
609 1509 256 48 (34-17689
874 1509 13 46 )

172 1613 120 52 The
332 1613 593 64 twentieth-century
965 1612 427 67 encyclopedia;
1436 1631 31 33 a
1506 1612 218 53 concise
1761 1611 113 53 and
1915 1614 258 51 accurate

246 1689 203 56 review
476 1692 64 52 of
562 1693 76 51 all
662 1692 273 52 branches
958 1690 64 54 of
1042 1691 95 52 the
1160 1690 225 53 world’s
1408 1690 348 67 knowledge.
1833 1691 335 53 Illustrated

246 1770 352 68 throughout
624 1771 110 51 and
764 1768 331 69 containing
1123 1788 28 33 a
1179 1769 275 67 complete
1480 1769 144 52 atlas
1652 1768 111 53 and
1793 1769 219 67 picture
247 1788 1897 127 supplement
527 1848 58 54 in

617 1845 1552 70 color … [Cleveland] World library guild, 1934.
252 1921 53 39 11
356 1932 39 28 v.
458 1920 189 48 fronts.,
695 1920 142 47 illus.,
885 1921 156 47 plates
1069 1919 134 48 (part
1249 1921 113 45 col.;
1413 1922 108 45 part
1570 1919 197 46 double)
1824 1922 161 46 ports.,
2035 1931 139 37 maps

190 1977 48 48 (1
267 1976 197 48 double)
532 1977 146 43 23½cm.

249 2033 101 41 Vol.
449 2045 7 28 XI:
486 2034 306 40 Extensions.

249 2089 421 42 Editor-in-chief:
703 2091 203 41 Francis
937 2092 42 39 J.
1009 2091 257 48 Reynolds.

182 2157 50 52 ©
266 2162 126 39 June
423 2162 38 46 1,
496 2162 114 40 1934;
671 2163 66 39 2c.
771 2163 118 39 each
921 2163 95 39 and
1049 2161 80 40 aff.
1165 2162 128 40 June
1323 2162 82 46 11;
1442 2162 40 39 A
1515 2162 170 47 72724;
1723 2162 167 40 World
1924 2159 252 51 syndicate

249 2220 105 47 pub.
382 2229 64 30 co.
513 2219 279 50 [Copyright
817 2219 40 40 is
883 2220 203 39 claimed
1112 2230 60 29 on
1195 2220 222 46 changes,
1446 2219 236 48 resetting
1706 2221 96 38 and
1827 2229 105 30 new
1959 2219 211 49 articles]

259 2276 279 49 (34-17697)

175 2379 271 66 Wagner,
476 2381 181 63 Hugh
687 2378 282 66 Kiernan,
1003 2379 169 55 1870-

247 2457 365 68 Coriolanus;
647 2459 205 52 review
883 2459 64 52 of
980 2458 431 68 Shakespeare’s
1442 2460 137 67 play
1612 2458 63 54 of
1710 2458 354 68 Coriolanus,
2095 2460 74 66 by

183 2535 173 69 Hugh
403 2537 72 53 K.
521 2537 267 68 Wagner.
867 2537 310 68 Belleville,
1226 2538 113 66 Ill.,
1385 2538 280 53 Buechler
1710 2537 334 68 publishing
2090 2556 77 33 co.

184 2647 11 33 [
202 2620 16 21 c
225 2617 149 65 1934]

250 2686 54 40 21
335 2698 40 37 p.
437 2687 56 39 24
496 2689 44 21 cm
546 2720 7 7 .

182 2754 50 52 ©
262 2759 107 39 Jan.
401 2760 38 46 5,
471 2759 139 46 1934;
642 2760 66 40 2c.
739 2761 94 38 and
865 2760 81 39 aff.
978 2760 106 39 Jan.
1117 2762 50 45 8;
1201 2760 40 39 A
1270 2761 169 46 67887;
1473 2761 60 40 H.
1565 2761 57 39 K.
1655 2761 222 48 Wagner,
1913 2761 66 41 St.
2011 2760 161 42 Louis.

261 2815 279 49 (34-17695)

174 2916 252 68 Walker,
456 2918 187 54 Marie
672 2918 301 69 Winchell,
1006 2919 169 55 1875-

244 2996 55 53 A
322 3015 122 34 new
469 2997 126 52 deal
619 2996 60 53 in
703 2997 151 68 jobs;
883 2997 154 54 what
1058 2999 48 52 is
1130 3017 94 50 my
1249 2997 263 55 vocation
1537 3001 111 51 and
1673 2999 127 53 how
1826 3018 102 33 can
1954 2999 32 53 I
2010 2999 164 54 make

176 3074 1998 71 a success of it? By Marie Winchell Walker … London,
177 3153 60 51 L.
269 3153 67 52 N.
368 3153 223 52 Fowler
619 3156 44 49 &
692 3172 106 48 co.;
831 3152 280 70 Holyoke,
1140 3155 188 68 Mass.,
1358 3155 120 53 The
1508 3154 301 55 Elizabeth
1837 3151 212 58 Towne
2075 3174 100 49 co.,

180 3230 104 53 inc.
342 3264 12 33 [
360 3237 16 21 c
383 3233 150 64 1934]

246 3305 55 40 75
345 3316 43 37 p.
449 3305 58 41 18½
537 3307 43 21 cm
586 3336 8 9 .

249 3361 228 41 “Printed
504 3362 50 39 in
580 3362 83 40 the
692 3362 54 40 U.
779 3361 43 42 S.
852 3360 84 42 A.”

248 3418 262 40 Published
537 3418 114 40 1928
677 3419 153 39 under
856 3418 134 41 title:
1018 3419 147 41 What
1190 3420 42 40 is
1258 3431 78 37 my
1362 3420 224 41 vocation
1613 3422 95 39 and
1734 3421 108 40 how
1867 3431 89 30 can
1983 3422 22 38 I
2032 3422 140 40 make

177 3485 27 30 a
241 3485 189 31 success
465 3476 53 40 of
555 3475 71 41 it?

184 3542 49 50 ©
259 3547 124 39 June
407 3547 37 47 8,
469 3547 140 46 1934;
635 3547 67 40 2c.
727 3549 94 38 and
846 3547 79 40 aff.
953 3549 124 40 June
1102 3550 79 45 13;
1209 3550 43 38 A
1273 3550 170 46 72757;
1471 3552 61 38 M.
1558 3551 69 38 W.
1655 3550 210 47 Walker,
1890 3549 279 47 Alhambra,

251 3603 142 40 Calif.
462 3603 279 50 [Copyright
773 3605 43 39 is
848 3605 203 40 claimed
1086 3617 59 29 on
1175 3606 332 48 biographical
1540 3608 169 39 sketch
1742 3608 95 38 and
1872 3608 203 46 chapter
2107 3616 63 39 IV]

264 3659 278 48 (34-17605)

176 3759 269 67 Walling,
475 3764 222 54 Robert
726 3764 210 54 Alfred
966 3766 171 62 John,
1175 3770 164 48 1869-

253 3840 119 52 The
397 3840 262 55 bachelor
687 3840 101 52 flat
813 3847 267 63 mystery,
1106 3842 73 68 by
1208 3843 65 50 R.
1305 3843 68 52 A.
1403 3843 55 53 J.
1487 3840 270 70 Walling.
1824 3841 137 54 New
1992 3841 177 61 York,

184 3916 85 53 W.
302 3917 247 54 Morrow
580 3920 45 50 &
657 3938 96 49 co.,
787 3922 148 49 1934.
