<alto xmlns="http://www.loc.gov/standards/alto/ns-v3#" xmlns:xlink="http://www.w3.org/1999/xlink" xmlns:xsi="http://www.w3.org/2001/XMLSchema-instance" xsi:schemaLocation="http://www.loc.gov/standards/alto/ns-v3# http://www.loc.gov/alto/v3/alto-3-0.xsd"><Description>
<MeasurementUnit>pixel</MeasurementUnit>
<sourceImageInformation>
<fileName>1934_v1_Part1.pdf</fileName>
</sourceImageInformation>
<OCRProcessing ID="IdOcr">
<ocrProcessingStep>
<processingDateTime>2019-01-10</processingDateTime>
<processingSoftware>
<softwareCreator>ABBYY</softwareCreator>
<softwareName>ABBYY Recognition Server</softwareName>
<softwareVersion>4.0</softwareVersion>
</processingSoftware>
</ocrProcessingStep>
</OCRProcessing>
</Description>
<Styles>
<ParagraphStyle ID="StyleId-FFFFFFFF-FFFF-FFFF-FFFF-FFFFFFFFFFFF-" ALIGN="Left" LEFT="0." RIGHT="0." FIRSTLINE="0."/>
<ParagraphStyle ID="StyleId-521E1FC6-FE7E-43A4-90E6-A9B61626A263-" ALIGN="Right" LEFT="0." RIGHT="0." FIRSTLINE="0." LINESPACE="13.30000019"/>
<ParagraphStyle ID="StyleId-639B624E-F6F5-47B6-BB1D-34E64B53022F-" ALIGN="Left" LEFT="0." RIGHT="0." FIRSTLINE="-27." LINESPACE="13.43999958"/>
<ParagraphStyle ID="StyleId-100905F9-D385-406B-A5BD-ED5B8FD85431-" ALIGN="Left" LEFT="0." RIGHT="0." FIRSTLINE="0."/>
<ParagraphStyle ID="StyleId-7C9F9BA2-EF3A-4B7F-8486-CCC7B7F49B39-" ALIGN="Left" LEFT="0." RIGHT="0." FIRSTLINE="-27." LINESPACE="18.71999931"/>
<ParagraphStyle ID="StyleId-350780E3-60F2-4605-88F5-BB54F9B87091-" ALIGN="Block" LEFT="0." RIGHT="0." FIRSTLINE="-27." LINESPACE="18.71999931"/>
<ParagraphStyle ID="StyleId-90B16C58-D795-4C77-9B89-30378C515D40-" ALIGN="Left" LEFT="0." RIGHT="0." FIRSTLINE="0." LINESPACE="14.39999962"/>
<ParagraphStyle ID="StyleId-17090E09-AFAF-4086-BD9B-4E99FAE6B057-" ALIGN="Right" LEFT="0." RIGHT="0." FIRSTLINE="-27." LINESPACE="14.39999962"/>
<ParagraphStyle ID="StyleId-8B87B633-89DB-4D72-B1FC-26E4ABD680BC-" ALIGN="Left" LEFT="0." RIGHT="0." FIRSTLINE="-27." LINESPACE="18.47999954"/>
<ParagraphStyle ID="StyleId-42DA7417-CA90-4D71-A57B-06556C38D752-" ALIGN="Left" LEFT="0." RIGHT="0." FIRSTLINE="0." LINESPACE="13.30000019"/>
<ParagraphStyle ID="StyleId-D8EE2A7E-42AE-4E35-98DB-F0F935637AA0-" ALIGN="Block" LEFT="0." RIGHT="0." FIRSTLINE="0." LINESPACE="6.599999905"/>
<ParagraphStyle ID="StyleId-33CD3121-D4F5-43B6-BA96-6382D166E6B8-" ALIGN="Left" LEFT="0." RIGHT="0." FIRSTLINE="0." LINESPACE="15.5"/>
<ParagraphStyle ID="StyleId-1CE52AFA-C319-4DD9-B4B1-F0EBFA2B3F0B-" ALIGN="Block" LEFT="0." RIGHT="0." FIRSTLINE="-21." LINESPACE="18.71999931"/>
<ParagraphStyle ID="StyleId-B74F1B65-92F1-49C5-A5FA-D20442F031F2-" ALIGN="Left" LEFT="0." RIGHT="0." FIRSTLINE="0." LINESPACE="17.70006076"/>
<ParagraphStyle ID="StyleId-79E2924A-215C-40B7-B577-7236BFBAA25E-" ALIGN="Center" LEFT="0." RIGHT="0." FIRSTLINE="0." LINESPACE="7.199999809"/>
</Styles>
<Layout>
<Page ID="Page135" PHYSICAL_IMG_NR="135" HEIGHT="4196" WIDTH="2350">
<TopMargin HEIGHT="347" WIDTH="2350" VPOS="0" HPOS="0">
</TopMargin>
<LeftMargin HEIGHT="3627" WIDTH="140" VPOS="347" HPOS="0">
</LeftMargin>
<RightMargin HEIGHT="3627" WIDTH="192" VPOS="347" HPOS="2158">
</RightMargin>
<BottomMargin HEIGHT="222" WIDTH="2350" VPOS="3974" HPOS="0">
<TextBlock ID="Page135_Block1" HEIGHT="60" WIDTH="109" VPOS="3985" HPOS="1087" LANG="en-US" STYLEREFS="StyleId-4A2CF81D-0904-4254-90F2-22464760DBE5-">
<TextLine HEIGHT="48" WIDTH="97" VPOS="3991" HPOS="1093">
<String CONTENT="135" HEIGHT="48" WIDTH="97" VPOS="3991" HPOS="1093"/>
</TextLine>
</TextBlock>
</BottomMargin>
<PrintSpace HEIGHT="3627" WIDTH="2018" VPOS="347" HPOS="140">
<TextBlock ID="Page135_Block2" HEIGHT="3627" WIDTH="2018" VPOS="347" HPOS="140" LANG="en-US" CS="1" STYLEREFS="StyleId-99A57093-816E-4161-A359-84E43546C172-">
<TextLine HEIGHT="66" WIDTH="626" VPOS="353" HPOS="159" STYLEREFS="StyleId-E9B02EB9-28EB-4A10-82C9-50F924CCA2BF-">
<String CONTENT="Hoel," HEIGHT="64" WIDTH="159" VPOS="355" HPOS="159"/>
<SP HEIGHT="63" WIDTH="28" VPOS="356" HPOS="319"/>
<String CONTENT="Sigurd," HEIGHT="65" WIDTH="235" VPOS="353" HPOS="348"/>
<SP HEIGHT="61" WIDTH="30" VPOS="357" HPOS="584"/>
<String CONTENT="1890-" HEIGHT="50" WIDTH="170" VPOS="356" HPOS="615"/>
</TextLine>
<TextLine HEIGHT="69" WIDTH="1795" VPOS="425" HPOS="284" STYLEREFS="StyleId-1EBBC646-B03D-4719-BDE5-D32D558574E2-" CS="1">
<String CS="1" CONTENT="&#8230;"/>
<SP HEIGHT="54" WIDTH="33" VPOS="430" HPOS="284"/>
<String CONTENT="Veien" HEIGHT="53" WIDTH="176" VPOS="430" HPOS="318"/>
<SP HEIGHT="47" WIDTH="28" VPOS="435" HPOS="495"/>
<String CONTENT="til" HEIGHT="53" WIDTH="67" VPOS="429" HPOS="524"/>
<SP HEIGHT="49" WIDTH="31" VPOS="432" HPOS="592"/>
<String CONTENT="verdens" HEIGHT="52" WIDTH="235" VPOS="430" HPOS="624"/>
<SP HEIGHT="34" WIDTH="29" VPOS="447" HPOS="860"/>
<String CONTENT="ende;" HEIGHT="63" WIDTH="167" VPOS="428" HPOS="890"/>
<SP HEIGHT="45" WIDTH="32" VPOS="446" HPOS="1058"/>
<String CONTENT="roman." HEIGHT="35" WIDTH="209" VPOS="445" HPOS="1091"/>
<SP HEIGHT="54" WIDTH="67" VPOS="425" HPOS="1301"/>
<String CONTENT="Oslo," HEIGHT="69" WIDTH="153" VPOS="425" HPOS="1369"/>
<SP HEIGHT="69" WIDTH="31" VPOS="425" HPOS="1523"/>
<String CONTENT="Gyldendal," HEIGHT="69" WIDTH="342" VPOS="425" HPOS="1555"/>
<SP HEIGHT="64" WIDTH="31" VPOS="429" HPOS="1898"/>
<String CONTENT="1933." HEIGHT="51" WIDTH="149" VPOS="429" HPOS="1930"/>
</TextLine>
<TextLine HEIGHT="51" WIDTH="742" VPOS="503" HPOS="222" CS="1">
<String CONTENT="4" HEIGHT="38" WIDTH="27" VPOS="507" HPOS="222"/>
<SP HEIGHT="47" WIDTH="25" VPOS="507" HPOS="250"/>
<String CONTENT="p." HEIGHT="37" WIDTH="42" VPOS="517" HPOS="276"/>
<SP HEIGHT="39" WIDTH="28" VPOS="507" HPOS="319"/>
<String CS="1" CONTENT="l.,"/>
<SP HEIGHT="47" WIDTH="27" VPOS="505" HPOS="392"/>
<String CONTENT="11-390" HEIGHT="41" WIDTH="173" VPOS="504" HPOS="420"/>
<SP HEIGHT="48" WIDTH="26" VPOS="504" HPOS="594"/>
<String CS="1" CONTENT="p.,"/>
<SP/>
<String CS="1" CONTENT="1"/>
<SP/>
<String CS="1" CONTENT="l."/>
<SP HEIGHT="38" WIDTH="58" VPOS="504" HPOS="789"/>
<String CONTENT="20" HEIGHT="40" WIDTH="55" VPOS="503" HPOS="848"/>
<String STYLE="superscript" CONTENT="cm" HEIGHT="21" WIDTH="45" VPOS="505" HPOS="905"/>
<String CONTENT="." HEIGHT="8" WIDTH="8" VPOS="535" HPOS="956"/>
</TextLine>
<TextLine HEIGHT="48" WIDTH="417" VPOS="574" HPOS="222">
<String CONTENT="&#8220;Fjerde" HEIGHT="46" WIDTH="205" VPOS="576" HPOS="222"/>
<SP HEIGHT="38" WIDTH="28" VPOS="577" HPOS="428"/>
<String CONTENT="tusen.&#8221;" HEIGHT="41" WIDTH="182" VPOS="574" HPOS="457"/>
</TextLine>
<TextLine HEIGHT="51" WIDTH="1994" VPOS="641" HPOS="153" CS="1">
<String CONTENT="&#169;" HEIGHT="51" WIDTH="51" VPOS="641" HPOS="153"/>
<SP HEIGHT="51" WIDTH="26" VPOS="641" HPOS="205"/>
<String CONTENT="Nov." HEIGHT="40" WIDTH="115" VPOS="645" HPOS="232"/>
<SP HEIGHT="40" WIDTH="28" VPOS="646" HPOS="348"/>
<String CONTENT="8," HEIGHT="46" WIDTH="37" VPOS="646" HPOS="377"/>
<SP HEIGHT="46" WIDTH="27" VPOS="646" HPOS="415"/>
<String CS="1" CONTENT="1933;" HEIGHT="40" WIDTH="113" VPOS="645" HPOS="443"/>
<SP/>
<String CS="1" CONTENT="1c."/>
<SP/>
<String CONTENT="Dec." HEIGHT="39" WIDTH="111" VPOS="645" HPOS="707"/>
<SP HEIGHT="39" WIDTH="26" VPOS="645" HPOS="819"/>
<String CONTENT="27;" HEIGHT="47" WIDTH="82" VPOS="645" HPOS="846"/>
<SP HEIGHT="48" WIDTH="29" VPOS="644" HPOS="929"/>
<!-- cceid B95D13A5-6C64-1014-8713-889FF4349C01 --><String CONTENT="A-Foreign" HEIGHT="48" WIDTH="310" VPOS="644" HPOS="959"/>
<SP HEIGHT="38" WIDTH="24" VPOS="644" HPOS="1270"/>
<String CONTENT="23244;" HEIGHT="47" WIDTH="171" VPOS="644" HPOS="1295"/>
<SP HEIGHT="47" WIDTH="31" VPOS="644" HPOS="1467"/>
<String CONTENT="Gyldendal" HEIGHT="48" WIDTH="270" VPOS="644" HPOS="1499"/>
<SP HEIGHT="38" WIDTH="28" VPOS="646" HPOS="1770"/>
<String CONTENT="norsk" HEIGHT="40" WIDTH="148" VPOS="645" HPOS="1799"/>
<SP HEIGHT="40" WIDTH="25" VPOS="644" HPOS="1948"/>
<String CONTENT="forlag." HEIGHT="48" WIDTH="173" VPOS="644" HPOS="1974"/>
</TextLine>
<TextLine HEIGHT="50" WIDTH="249" VPOS="702" HPOS="232">
<String CONTENT="(34-3482)" HEIGHT="50" WIDTH="249" VPOS="702" HPOS="232"/>
</TextLine>
<TextLine HEIGHT="64" WIDTH="509" VPOS="805" HPOS="156" STYLEREFS="StyleId-E9B02EB9-28EB-4A10-82C9-50F924CCA2BF-">
<String CONTENT="Horler," HEIGHT="64" WIDTH="225" VPOS="805" HPOS="156"/>
<SP HEIGHT="63" WIDTH="25" VPOS="806" HPOS="382"/>
<String CONTENT="Sydney." HEIGHT="63" WIDTH="257" VPOS="805" HPOS="408"/>
</TextLine>
<TextLine HEIGHT="68" WIDTH="730" VPOS="882" HPOS="223" STYLEREFS="StyleId-1EBBC646-B03D-4719-BDE5-D32D558574E2-">
<String CONTENT="The" HEIGHT="53" WIDTH="119" VPOS="883" HPOS="223"/>
<SP HEIGHT="49" WIDTH="29" VPOS="901" HPOS="343"/>
<String CONTENT="prince" HEIGHT="67" WIDTH="198" VPOS="883" HPOS="373"/>
<SP HEIGHT="34" WIDTH="26" VPOS="902" HPOS="572"/>
<String CONTENT="of" HEIGHT="54" WIDTH="63" VPOS="882" HPOS="599"/>
<SP HEIGHT="68" WIDTH="27" VPOS="882" HPOS="663"/>
<String CONTENT="plunder." HEIGHT="67" WIDTH="262" VPOS="883" HPOS="691"/>
</TextLine>
<TextLine HEIGHT="50" WIDTH="1237" VPOS="967" HPOS="251" CS="1">
<String CS="1" CONTENT="(In" HEIGHT="38" WIDTH="59" VPOS="971" HPOS="251"/>
<SP HEIGHT="42" WIDTH="25" VPOS="967" HPOS="311"/>
<String CONTENT="Tit-bits," HEIGHT="50" WIDTH="221" VPOS="967" HPOS="337"/>
<SP HEIGHT="50" WIDTH="26" VPOS="967" HPOS="559"/>
<String CONTENT="Jan." HEIGHT="43" WIDTH="110" VPOS="967" HPOS="586"/>
<SP HEIGHT="41" WIDTH="28" VPOS="969" HPOS="697"/>
<String CONTENT="27," HEIGHT="48" WIDTH="70" VPOS="969" HPOS="726"/>
<SP HEIGHT="50" WIDTH="27" VPOS="967" HPOS="797"/>
<String CONTENT="Feb." HEIGHT="42" WIDTH="117" VPOS="967" HPOS="825"/>
<SP HEIGHT="41" WIDTH="26" VPOS="968" HPOS="943"/>
<String CONTENT="3," HEIGHT="48" WIDTH="40" VPOS="968" HPOS="970"/>
<SP HEIGHT="48" WIDTH="29" VPOS="968" HPOS="1011"/>
<String CONTENT="10," HEIGHT="49" WIDTH="70" VPOS="967" HPOS="1041"/>
<SP HEIGHT="49" WIDTH="29" VPOS="967" HPOS="1112"/>
<String CONTENT="17," HEIGHT="49" WIDTH="69" VPOS="967" HPOS="1142"/>
<SP HEIGHT="49" WIDTH="28" VPOS="967" HPOS="1212"/>
<String CONTENT="24," HEIGHT="47" WIDTH="71" VPOS="967" HPOS="1241"/>
<SP HEIGHT="46" WIDTH="30" VPOS="968" HPOS="1313"/>
<String CONTENT="1934)" HEIGHT="49" WIDTH="144" VPOS="967" HPOS="1344"/>
</TextLine>
<TextLine HEIGHT="51" WIDTH="1995" VPOS="1036" HPOS="156" CS="1">
<String CONTENT="&#169;" HEIGHT="51" WIDTH="49" VPOS="1036" HPOS="156"/>
<SP/>
<String CS="1" CONTENT="1c."/>
<SP/>
<String CONTENT="each" HEIGHT="38" WIDTH="117" VPOS="1041" HPOS="328"/>
<SP HEIGHT="38" WIDTH="26" VPOS="1041" HPOS="446"/>
<String CONTENT="Mar." HEIGHT="38" WIDTH="120" VPOS="1041" HPOS="473"/>
<SP HEIGHT="38" WIDTH="28" VPOS="1040" HPOS="594"/>
<String CONTENT="15," HEIGHT="46" WIDTH="67" VPOS="1040" HPOS="623"/>
<SP HEIGHT="45" WIDTH="28" VPOS="1041" HPOS="691"/>
<String CONTENT="1934;" HEIGHT="46" WIDTH="139" VPOS="1040" HPOS="720"/>
<SP HEIGHT="46" WIDTH="28" VPOS="1040" HPOS="860"/>
<!-- cceid B95DB1B9-6C64-1014-8713-889FF4349C01 --><String CONTENT="A" HEIGHT="38" WIDTH="41" VPOS="1040" HPOS="889"/>
<SP HEIGHT="38" WIDTH="26" VPOS="1040" HPOS="931"/>
<String CONTENT="ad" HEIGHT="38" WIDTH="61" VPOS="1041" HPOS="958"/>
<SP HEIGHT="39" WIDTH="26" VPOS="1040" HPOS="1020"/>
<String CONTENT="int." HEIGHT="39" WIDTH="86" VPOS="1040" HPOS="1047"/>
<SP HEIGHT="39" WIDTH="27" VPOS="1040" HPOS="1134"/>
<String CONTENT="18739;" HEIGHT="46" WIDTH="169" VPOS="1039" HPOS="1162"/>
<SP HEIGHT="37" WIDTH="30" VPOS="1050" HPOS="1332"/>
<String CONTENT="pubd." HEIGHT="46" WIDTH="142" VPOS="1041" HPOS="1363"/>
<SP HEIGHT="39" WIDTH="28" VPOS="1040" HPOS="1506"/>
<String CONTENT="Jan." HEIGHT="39" WIDTH="110" VPOS="1040" HPOS="1535"/>
<SP HEIGHT="40" WIDTH="27" VPOS="1039" HPOS="1646"/>
<String CONTENT="20," HEIGHT="48" WIDTH="68" VPOS="1038" HPOS="1674"/>
<SP HEIGHT="47" WIDTH="29" VPOS="1039" HPOS="1743"/>
<String CONTENT="26," HEIGHT="46" WIDTH="69" VPOS="1039" HPOS="1773"/>
<SP HEIGHT="46" WIDTH="30" VPOS="1039" HPOS="1843"/>
<String CONTENT="Feb." HEIGHT="39" WIDTH="107" VPOS="1039" HPOS="1874"/>
<SP HEIGHT="39" WIDTH="29" VPOS="1040" HPOS="1982"/>
<String CONTENT="3," HEIGHT="45" WIDTH="41" VPOS="1040" HPOS="2012"/>
<SP HEIGHT="45" WIDTH="28" VPOS="1040" HPOS="2054"/>
<String CONTENT="10," HEIGHT="48" WIDTH="68" VPOS="1037" HPOS="2083"/>
</TextLine>
<TextLine HEIGHT="47" WIDTH="1077" VPOS="1097" HPOS="219">
<String CONTENT="17;" HEIGHT="46" WIDTH="81" VPOS="1098" HPOS="219"/>
<SP HEIGHT="47" WIDTH="39" VPOS="1097" HPOS="301"/>
<String CONTENT="S." HEIGHT="41" WIDTH="42" VPOS="1097" HPOS="341"/>
<SP HEIGHT="39" WIDTH="35" VPOS="1098" HPOS="384"/>
<String CONTENT="Horler," HEIGHT="46" WIDTH="190" VPOS="1098" HPOS="420"/>
<SP HEIGHT="46" WIDTH="34" VPOS="1098" HPOS="611"/>
<String CONTENT="Bournemouth," HEIGHT="47" WIDTH="377" VPOS="1097" HPOS="646"/>
<SP HEIGHT="45" WIDTH="37" VPOS="1099" HPOS="1024"/>
<String CONTENT="England." HEIGHT="46" WIDTH="234" VPOS="1098" HPOS="1062"/>
</TextLine>
<TextLine HEIGHT="64" WIDTH="750" VPOS="1201" HPOS="152" STYLEREFS="StyleId-E9B02EB9-28EB-4A10-82C9-50F924CCA2BF-">
<String CONTENT="Houston," HEIGHT="64" WIDTH="288" VPOS="1201" HPOS="152"/>
<SP HEIGHT="63" WIDTH="25" VPOS="1202" HPOS="441"/>
<String CONTENT="Percy" HEIGHT="62" WIDTH="187" VPOS="1202" HPOS="467"/>
<SP HEIGHT="62" WIDTH="24" VPOS="1202" HPOS="655"/>
<String CONTENT="Hazen." HEIGHT="54" WIDTH="222" VPOS="1202" HPOS="680"/>
</TextLine>
<TextLine HEIGHT="69" WIDTH="1927" VPOS="1277" HPOS="220" STYLEREFS="StyleId-1EBBC646-B03D-4719-BDE5-D32D558574E2-">
<String CONTENT="Main" HEIGHT="52" WIDTH="163" VPOS="1277" HPOS="220"/>
<SP HEIGHT="35" WIDTH="25" VPOS="1295" HPOS="384"/>
<String CONTENT="currents" HEIGHT="49" WIDTH="255" VPOS="1284" HPOS="410"/>
<SP HEIGHT="36" WIDTH="27" VPOS="1297" HPOS="666"/>
<String CONTENT="of" HEIGHT="52" WIDTH="64" VPOS="1279" HPOS="694"/>
<SP HEIGHT="51" WIDTH="27" VPOS="1279" HPOS="759"/>
<String CONTENT="English" HEIGHT="68" WIDTH="246" VPOS="1278" HPOS="787"/>
<SP HEIGHT="51" WIDTH="27" VPOS="1279" HPOS="1034"/>
<String CONTENT="literature;" HEIGHT="69" WIDTH="322" VPOS="1277" HPOS="1062"/>
<SP HEIGHT="48" WIDTH="32" VPOS="1298" HPOS="1385"/>
<String CONTENT="a" HEIGHT="33" WIDTH="30" VPOS="1298" HPOS="1418"/>
<SP HEIGHT="52" WIDTH="27" VPOS="1279" HPOS="1449"/>
<String CONTENT="brief" HEIGHT="52" WIDTH="153" VPOS="1278" HPOS="1477"/>
<SP HEIGHT="52" WIDTH="29" VPOS="1278" HPOS="1631"/>
<String CONTENT="literary" HEIGHT="67" WIDTH="238" VPOS="1278" HPOS="1661"/>
<SP HEIGHT="65" WIDTH="28" VPOS="1280" HPOS="1900"/>
<String CONTENT="history" HEIGHT="66" WIDTH="218" VPOS="1280" HPOS="1929"/>
</TextLine>
<TextLine HEIGHT="68" WIDTH="1994" VPOS="1355" HPOS="151" STYLEREFS="StyleId-1EBBC646-B03D-4719-BDE5-D32D558574E2-" CS="1">
<String CONTENT="of" HEIGHT="51" WIDTH="63" VPOS="1355" HPOS="151"/>
<SP HEIGHT="52" WIDTH="33" VPOS="1355" HPOS="215"/>
<String CONTENT="the" HEIGHT="53" WIDTH="94" VPOS="1355" HPOS="249"/>
<SP HEIGHT="52" WIDTH="38" VPOS="1356" HPOS="344"/>
<String CONTENT="English" HEIGHT="68" WIDTH="245" VPOS="1355" HPOS="383"/>
<SP HEIGHT="66" WIDTH="35" VPOS="1357" HPOS="629"/>
<String CONTENT="people," HEIGHT="66" WIDTH="217" VPOS="1357" HPOS="665"/>
<SP HEIGHT="65" WIDTH="36" VPOS="1357" HPOS="883"/>
<String CONTENT="by" HEIGHT="66" WIDTH="73" VPOS="1357" HPOS="920"/>
<SP HEIGHT="64" WIDTH="38" VPOS="1359" HPOS="994"/>
<String CONTENT="Percy" HEIGHT="64" WIDTH="181" VPOS="1359" HPOS="1033"/>
<SP HEIGHT="65" WIDTH="34" VPOS="1358" HPOS="1215"/>
<String CONTENT="Hazen" HEIGHT="51" WIDTH="201" VPOS="1358" HPOS="1250"/>
<SP HEIGHT="51" WIDTH="35" VPOS="1358" HPOS="1452"/>
<String CONTENT="Houston" HEIGHT="52" WIDTH="267" VPOS="1358" HPOS="1488"/>
<SP HEIGHT="34" WIDTH="42" VPOS="1376" HPOS="1756"/>
<String CS="1" CONTENT="&#8230;"/>
<SP HEIGHT="51" WIDTH="78" VPOS="1358" HPOS="1855"/>
<String CONTENT="A" HEIGHT="51" WIDTH="56" VPOS="1358" HPOS="1934"/>
<SP HEIGHT="51" WIDTH="33" VPOS="1358" HPOS="1991"/>
<String CONTENT="new" HEIGHT="34" WIDTH="120" VPOS="1376" HPOS="2025"/>
</TextLine>
<TextLine HEIGHT="69" WIDTH="2001" VPOS="1433" HPOS="149" STYLEREFS="StyleId-1EBBC646-B03D-4719-BDE5-D32D558574E2-">
<String CONTENT="ed.," HEIGHT="66" WIDTH="101" VPOS="1434" HPOS="149"/>
<SP HEIGHT="48" WIDTH="30" VPOS="1452" HPOS="251"/>
<String CONTENT="completely" HEIGHT="67" WIDTH="337" VPOS="1434" HPOS="282"/>
<SP HEIGHT="49" WIDTH="30" VPOS="1452" HPOS="620"/>
<String CONTENT="rev." HEIGHT="35" WIDTH="111" VPOS="1452" HPOS="651"/>
<SP HEIGHT="32" WIDTH="37" VPOS="1455" HPOS="763"/>
<String CONTENT="with" HEIGHT="53" WIDTH="139" VPOS="1434" HPOS="801"/>
<SP HEIGHT="52" WIDTH="30" VPOS="1436" HPOS="941"/>
<String CONTENT="the" HEIGHT="53" WIDTH="96" VPOS="1436" HPOS="972"/>
<SP HEIGHT="35" WIDTH="32" VPOS="1454" HPOS="1069"/>
<String CONTENT="assistance" HEIGHT="52" WIDTH="303" VPOS="1435" HPOS="1102"/>
<SP HEIGHT="34" WIDTH="30" VPOS="1453" HPOS="1406"/>
<String CONTENT="of" HEIGHT="53" WIDTH="64" VPOS="1434" HPOS="1437"/>
<SP HEIGHT="56" WIDTH="32" VPOS="1434" HPOS="1502"/>
<String CONTENT="Charles" HEIGHT="57" WIDTH="237" VPOS="1433" HPOS="1535"/>
<SP HEIGHT="52" WIDTH="29" VPOS="1436" HPOS="1773"/>
<String CONTENT="W." HEIGHT="52" WIDTH="89" VPOS="1436" HPOS="1803"/>
<SP HEIGHT="55" WIDTH="34" VPOS="1434" HPOS="1893"/>
<String CONTENT="Cooper" HEIGHT="68" WIDTH="222" VPOS="1434" HPOS="1928"/>
</TextLine>
<TextLine HEIGHT="68" WIDTH="1201" VPOS="1511" HPOS="210" STYLEREFS="StyleId-1EBBC646-B03D-4719-BDE5-D32D558574E2-" CS="1">
<String CS="1" CONTENT="&#8230;"/>
<SP HEIGHT="53" WIDTH="79" VPOS="1511" HPOS="210"/>
<String CONTENT="New" HEIGHT="53" WIDTH="139" VPOS="1511" HPOS="290"/>
<SP HEIGHT="51" WIDTH="28" VPOS="1513" HPOS="430"/>
<String CONTENT="York," HEIGHT="66" WIDTH="178" VPOS="1513" HPOS="459"/>
<SP HEIGHT="65" WIDTH="24" VPOS="1514" HPOS="638"/>
<String CONTENT="F." HEIGHT="52" WIDTH="64" VPOS="1514" HPOS="663"/>
<SP HEIGHT="55" WIDTH="28" VPOS="1513" HPOS="728"/>
<String CONTENT="S." HEIGHT="55" WIDTH="56" VPOS="1513" HPOS="757"/>
<SP HEIGHT="54" WIDTH="29" VPOS="1514" HPOS="814"/>
<String CONTENT="Crofts" HEIGHT="55" WIDTH="197" VPOS="1513" HPOS="844"/>
<SP HEIGHT="49" WIDTH="25" VPOS="1517" HPOS="1042"/>
<String CONTENT="&amp;" HEIGHT="49" WIDTH="45" VPOS="1517" HPOS="1068"/>
<SP HEIGHT="49" WIDTH="23" VPOS="1517" HPOS="1114"/>
<String CONTENT="co.," HEIGHT="48" WIDTH="96" VPOS="1531" HPOS="1138"/>
<SP HEIGHT="60" WIDTH="26" VPOS="1519" HPOS="1235"/>
<String CONTENT="1934." HEIGHT="49" WIDTH="149" VPOS="1517" HPOS="1262"/>
</TextLine>
<TextLine HEIGHT="49" WIDTH="618" VPOS="1585" HPOS="215" CS="1">
<String CONTENT="4" HEIGHT="37" WIDTH="27" VPOS="1587" HPOS="215"/>
<SP HEIGHT="46" WIDTH="26" VPOS="1587" HPOS="243"/>
<String CONTENT="p." HEIGHT="37" WIDTH="42" VPOS="1596" HPOS="270"/>
<SP HEIGHT="38" WIDTH="27" VPOS="1587" HPOS="313"/>
<String CS="1" CONTENT="l.,"/>
<SP HEIGHT="47" WIDTH="27" VPOS="1585" HPOS="386"/>
<String CONTENT="3-526" HEIGHT="40" WIDTH="146" VPOS="1585" HPOS="414"/>
<SP HEIGHT="48" WIDTH="25" VPOS="1586" HPOS="561"/>
<String CONTENT="p." HEIGHT="37" WIDTH="42" VPOS="1597" HPOS="587"/>
<SP HEIGHT="40" WIDTH="56" VPOS="1586" HPOS="630"/>
<String CS="1" CONTENT="20&#189;c" HEIGHT="40" WIDTH="56" VPOS="1585" HPOS="687"/>
<String STYLE="superscript" CONTENT="m" HEIGHT="20" WIDTH="26" VPOS="1589" HPOS="793"/>
<String CONTENT="." HEIGHT="8" WIDTH="8" VPOS="1620" HPOS="825"/>
</TextLine>
<TextLine HEIGHT="48" WIDTH="1765" VPOS="1656" HPOS="221" CS="1">
<String CONTENT="&#8220;First" HEIGHT="40" WIDTH="161" VPOS="1656" HPOS="221"/>
<SP HEIGHT="46" WIDTH="26" VPOS="1658" HPOS="383"/>
<String CONTENT="printing," HEIGHT="48" WIDTH="230" VPOS="1656" HPOS="410"/>
<SP HEIGHT="46" WIDTH="29" VPOS="1657" HPOS="641"/>
<String CONTENT="June," HEIGHT="47" WIDTH="139" VPOS="1657" HPOS="671"/>
<SP HEIGHT="46" WIDTH="29" VPOS="1658" HPOS="811"/>
<String CONTENT="1926" HEIGHT="40" WIDTH="116" VPOS="1656" HPOS="841"/>
<SP HEIGHT="39" WIDTH="30" VPOS="1657" HPOS="958"/>
<String CS="1" CONTENT="&#8230;"/>
<SP HEIGHT="40" WIDTH="60" VPOS="1656" HPOS="1035"/>
<String CONTENT="Revised" HEIGHT="40" WIDTH="206" VPOS="1656" HPOS="1096"/>
<SP HEIGHT="40" WIDTH="29" VPOS="1658" HPOS="1303"/>
<String CONTENT="edition," HEIGHT="47" WIDTH="197" VPOS="1657" HPOS="1333"/>
<SP HEIGHT="47" WIDTH="30" VPOS="1657" HPOS="1531"/>
<String CONTENT="January," HEIGHT="47" WIDTH="235" VPOS="1657" HPOS="1562"/>
<SP HEIGHT="47" WIDTH="31" VPOS="1657" HPOS="1798"/>
<String CONTENT="1934.&#8221;" HEIGHT="40" WIDTH="156" VPOS="1656" HPOS="1830"/>
</TextLine>
<TextLine HEIGHT="49" WIDTH="1034" VPOS="1713" HPOS="221" CS="1">
<String CONTENT="&#8220;Reading" HEIGHT="48" WIDTH="247" VPOS="1713" HPOS="221"/>
<SP HEIGHT="37" WIDTH="26" VPOS="1724" HPOS="469"/>
<String CONTENT="and" HEIGHT="38" WIDTH="95" VPOS="1715" HPOS="496"/>
<SP HEIGHT="38" WIDTH="25" VPOS="1715" HPOS="592"/>
<String CONTENT="study" HEIGHT="45" WIDTH="149" VPOS="1716" HPOS="618"/>
<SP HEIGHT="45" WIDTH="26" VPOS="1716" HPOS="768"/>
<String CS="1" CONTENT="list&#8221;:" HEIGHT="40" WIDTH="110" VPOS="1714" HPOS="795"/>
<SP HEIGHT="37" WIDTH="30" VPOS="1725" HPOS="936"/>
<String CONTENT="p." HEIGHT="37" WIDTH="42" VPOS="1725" HPOS="967"/>
<SP HEIGHT="39" WIDTH="27" VPOS="1715" HPOS="1010"/>
<String CONTENT="453-477." HEIGHT="40" WIDTH="217" VPOS="1715" HPOS="1038"/>
</TextLine>
<TextLine HEIGHT="52" WIDTH="1915" VPOS="1780" HPOS="152" CS="1">
<String CONTENT="&#169;" HEIGHT="51" WIDTH="51" VPOS="1780" HPOS="152"/>
<SP HEIGHT="51" WIDTH="28" VPOS="1780" HPOS="204"/>
<String CONTENT="Feb." HEIGHT="40" WIDTH="108" VPOS="1785" HPOS="233"/>
<SP HEIGHT="39" WIDTH="29" VPOS="1785" HPOS="342"/>
<String CONTENT="5," HEIGHT="47" WIDTH="36" VPOS="1785" HPOS="372"/>
<SP HEIGHT="47" WIDTH="29" VPOS="1785" HPOS="409"/>
<String CONTENT="1934;" HEIGHT="46" WIDTH="140" VPOS="1785" HPOS="439"/>
<SP HEIGHT="46" WIDTH="30" VPOS="1785" HPOS="580"/>
<String CONTENT="2c." HEIGHT="40" WIDTH="66" VPOS="1785" HPOS="611"/>
<SP HEIGHT="29" WIDTH="28" VPOS="1796" HPOS="678"/>
<String CONTENT="and" HEIGHT="39" WIDTH="96" VPOS="1786" HPOS="707"/>
<SP HEIGHT="39" WIDTH="26" VPOS="1786" HPOS="804"/>
<String CS="1" CONTENT="aff." HEIGHT="7" WIDTH="7" VPOS="1818" HPOS="906"/>
<SP HEIGHT="39" WIDTH="28" VPOS="1786" HPOS="914"/>
<String CONTENT="Feb." HEIGHT="39" WIDTH="109" VPOS="1786" HPOS="943"/>
<SP HEIGHT="40" WIDTH="31" VPOS="1785" HPOS="1053"/>
<String CONTENT="8;" HEIGHT="47" WIDTH="51" VPOS="1785" HPOS="1085"/>
<SP HEIGHT="46" WIDTH="30" VPOS="1786" HPOS="1137"/>
<!-- cceid B95E5342-6C64-1014-8713-889FF4349C01 --><String CONTENT="A" HEIGHT="38" WIDTH="42" VPOS="1786" HPOS="1168"/>
<SP HEIGHT="39" WIDTH="24" VPOS="1786" HPOS="1211"/>
<String CONTENT="70163;" HEIGHT="47" WIDTH="171" VPOS="1785" HPOS="1236"/>
<SP HEIGHT="46" WIDTH="32" VPOS="1786" HPOS="1408"/>
<String CONTENT="F." HEIGHT="39" WIDTH="49" VPOS="1786" HPOS="1441"/>
<SP HEIGHT="40" WIDTH="33" VPOS="1786" HPOS="1491"/>
<String CONTENT="S." HEIGHT="40" WIDTH="43" VPOS="1786" HPOS="1525"/>
<SP HEIGHT="40" WIDTH="30" VPOS="1786" HPOS="1569"/>
<String CONTENT="Crofts" HEIGHT="40" WIDTH="166" VPOS="1786" HPOS="1600"/>
<SP HEIGHT="40" WIDTH="29" VPOS="1786" HPOS="1767"/>
<String CONTENT="&amp;" HEIGHT="40" WIDTH="36" VPOS="1786" HPOS="1797"/>
<SP HEIGHT="40" WIDTH="28" VPOS="1786" HPOS="1834"/>
<String CONTENT="co.," HEIGHT="36" WIDTH="81" VPOS="1796" HPOS="1863"/>
<SP HEIGHT="47" WIDTH="30" VPOS="1785" HPOS="1945"/>
<String CONTENT="inc." HEIGHT="40" WIDTH="91" VPOS="1785" HPOS="1976"/>
</TextLine>
<TextLine HEIGHT="53" WIDTH="1039" VPOS="1838" HPOS="221">
<String CONTENT="[&#169;" HEIGHT="53" WIDTH="68" VPOS="1838" HPOS="221"/>
<SP HEIGHT="51" WIDTH="29" VPOS="1838" HPOS="290"/>
<String CONTENT="revision" HEIGHT="40" WIDTH="211" VPOS="1842" HPOS="320"/>
<SP HEIGHT="27" WIDTH="28" VPOS="1854" HPOS="532"/>
<String CONTENT="and" HEIGHT="40" WIDTH="95" VPOS="1844" HPOS="561"/>
<SP HEIGHT="40" WIDTH="28" VPOS="1844" HPOS="657"/>
<String CONTENT="resetting]" HEIGHT="48" WIDTH="250" VPOS="1843" HPOS="686"/>
<SP HEIGHT="49" WIDTH="72" VPOS="1842" HPOS="937"/>
<String CONTENT="(34-2490)" HEIGHT="48" WIDTH="250" VPOS="1842" HPOS="1010"/>
</TextLine>
<TextLine HEIGHT="66" WIDTH="1360" VPOS="1945" HPOS="151" STYLEREFS="StyleId-E9B02EB9-28EB-4A10-82C9-50F924CCA2BF-" CS="1">
<String CS="1" CONTENT="Houston-Mount" HEIGHT="56" WIDTH="505" VPOS="1945" HPOS="151"/>
<SP HEIGHT="52" WIDTH="31" VPOS="1949" HPOS="657"/>
<String CONTENT="Everest" HEIGHT="51" WIDTH="251" VPOS="1949" HPOS="689"/>
<SP HEIGHT="37" WIDTH="30" VPOS="1963" HPOS="941"/>
<String CONTENT="expedition," HEIGHT="65" WIDTH="356" VPOS="1946" HPOS="972"/>
<SP HEIGHT="60" WIDTH="30" VPOS="1951" HPOS="1329"/>
<String CONTENT="1933." HEIGHT="50" WIDTH="151" VPOS="1950" HPOS="1360"/>
</TextLine>
<TextLine HEIGHT="148" WIDTH="1980" VPOS="2021" HPOS="147" STYLEREFS="StyleId-1EBBC646-B03D-4719-BDE5-D32D558574E2-" CS="1">
<String CONTENT="First" HEIGHT="53" WIDTH="157" VPOS="2022" HPOS="217"/>
<SP HEIGHT="47" WIDTH="37" VPOS="2028" HPOS="375"/>
<String CONTENT="over" HEIGHT="34" WIDTH="132" VPOS="2041" HPOS="413"/>
<SP HEIGHT="51" WIDTH="40" VPOS="2024" HPOS="546"/>
<String CONTENT="Everest!" HEIGHT="52" WIDTH="267" VPOS="2024" HPOS="587"/>
<SP HEIGHT="52" WIDTH="80" VPOS="2024" HPOS="855"/>
<String CONTENT="The" HEIGHT="53" WIDTH="122" VPOS="2024" HPOS="936"/>
<SP HEIGHT="53" WIDTH="37" VPOS="2024" HPOS="1059"/>
<String CONTENT="Houston-Mount" HEIGHT="52" WIDTH="504" VPOS="2024" HPOS="1097"/>
<SP HEIGHT="53" WIDTH="39" VPOS="2023" HPOS="1602"/>
<String CONTENT="Everest" HEIGHT="53" WIDTH="238" VPOS="2023" HPOS="1642"/>
<SP HEIGHT="47" WIDTH="40" VPOS="2029" HPOS="1881"/>
<String CONTENT="expedition," HEIGHT="147" WIDTH="1980" VPOS="2021" HPOS="147"/>
<SP HEIGHT="62" WIDTH="45" VPOS="2106" HPOS="286"/>
<String CONTENT="1933," HEIGHT="66" WIDTH="151" VPOS="2103" HPOS="332"/>
</TextLine>
<TextLine HEIGHT="70" WIDTH="1626" VPOS="2100" HPOS="526" STYLEREFS="StyleId-1EBBC646-B03D-4719-BDE5-D32D558574E2-">
<String CONTENT="by" HEIGHT="68" WIDTH="75" VPOS="2102" HPOS="526"/>
<SP HEIGHT="70" WIDTH="42" VPOS="2100" HPOS="602"/>
<String CONTENT="Air-Commodore" HEIGHT="56" WIDTH="514" VPOS="2100" HPOS="645"/>
<SP HEIGHT="53" WIDTH="45" VPOS="2102" HPOS="1160"/>
<String CONTENT="P." HEIGHT="52" WIDTH="65" VPOS="2102" HPOS="1206"/>
<SP HEIGHT="52" WIDTH="46" VPOS="2102" HPOS="1272"/>
<String CONTENT="F." HEIGHT="52" WIDTH="65" VPOS="2102" HPOS="1319"/>
<SP HEIGHT="52" WIDTH="46" VPOS="2102" HPOS="1385"/>
<String CONTENT="M." HEIGHT="52" WIDTH="79" VPOS="2102" HPOS="1432"/>
<SP HEIGHT="52" WIDTH="46" VPOS="2102" HPOS="1512"/>
<String CONTENT="Fellowes," HEIGHT="69" WIDTH="295" VPOS="2101" HPOS="1559"/>
<SP HEIGHT="50" WIDTH="43" VPOS="2120" HPOS="1855"/>
<String CONTENT="d." HEIGHT="34" WIDTH="48" VPOS="2120" HPOS="1899"/>
<SP HEIGHT="35" WIDTH="47" VPOS="2119" HPOS="1948"/>
<String CONTENT="s." HEIGHT="35" WIDTH="41" VPOS="2119" HPOS="1996"/>
<SP HEIGHT="36" WIDTH="44" VPOS="2118" HPOS="2038"/>
<String CONTENT="o.," HEIGHT="50" WIDTH="69" VPOS="2118" HPOS="2083"/>
</TextLine>
<TextLine HEIGHT="73" WIDTH="2003" VPOS="2175" HPOS="149" STYLEREFS="StyleId-1EBBC646-B03D-4719-BDE5-D32D558574E2-">
<String CONTENT="Squadron" HEIGHT="70" WIDTH="300" VPOS="2175" HPOS="149"/>
<SP HEIGHT="53" WIDTH="45" VPOS="2178" HPOS="450"/>
<String CONTENT="Leader" HEIGHT="54" WIDTH="218" VPOS="2178" HPOS="496"/>
<SP HEIGHT="47" WIDTH="45" VPOS="2185" HPOS="715"/>
<String CONTENT="the" HEIGHT="52" WIDTH="96" VPOS="2180" HPOS="761"/>
<SP HEIGHT="52" WIDTH="43" VPOS="2180" HPOS="858"/>
<String CONTENT="Marquis" HEIGHT="68" WIDTH="260" VPOS="2180" HPOS="902"/>
<SP HEIGHT="34" WIDTH="45" VPOS="2199" HPOS="1163"/>
<String CONTENT="of" HEIGHT="54" WIDTH="64" VPOS="2179" HPOS="1209"/>
<SP HEIGHT="53" WIDTH="46" VPOS="2179" HPOS="1274"/>
<String CONTENT="Douglas" HEIGHT="70" WIDTH="259" VPOS="2178" HPOS="1321"/>
<SP HEIGHT="34" WIDTH="46" VPOS="2199" HPOS="1581"/>
<String CONTENT="and" HEIGHT="51" WIDTH="114" VPOS="2181" HPOS="1628"/>
<SP HEIGHT="56" WIDTH="48" VPOS="2178" HPOS="1743"/>
<String CONTENT="Clydesdale," HEIGHT="70" WIDTH="360" VPOS="2177" HPOS="1792"/>
</TextLine>
<TextLine HEIGHT="70" WIDTH="2002" VPOS="2256" HPOS="147" STYLEREFS="StyleId-1EBBC646-B03D-4719-BDE5-D32D558574E2-" CS="1">
<String CONTENT="m." HEIGHT="35" WIDTH="65" VPOS="2273" HPOS="147"/>
<SP HEIGHT="33" WIDTH="47" VPOS="2275" HPOS="213"/>
<String CONTENT="p.," HEIGHT="48" WIDTH="68" VPOS="2275" HPOS="261"/>
<SP HEIGHT="66" WIDTH="44" VPOS="2257" HPOS="330"/>
<String CONTENT="L." HEIGHT="53" WIDTH="65" VPOS="2257" HPOS="375"/>
<SP HEIGHT="53" WIDTH="45" VPOS="2258" HPOS="441"/>
<String CONTENT="Y." HEIGHT="53" WIDTH="71" VPOS="2258" HPOS="487"/>
<SP HEIGHT="54" WIDTH="49" VPOS="2257" HPOS="559"/>
<String CONTENT="Stewart" HEIGHT="54" WIDTH="245" VPOS="2257" HPOS="609"/>
<SP HEIGHT="51" WIDTH="45" VPOS="2259" HPOS="855"/>
<String CONTENT="Blacker," HEIGHT="68" WIDTH="262" VPOS="2258" HPOS="901"/>
<SP HEIGHT="51" WIDTH="46" VPOS="2275" HPOS="1164"/>
<String CS="1" CONTENT="O." HEIGHT="9" WIDTH="9" VPOS="2300" HPOS="1248"/>
<SP HEIGHT="33" WIDTH="46" VPOS="2277" HPOS="1258"/>
<String CS="1" CONTENT="B." HEIGHT="9" WIDTH="9" VPOS="2302" HPOS="1343"/>
<SP HEIGHT="34" WIDTH="46" VPOS="2277" HPOS="1353"/>
<String CS="1" CONTENT="E.," HEIGHT="27" WIDTH="28" VPOS="2299" HPOS="1441"/>
<SP HEIGHT="49" WIDTH="48" VPOS="2277" HPOS="1470"/>
<String CONTENT="and" HEIGHT="53" WIDTH="113" VPOS="2258" HPOS="1519"/>
<SP HEIGHT="56" WIDTH="49" VPOS="2256" HPOS="1633"/>
<String CONTENT="Colonel" HEIGHT="56" WIDTH="236" VPOS="2256" HPOS="1683"/>
<SP HEIGHT="53" WIDTH="46" VPOS="2257" HPOS="1920"/>
<String CONTENT="P." HEIGHT="52" WIDTH="66" VPOS="2258" HPOS="1967"/>
<SP HEIGHT="53" WIDTH="48" VPOS="2257" HPOS="2034"/>
<String CONTENT="T." HEIGHT="52" WIDTH="66" VPOS="2257" HPOS="2083"/>
</TextLine>
<TextLine HEIGHT="71" WIDTH="2002" VPOS="2333" HPOS="148" STYLEREFS="StyleId-1EBBC646-B03D-4719-BDE5-D32D558574E2-" CS="1">
<String CONTENT="Ether" HEIGHT="53" WIDTH="178" VPOS="2333" HPOS="148"/>
<SP HEIGHT="47" WIDTH="3" VPOS="2340" HPOS="327"/>
<String CONTENT="ton;" HEIGHT="63" WIDTH="127" VPOS="2340" HPOS="331"/>
<SP HEIGHT="68" WIDTH="50" VPOS="2335" HPOS="459"/>
<String CONTENT="foreword" HEIGHT="53" WIDTH="286" VPOS="2335" HPOS="510"/>
<SP HEIGHT="52" WIDTH="46" VPOS="2336" HPOS="797"/>
<String CONTENT="by" HEIGHT="68" WIDTH="75" VPOS="2336" HPOS="844"/>
<SP HEIGHT="68" WIDTH="47" VPOS="2336" HPOS="920"/>
<String CONTENT="John" HEIGHT="54" WIDTH="157" VPOS="2336" HPOS="968"/>
<SP HEIGHT="51" WIDTH="48" VPOS="2337" HPOS="1126"/>
<String CONTENT="Buchan" HEIGHT="52" WIDTH="239" VPOS="2336" HPOS="1175"/>
<SP HEIGHT="35" WIDTH="52" VPOS="2354" HPOS="1415"/>
<String CS="1" CONTENT="&#8230;"/>
<SP HEIGHT="35" WIDTH="52" VPOS="2354" HPOS="1525"/>
<String CONTENT="with" HEIGHT="53" WIDTH="141" VPOS="2336" HPOS="1578"/>
<SP HEIGHT="54" WIDTH="47" VPOS="2335" HPOS="1720"/>
<String CONTENT="illustrations" HEIGHT="54" WIDTH="382" VPOS="2334" HPOS="1768"/>
</TextLine>
<TextLine HEIGHT="72" WIDTH="1930" VPOS="2410" HPOS="148" STYLEREFS="StyleId-1EBBC646-B03D-4719-BDE5-D32D558574E2-">
<String CONTENT="from" HEIGHT="55" WIDTH="151" VPOS="2410" HPOS="148"/>
<SP HEIGHT="49" WIDTH="32" VPOS="2432" HPOS="300"/>
<String CONTENT="photographs." HEIGHT="68" WIDTH="412" VPOS="2413" HPOS="333"/>
<SP HEIGHT="53" WIDTH="74" VPOS="2414" HPOS="746"/>
<String CONTENT="New" HEIGHT="53" WIDTH="139" VPOS="2414" HPOS="821"/>
<SP HEIGHT="52" WIDTH="34" VPOS="2415" HPOS="961"/>
<String CONTENT="York," HEIGHT="67" WIDTH="179" VPOS="2414" HPOS="996"/>
<SP HEIGHT="67" WIDTH="36" VPOS="2414" HPOS="1176"/>
<String CONTENT="National" HEIGHT="53" WIDTH="275" VPOS="2414" HPOS="1213"/>
<SP HEIGHT="52" WIDTH="32" VPOS="2415" HPOS="1489"/>
<String CONTENT="travel" HEIGHT="53" WIDTH="184" VPOS="2414" HPOS="1522"/>
<SP HEIGHT="53" WIDTH="35" VPOS="2414" HPOS="1707"/>
<String CONTENT="club," HEIGHT="69" WIDTH="146" VPOS="2413" HPOS="1743"/>
<SP HEIGHT="65" WIDTH="38" VPOS="2417" HPOS="1890"/>
<String CONTENT="1934." HEIGHT="50" WIDTH="149" VPOS="2415" HPOS="1929"/>
</TextLine>
<TextLine HEIGHT="50" WIDTH="1820" VPOS="2485" HPOS="217" CS="1">
<String CONTENT="3" HEIGHT="39" WIDTH="25" VPOS="2487" HPOS="217"/>
<SP/>
<String CONTENT="p." HEIGHT="36" WIDTH="42" VPOS="2497" HPOS="272"/>
<SP HEIGHT="40" WIDTH="29" VPOS="2487" HPOS="315"/>
<String CS="1" CONTENT="l.,"/>
<SP HEIGHT="47" WIDTH="28" VPOS="2486" HPOS="389"/>
<String CONTENT="9-264" HEIGHT="40" WIDTH="145" VPOS="2486" HPOS="418"/>
<SP HEIGHT="47" WIDTH="26" VPOS="2486" HPOS="564"/>
<String CONTENT="p." HEIGHT="38" WIDTH="43" VPOS="2495" HPOS="591"/>
<SP HEIGHT="40" WIDTH="56" VPOS="2486" HPOS="635"/>
<String CONTENT="front.," HEIGHT="49" WIDTH="163" VPOS="2486" HPOS="692"/>
<SP HEIGHT="38" WIDTH="28" VPOS="2497" HPOS="856"/>
<String CONTENT="plates," HEIGHT="47" WIDTH="171" VPOS="2488" HPOS="885"/>
<SP HEIGHT="38" WIDTH="28" VPOS="2497" HPOS="1057"/>
<String CONTENT="ports.," HEIGHT="46" WIDTH="164" VPOS="2489" HPOS="1086"/>
<SP HEIGHT="38" WIDTH="29" VPOS="2497" HPOS="1251"/>
<String CONTENT="maps" HEIGHT="37" WIDTH="137" VPOS="2497" HPOS="1281"/>
<SP HEIGHT="48" WIDTH="37" VPOS="2487" HPOS="1419"/>
<String CONTENT="(part" HEIGHT="48" WIDTH="136" VPOS="2487" HPOS="1457"/>
<SP HEIGHT="39" WIDTH="29" VPOS="2488" HPOS="1594"/>
<String CONTENT="double)" HEIGHT="49" WIDTH="198" VPOS="2486" HPOS="1624"/>
<SP HEIGHT="50" WIDTH="66" VPOS="2485" HPOS="1823"/>
<String CS="1" CONTENT="24&#189;c" HEIGHT="40" WIDTH="57" VPOS="2485" HPOS="1890"/>
<String STYLE="superscript" CONTENT="m" HEIGHT="22" WIDTH="28" VPOS="2488" HPOS="1996"/>
<String CONTENT="." HEIGHT="9" WIDTH="9" VPOS="2518" HPOS="2028"/>
</TextLine>
<TextLine HEIGHT="49" WIDTH="678" VPOS="2542" HPOS="218">
<String CONTENT="Illustrated" HEIGHT="40" WIDTH="286" VPOS="2543" HPOS="218"/>
<SP HEIGHT="39" WIDTH="30" VPOS="2543" HPOS="505"/>
<String CONTENT="lining-papers." HEIGHT="49" WIDTH="360" VPOS="2542" HPOS="536"/>
</TextLine>
<TextLine HEIGHT="43" WIDTH="420" VPOS="2597" HPOS="219">
<String CONTENT="&#8220;First" HEIGHT="43" WIDTH="161" VPOS="2597" HPOS="219"/>
<SP HEIGHT="40" WIDTH="30" VPOS="2600" HPOS="381"/>
<String CONTENT="edition.&#8221;" HEIGHT="41" WIDTH="227" VPOS="2598" HPOS="412"/>
</TextLine>
<TextLine HEIGHT="54" WIDTH="1997" VPOS="2666" HPOS="150" CS="1">
<String CONTENT="&#169;" HEIGHT="52" WIDTH="50" VPOS="2666" HPOS="150"/>
<SP HEIGHT="52" WIDTH="33" VPOS="2666" HPOS="201"/>
<String CONTENT="Jan." HEIGHT="39" WIDTH="108" VPOS="2672" HPOS="235"/>
<SP HEIGHT="38" WIDTH="32" VPOS="2673" HPOS="344"/>
<String CONTENT="19," HEIGHT="47" WIDTH="67" VPOS="2671" HPOS="377"/>
<SP HEIGHT="46" WIDTH="32" VPOS="2672" HPOS="445"/>
<String CS="1" CONTENT="1934;" HEIGHT="40" WIDTH="114" VPOS="2671" HPOS="478"/>
<SP HEIGHT="46" WIDTH="32" VPOS="2672" HPOS="619"/>
<String CONTENT="2c." HEIGHT="40" WIDTH="66" VPOS="2672" HPOS="652"/>
<SP HEIGHT="28" WIDTH="33" VPOS="2683" HPOS="719"/>
<String CONTENT="and" HEIGHT="38" WIDTH="96" VPOS="2674" HPOS="753"/>
<SP HEIGHT="38" WIDTH="31" VPOS="2674" HPOS="850"/>
<String CS="1" CONTENT="aff."/>
<SP HEIGHT="39" WIDTH="32" VPOS="2673" HPOS="964"/>
<String CONTENT="Jan." HEIGHT="39" WIDTH="108" VPOS="2673" HPOS="997"/>
<SP HEIGHT="39" WIDTH="33" VPOS="2673" HPOS="1106"/>
<String CONTENT="31;" HEIGHT="46" WIDTH="81" VPOS="2673" HPOS="1140"/>
<SP HEIGHT="46" WIDTH="33" VPOS="2673" HPOS="1222"/>
<!-- cceid B95EF2F2-6C64-1014-8713-889FF4349C01 --><String CONTENT="A" HEIGHT="38" WIDTH="43" VPOS="2673" HPOS="1256"/>
<SP HEIGHT="39" WIDTH="29" VPOS="2673" HPOS="1300"/>
<String CONTENT="70077;" HEIGHT="48" WIDTH="170" VPOS="2672" HPOS="1330"/>
<SP HEIGHT="47" WIDTH="36" VPOS="2673" HPOS="1501"/>
<String CONTENT="Robert" HEIGHT="40" WIDTH="181" VPOS="2673" HPOS="1538"/>
<SP HEIGHT="38" WIDTH="33" VPOS="2674" HPOS="1720"/>
<String CONTENT="M." HEIGHT="39" WIDTH="61" VPOS="2674" HPOS="1754"/>
<SP HEIGHT="40" WIDTH="34" VPOS="2673" HPOS="1816"/>
<String CONTENT="McBride" HEIGHT="40" WIDTH="228" VPOS="2672" HPOS="1851"/>
<SP HEIGHT="39" WIDTH="31" VPOS="2672" HPOS="2080"/>
<String CONTENT="&amp;" HEIGHT="39" WIDTH="35" VPOS="2672" HPOS="2112"/>
</TextLine>
<TextLine HEIGHT="49" WIDTH="387" VPOS="2729" HPOS="217">
<String CONTENT="co." HEIGHT="29" WIDTH="65" VPOS="2739" HPOS="217"/>
<SP HEIGHT="48" WIDTH="70" VPOS="2729" HPOS="283"/>
<String CONTENT="(34-2505)" HEIGHT="49" WIDTH="250" VPOS="2729" HPOS="354"/>
</TextLine>
<TextLine HEIGHT="66" WIDTH="1273" VPOS="2832" HPOS="149" STYLEREFS="StyleId-1EBBC646-B03D-4719-BDE5-D32D558574E2-">
<String CONTENT="Howell," HEIGHT="64" WIDTH="236" VPOS="2832" HPOS="149"/>
<SP HEIGHT="62" WIDTH="31" VPOS="2834" HPOS="386"/>
<String CONTENT="William" HEIGHT="55" WIDTH="256" VPOS="2832" HPOS="418"/>
<SP HEIGHT="51" WIDTH="29" VPOS="2834" HPOS="675"/>
<String CONTENT="Thompson," HEIGHT="66" WIDTH="356" VPOS="2832" HPOS="705"/>
<SP HEIGHT="61" WIDTH="35" VPOS="2837" HPOS="1062"/>
<String CONTENT="1873-1916." HEIGHT="53" WIDTH="324" VPOS="2832" HPOS="1098"/>
</TextLine>
<TextLine HEIGHT="147" WIDTH="1990" VPOS="2910" HPOS="149" STYLEREFS="StyleId-1EBBC646-B03D-4719-BDE5-D32D558574E2-" CS="1">
<String CONTENT="The" HEIGHT="52" WIDTH="120" VPOS="2911" HPOS="217"/>
<SP HEIGHT="50" WIDTH="34" VPOS="2913" HPOS="338"/>
<String CONTENT="Hudson" HEIGHT="52" WIDTH="245" VPOS="2911" HPOS="373"/>
<SP HEIGHT="51" WIDTH="32" VPOS="2911" HPOS="619"/>
<String CONTENT="highlands;" HEIGHT="67" WIDTH="339" VPOS="2911" HPOS="652"/>
<SP HEIGHT="63" WIDTH="35" VPOS="2914" HPOS="992"/>
<String CONTENT="William" HEIGHT="54" WIDTH="261" VPOS="2912" HPOS="1028"/>
<SP HEIGHT="50" WIDTH="33" VPOS="2914" HPOS="1290"/>
<String CONTENT="Thompson" HEIGHT="67" WIDTH="331" VPOS="2912" HPOS="1324"/>
<SP HEIGHT="51" WIDTH="35" VPOS="2913" HPOS="1656"/>
<String CONTENT="Howell." HEIGHT="53" WIDTH="242" VPOS="2911" HPOS="1692"/>
<SP HEIGHT="53" WIDTH="74" VPOS="2911" HPOS="1935"/>
<String CONTENT="Volume" HEIGHT="130" WIDTH="1972" VPOS="2910" HPOS="149"/>
<SP HEIGHT="34" WIDTH="25" VPOS="3006" HPOS="275"/>
<String CS="1" CONTENT="II"/>
<SP HEIGHT="33" WIDTH="30" VPOS="3006" HPOS="348"/>
<String CS="1" CONTENT="&#8230;"/>
<SP HEIGHT="33" WIDTH="85" VPOS="3022" HPOS="434"/>
<String CONTENT="[New" HEIGHT="66" WIDTH="155" VPOS="2989" HPOS="520"/>
<SP HEIGHT="51" WIDTH="26" VPOS="2991" HPOS="676"/>
<String CONTENT="York," HEIGHT="68" WIDTH="179" VPOS="2989" HPOS="703"/>
<SP HEIGHT="64" WIDTH="27" VPOS="2993" HPOS="883"/>
<String CONTENT="Printed" HEIGHT="54" WIDTH="242" VPOS="2989" HPOS="911"/>
<SP HEIGHT="51" WIDTH="25" VPOS="2990" HPOS="1154"/>
<String CONTENT="by" HEIGHT="64" WIDTH="73" VPOS="2991" HPOS="1180"/>
<SP HEIGHT="63" WIDTH="24" VPOS="2992" HPOS="1254"/>
<String CONTENT="Lenz" HEIGHT="50" WIDTH="151" VPOS="2992" HPOS="1279"/>
<SP HEIGHT="49" WIDTH="26" VPOS="2994" HPOS="1431"/>
<String CONTENT="&amp;" HEIGHT="49" WIDTH="45" VPOS="2994" HPOS="1458"/>
<SP HEIGHT="51" WIDTH="25" VPOS="2992" HPOS="1504"/>
<String CONTENT="Riecker," HEIGHT="67" WIDTH="256" VPOS="2989" HPOS="1530"/>
<SP HEIGHT="68" WIDTH="24" VPOS="2988" HPOS="1787"/>
<String CONTENT="inc.," HEIGHT="66" WIDTH="126" VPOS="2988" HPOS="1812"/>
<SP HEIGHT="59" WIDTH="27" VPOS="2995" HPOS="1939"/>
<String STYLE="superscript" CONTENT="c" HEIGHT="20" WIDTH="16" VPOS="2995" HPOS="1967"/>
<String CONTENT="1934]" HEIGHT="63" WIDTH="149" VPOS="2990" HPOS="1990"/>
</TextLine>
<TextLine HEIGHT="49" WIDTH="1557" VPOS="3062" HPOS="217" STYLEREFS="StyleId-1EBBC646-B03D-4719-BDE5-D32D558574E2-" CS="1">
<String CONTENT="viii," HEIGHT="46" WIDTH="98" VPOS="3063" HPOS="217"/>
<SP HEIGHT="46" WIDTH="27" VPOS="3063" HPOS="316"/>
<String CONTENT="167" HEIGHT="40" WIDTH="83" VPOS="3062" HPOS="344"/>
<SP HEIGHT="45" WIDTH="25" VPOS="3064" HPOS="428"/>
<String CONTENT="p." HEIGHT="35" WIDTH="39" VPOS="3074" HPOS="454"/>
<SP HEIGHT="37" WIDTH="56" VPOS="3063" HPOS="494"/>
<String CONTENT="front.," HEIGHT="47" WIDTH="163" VPOS="3063" HPOS="551"/>
<SP HEIGHT="46" WIDTH="28" VPOS="3064" HPOS="715"/>
<String CONTENT="1" HEIGHT="37" WIDTH="23" VPOS="3064" HPOS="744"/>
<SP HEIGHT="37" WIDTH="27" VPOS="3064" HPOS="768"/>
<String CONTENT="mounted" HEIGHT="37" WIDTH="229" VPOS="3065" HPOS="796"/>
<SP HEIGHT="39" WIDTH="26" VPOS="3063" HPOS="1026"/>
<String CONTENT="illus.," HEIGHT="46" WIDTH="140" VPOS="3063" HPOS="1053"/>
<SP HEIGHT="36" WIDTH="28" VPOS="3074" HPOS="1194"/>
<String CONTENT="plates," HEIGHT="46" WIDTH="170" VPOS="3064" HPOS="1223"/>
<SP HEIGHT="37" WIDTH="28" VPOS="3074" HPOS="1394"/>
<String CONTENT="ports." HEIGHT="46" WIDTH="149" VPOS="3065" HPOS="1423"/>
<SP HEIGHT="40" WIDTH="56" VPOS="3062" HPOS="1573"/>
<String CS="1" CONTENT="23&#189;" HEIGHT="40" WIDTH="53" VPOS="3062" HPOS="1630"/>
<String STYLE="superscript" CONTENT="cm" HEIGHT="20" WIDTH="44" VPOS="3064" HPOS="1718"/>
<String CONTENT="." HEIGHT="8" WIDTH="7" VPOS="3093" HPOS="1767"/>
</TextLine>
<TextLine HEIGHT="49" WIDTH="1929" VPOS="3118" HPOS="218">
<String CONTENT="Lettered" HEIGHT="39" WIDTH="225" VPOS="3120" HPOS="218"/>
<SP HEIGHT="38" WIDTH="23" VPOS="3121" HPOS="444"/>
<String CONTENT="on" HEIGHT="28" WIDTH="59" VPOS="3131" HPOS="468"/>
<SP HEIGHT="28" WIDTH="23" VPOS="3131" HPOS="528"/>
<String CONTENT="cover.:" HEIGHT="36" WIDTH="165" VPOS="3129" HPOS="552"/>
<SP HEIGHT="37" WIDTH="25" VPOS="3121" HPOS="718"/>
<String CONTENT="The" HEIGHT="38" WIDTH="99" VPOS="3121" HPOS="744"/>
<SP HEIGHT="38" WIDTH="24" VPOS="3121" HPOS="844"/>
<String CONTENT="Hudson" HEIGHT="38" WIDTH="205" VPOS="3121" HPOS="869"/>
<SP HEIGHT="38" WIDTH="23" VPOS="3121" HPOS="1075"/>
<String CONTENT="highlands;" HEIGHT="47" WIDTH="286" VPOS="3120" HPOS="1099"/>
<SP HEIGHT="45" WIDTH="26" VPOS="3121" HPOS="1386"/>
<String CONTENT="William" HEIGHT="40" WIDTH="218" VPOS="3120" HPOS="1413"/>
<SP HEIGHT="38" WIDTH="23" VPOS="3120" HPOS="1632"/>
<String CONTENT="Thompson" HEIGHT="46" WIDTH="275" VPOS="3120" HPOS="1656"/>
<SP HEIGHT="39" WIDTH="25" VPOS="3118" HPOS="1932"/>
<String CONTENT="Howell" HEIGHT="39" WIDTH="189" VPOS="3118" HPOS="1958"/>
</TextLine>
<TextLine HEIGHT="40" WIDTH="427" VPOS="3177" HPOS="147">
<String CONTENT="memorial," HEIGHT="40" WIDTH="264" VPOS="3177" HPOS="147"/>
<SP HEIGHT="31" WIDTH="54" VPOS="3186" HPOS="412"/>
<String CONTENT="v." HEIGHT="31" WIDTH="40" VPOS="3186" HPOS="467"/>
<SP HEIGHT="39" WIDTH="27" VPOS="3178" HPOS="508"/>
<String CONTENT="2." HEIGHT="38" WIDTH="38" VPOS="3178" HPOS="536"/>
</TextLine>
<TextLine HEIGHT="51" WIDTH="1994" VPOS="3243" HPOS="151" CS="1">
<String CONTENT="&#169;" HEIGHT="51" WIDTH="50" VPOS="3243" HPOS="151"/>
<SP HEIGHT="51" WIDTH="25" VPOS="3243" HPOS="202"/>
<String CONTENT="Jan." HEIGHT="39" WIDTH="108" VPOS="3248" HPOS="228"/>
<SP HEIGHT="39" WIDTH="25" VPOS="3248" HPOS="337"/>
<String CONTENT="26," HEIGHT="47" WIDTH="66" VPOS="3247" HPOS="363"/>
<SP HEIGHT="46" WIDTH="27" VPOS="3248" HPOS="430"/>
<String CONTENT="1934;" HEIGHT="47" WIDTH="139" VPOS="3246" HPOS="458"/>
<SP HEIGHT="45" WIDTH="28" VPOS="3248" HPOS="598"/>
<String CONTENT="2c." HEIGHT="39" WIDTH="65" VPOS="3248" HPOS="627"/>
<SP HEIGHT="29" WIDTH="26" VPOS="3258" HPOS="693"/>
<String CONTENT="and" HEIGHT="37" WIDTH="94" VPOS="3249" HPOS="720"/>
<SP HEIGHT="37" WIDTH="25" VPOS="3249" HPOS="815"/>
<String CS="1" CONTENT="aff."/>
<SP HEIGHT="39" WIDTH="27" VPOS="3247" HPOS="922"/>
<String CONTENT="Jan." HEIGHT="40" WIDTH="109" VPOS="3247" HPOS="950"/>
<SP HEIGHT="39" WIDTH="24" VPOS="3248" HPOS="1060"/>
<String CONTENT="29;" HEIGHT="47" WIDTH="81" VPOS="3247" HPOS="1085"/>
<SP HEIGHT="47" WIDTH="26" VPOS="3247" HPOS="1167"/>
<!-- cceid B95F94BD-6C64-1014-8713-889FF4349C01 --><String CONTENT="A" HEIGHT="38" WIDTH="41" VPOS="3247" HPOS="1194"/>
<SP HEIGHT="39" WIDTH="25" VPOS="3247" HPOS="1236"/>
<String CONTENT="69232;" HEIGHT="48" WIDTH="169" VPOS="3246" HPOS="1262"/>
<SP HEIGHT="47" WIDTH="30" VPOS="3247" HPOS="1432"/>
<String CONTENT="F'rederic" HEIGHT="40" WIDTH="227" VPOS="3246" HPOS="1463"/>
<SP HEIGHT="39" WIDTH="25" VPOS="3247" HPOS="1691"/>
<String CONTENT="Delano" HEIGHT="38" WIDTH="185" VPOS="3247" HPOS="1717"/>
<SP HEIGHT="40" WIDTH="26" VPOS="3245" HPOS="1903"/>
<String CONTENT="Weekes," HEIGHT="46" WIDTH="215" VPOS="3243" HPOS="1930"/>
</TextLine>
<TextLine HEIGHT="40" WIDTH="287" VPOS="3304" HPOS="216">
<String CONTENT="New" HEIGHT="40" WIDTH="117" VPOS="3304" HPOS="216"/>
<SP HEIGHT="39" WIDTH="25" VPOS="3305" HPOS="334"/>
<String CONTENT="York." HEIGHT="39" WIDTH="143" VPOS="3305" HPOS="360"/>
</TextLine>
<TextLine HEIGHT="65" WIDTH="1273" VPOS="3405" HPOS="152" STYLEREFS="StyleId-E9B02EB9-28EB-4A10-82C9-50F924CCA2BF-">
<String CONTENT="Hulbert," HEIGHT="65" WIDTH="265" VPOS="3405" HPOS="152"/>
<SP HEIGHT="62" WIDTH="27" VPOS="3408" HPOS="418"/>
<String CONTENT="Archer" HEIGHT="53" WIDTH="228" VPOS="3407" HPOS="446"/>
<SP HEIGHT="51" WIDTH="25" VPOS="3410" HPOS="675"/>
<String CONTENT="Butler," HEIGHT="60" WIDTH="225" VPOS="3410" HPOS="701"/>
<SP HEIGHT="58" WIDTH="29" VPOS="3412" HPOS="927"/>
<String CONTENT="1873-" HEIGHT="53" WIDTH="171" VPOS="3408" HPOS="957"/>
<SP HEIGHT="34" WIDTH="211" VPOS="3427" HPOS="1129"/>
<String CONTENT="ed." HEIGHT="53" WIDTH="84" VPOS="3408" HPOS="1341"/>
</TextLine>
<TextLine HEIGHT="76" WIDTH="1870" VPOS="3477" HPOS="277" STYLEREFS="StyleId-1EBBC646-B03D-4719-BDE5-D32D558574E2-" CS="1">
<String CS="1" CONTENT="&#8230;"/>
<SP HEIGHT="54" WIDTH="49" VPOS="3483" HPOS="277"/>
<String CONTENT="Where" HEIGHT="54" WIDTH="208" VPOS="3483" HPOS="327"/>
<SP HEIGHT="34" WIDTH="46" VPOS="3502" HPOS="536"/>
<String CONTENT="rolls" HEIGHT="53" WIDTH="137" VPOS="3484" HPOS="583"/>
<SP HEIGHT="47" WIDTH="46" VPOS="3490" HPOS="721"/>
<String CONTENT="the" HEIGHT="52" WIDTH="94" VPOS="3485" HPOS="768"/>
<SP HEIGHT="55" WIDTH="49" VPOS="3484" HPOS="863"/>
<String CONTENT="Oregon;" HEIGHT="69" WIDTH="259" VPOS="3484" HPOS="913"/>
<SP HEIGHT="49" WIDTH="48" VPOS="3503" HPOS="1173"/>
<String CONTENT="prophet" HEIGHT="69" WIDTH="248" VPOS="3484" HPOS="1222"/>
<SP HEIGHT="48" WIDTH="45" VPOS="3489" HPOS="1471"/>
<String CONTENT="and" HEIGHT="51" WIDTH="113" VPOS="3485" HPOS="1517"/>
<SP HEIGHT="65" WIDTH="48" VPOS="3485" HPOS="1631"/>
<String CONTENT="pessimist" HEIGHT="70" WIDTH="287" VPOS="3480" HPOS="1680"/>
<SP HEIGHT="55" WIDTH="46" VPOS="3479" HPOS="1968"/>
<String CONTENT="look" HEIGHT="56" WIDTH="132" VPOS="3477" HPOS="2015"/>
</TextLine>
<TextLine HEIGHT="75" WIDTH="1998" VPOS="3556" HPOS="148" STYLEREFS="StyleId-1EBBC646-B03D-4719-BDE5-D32D558574E2-" CS="1">
<String CONTENT="Northwest;" HEIGHT="70" WIDTH="352" VPOS="3558" HPOS="148"/>
<SP HEIGHT="49" WIDTH="34" VPOS="3579" HPOS="501"/>
<String CONTENT="edited," HEIGHT="68" WIDTH="206" VPOS="3561" HPOS="536"/>
<SP HEIGHT="48" WIDTH="30" VPOS="3581" HPOS="743"/>
<String CONTENT="with" HEIGHT="52" WIDTH="140" VPOS="3562" HPOS="774"/>
<SP HEIGHT="53" WIDTH="30" VPOS="3562" HPOS="915"/>
<String CONTENT="bibliographical" HEIGHT="70" WIDTH="482" VPOS="3561" HPOS="946"/>
<SP HEIGHT="53" WIDTH="29" VPOS="3561" HPOS="1429"/>
<String CS="1" CONTENT="r&#233;sum&#233;" HEIGHT="36" WIDTH="187" VPOS="3578" HPOS="1459"/>
<SP HEIGHT="50" WIDTH="31" VPOS="3563" HPOS="1679"/>
<String CONTENT="1825-1830," HEIGHT="67" WIDTH="329" VPOS="3559" HPOS="1711"/>
<SP HEIGHT="70" WIDTH="26" VPOS="3556" HPOS="2041"/>
<String CONTENT="by" HEIGHT="70" WIDTH="78" VPOS="3556" HPOS="2068"/>
</TextLine>
<TextLine HEIGHT="71" WIDTH="1732" VPOS="3636" HPOS="151" STYLEREFS="StyleId-1EBBC646-B03D-4719-BDE5-D32D558574E2-" CS="1">
<String CONTENT="Archer" HEIGHT="54" WIDTH="214" VPOS="3636" HPOS="151"/>
<SP HEIGHT="51" WIDTH="35" VPOS="3639" HPOS="366"/>
<String CONTENT="Butler" HEIGHT="51" WIDTH="201" VPOS="3639" HPOS="402"/>
<SP HEIGHT="52" WIDTH="34" VPOS="3639" HPOS="604"/>
<String CONTENT="Hulbert;" HEIGHT="68" WIDTH="278" VPOS="3639" HPOS="639"/>
<SP HEIGHT="48" WIDTH="39" VPOS="3659" HPOS="918"/>
<String CONTENT="with" HEIGHT="53" WIDTH="139" VPOS="3639" HPOS="958"/>
<SP HEIGHT="53" WIDTH="36" VPOS="3639" HPOS="1098"/>
<String CONTENT="maps" HEIGHT="49" WIDTH="162" VPOS="3658" HPOS="1135"/>
<SP HEIGHT="33" WIDTH="36" VPOS="3659" HPOS="1298"/>
<String CONTENT="and" HEIGHT="53" WIDTH="113" VPOS="3639" HPOS="1335"/>
<SP HEIGHT="53" WIDTH="36" VPOS="3639" HPOS="1449"/>
<String CONTENT="illustrations." HEIGHT="55" WIDTH="397" VPOS="3636" HPOS="1486"/>
</TextLine>
<TextLine HEIGHT="151" WIDTH="1996" VPOS="3633" HPOS="150" STYLEREFS="StyleId-1EBBC646-B03D-4719-BDE5-D32D558574E2-" CS="1">
<String CONTENT="[Colorado" HEIGHT="134" WIDTH="1971" VPOS="3633" HPOS="150"/>
<SP HEIGHT="55" WIDTH="43" VPOS="3715" HPOS="286"/>
<String CONTENT="Springs]" HEIGHT="69" WIDTH="263" VPOS="3715" HPOS="330"/>
<SP HEIGHT="65" WIDTH="46" VPOS="3717" HPOS="594"/>
<String CONTENT="The" HEIGHT="52" WIDTH="121" VPOS="3717" HPOS="641"/>
<SP HEIGHT="55" WIDTH="44" VPOS="3716" HPOS="763"/>
<String CONTENT="Stewart" HEIGHT="55" WIDTH="245" VPOS="3716" HPOS="808"/>
<SP HEIGHT="47" WIDTH="41" VPOS="3723" HPOS="1054"/>
<String CONTENT="commission" HEIGHT="54" WIDTH="359" VPOS="3716" HPOS="1096"/>
<SP HEIGHT="35" WIDTH="42" VPOS="3734" HPOS="1456"/>
<String CONTENT="of" HEIGHT="53" WIDTH="64" VPOS="3715" HPOS="1499"/>
<SP HEIGHT="55" WIDTH="42" VPOS="3714" HPOS="1564"/>
<String CONTENT="Colorado" HEIGHT="55" WIDTH="284" VPOS="3714" HPOS="1607"/>
<SP HEIGHT="36" WIDTH="41" VPOS="3732" HPOS="1892"/>
<String CONTENT="college" HEIGHT="70" WIDTH="212" VPOS="3712" HPOS="1934"/>
</TextLine>
<TextLine HEIGHT="69" WIDTH="1563" VPOS="3793" HPOS="148" STYLEREFS="StyleId-1EBBC646-B03D-4719-BDE5-D32D558574E2-" CS="1">
<String CONTENT="and" HEIGHT="51" WIDTH="112" VPOS="3794" HPOS="148"/>
<SP HEIGHT="66" WIDTH="42" VPOS="3794" HPOS="261"/>
<String CONTENT="[Denver]" HEIGHT="68" WIDTH="262" VPOS="3793" HPOS="304"/>
<SP HEIGHT="66" WIDTH="44" VPOS="3795" HPOS="567"/>
<String CONTENT="The" HEIGHT="53" WIDTH="121" VPOS="3794" HPOS="612"/>
<SP HEIGHT="52" WIDTH="36" VPOS="3795" HPOS="734"/>
<String CONTENT="Denver" HEIGHT="52" WIDTH="229" VPOS="3795" HPOS="771"/>
<SP HEIGHT="49" WIDTH="37" VPOS="3813" HPOS="1001"/>
<String CONTENT="public" HEIGHT="68" WIDTH="193" VPOS="3794" HPOS="1039"/>
<SP HEIGHT="53" WIDTH="37" VPOS="3794" HPOS="1233"/>
<String CONTENT="library" HEIGHT="69" WIDTH="220" VPOS="3793" HPOS="1271"/>
<SP HEIGHT="50" WIDTH="44" VPOS="3812" HPOS="1492"/>
<String CS="1" CONTENT="[1933]" HEIGHT="64" WIDTH="154" VPOS="3795" HPOS="1557"/>
</TextLine>
<TextLine HEIGHT="55" WIDTH="1930" VPOS="3861" HPOS="215" CS="1">
<String CONTENT="xv," HEIGHT="39" WIDTH="77" VPOS="3873" HPOS="215"/>
<SP HEIGHT="46" WIDTH="41" VPOS="3866" HPOS="293"/>
<String CONTENT="244" HEIGHT="39" WIDTH="86" VPOS="3866" HPOS="335"/>
<SP HEIGHT="47" WIDTH="40" VPOS="3867" HPOS="422"/>
<String CONTENT="p." HEIGHT="37" WIDTH="42" VPOS="3877" HPOS="463"/>
<SP HEIGHT="38" WIDTH="62" VPOS="3867" HPOS="506"/>
<String CONTENT="front.," HEIGHT="48" WIDTH="162" VPOS="3867" HPOS="569"/>
<SP HEIGHT="47" WIDTH="46" VPOS="3868" HPOS="732"/>
<String CONTENT="illus." HEIGHT="41" WIDTH="129" VPOS="3867" HPOS="779"/>
<SP HEIGHT="48" WIDTH="29" VPOS="3868" HPOS="909"/>
<String CONTENT="(maps)" HEIGHT="48" WIDTH="182" VPOS="3868" HPOS="939"/>
<SP HEIGHT="47" WIDTH="52" VPOS="3868" HPOS="1122"/>
<String CONTENT="plates." HEIGHT="47" WIDTH="171" VPOS="3867" HPOS="1175"/>
<SP HEIGHT="42" WIDTH="73" VPOS="3864" HPOS="1347"/>
<String CS="1" CONTENT="24&#189;" HEIGHT="41" WIDTH="56" VPOS="3864" HPOS="1421"/>
<String STYLE="superscript" CONTENT="cm" HEIGHT="21" WIDTH="44" VPOS="3868" HPOS="1510"/>
<String CONTENT="." HEIGHT="9" WIDTH="9" VPOS="3897" HPOS="1559"/>
<SP HEIGHT="48" WIDTH="84" VPOS="3865" HPOS="1569"/>
<String CONTENT="(Overland" HEIGHT="50" WIDTH="269" VPOS="3863" HPOS="1654"/>
<SP HEIGHT="42" WIDTH="43" VPOS="3863" HPOS="1924"/>
<String CONTENT="to" HEIGHT="41" WIDTH="49" VPOS="3864" HPOS="1968"/>
<SP HEIGHT="40" WIDTH="43" VPOS="3864" HPOS="2018"/>
<String CONTENT="the" HEIGHT="42" WIDTH="83" VPOS="3861" HPOS="2062"/>
</TextLine>
<TextLine HEIGHT="50" WIDTH="370" VPOS="3918" HPOS="150">
<String CONTENT="Pacific," HEIGHT="43" WIDTH="187" VPOS="3918" HPOS="150"/>
<SP HEIGHT="29" WIDTH="59" VPOS="3932" HPOS="338"/>
<String CONTENT="v." HEIGHT="30" WIDTH="42" VPOS="3932" HPOS="398"/>
<SP HEIGHT="42" WIDTH="26" VPOS="3920" HPOS="441"/>
<String CONTENT="3)" HEIGHT="48" WIDTH="52" VPOS="3920" HPOS="468"/>
</TextLine>
</TextBlock>
</PrintSpace>
</Page>
</Layout>
</alto>