2350 4296
1122 3994 96 50 593

179 356 256 65 Achorn,
467 356 162 57 Erik.

253 434 304 67 European
617 433 347 53 civilization
1027 432 110 52 and
1196 431 227 67 politics
1482 429 150 53 since
1693 432 150 64 1815,
1902 430 72 66 by
2034 430 142 52 Erik

180 509 1994 69 Achorn … New York, Harcourt, Brace and company, 1934.
249 584 136 48 xxiii,
424 584 85 41 879
545 595 41 37 p.
664 585 171 40 double
871 585 164 45 front.,
1073 583 169 48 plates,
1284 584 162 46 ports.,
1484 591 136 38 maps
1656 582 134 47 (part
1829 582 197 50 double)
2056 583 117 40 fold,

179 642 152 46 diagr.
391 640 54 41 23½
479 644 44 21 cm
528 673 8 8 .

249 697 377 49 Bibliography:
656 708 41 38 p.
729 697 214 42 785-833.

185 765 50 52 ©
266 771 112 46 May
409 770 67 39 11.
507 769 141 42 1934;
681 769 66 40 2c.
779 769 95 39 and
905 767 81 40 aff.
1017 768 113 46 May
1161 766 79 45 16;
1275 765 40 39 A
1346 765 169 46 71634;
1549 765 262 46 Harcourt,
1844 766 154 40 Brace
2029 766 35 41 &
2095 776 81 36 co.,

251 827 90 40 inc.
399 826 278 47 (34-12981)

177 944 203 63 Adair,
413 945 149 51 Fred
597 946 246 61 Lyman,
877 942 170 52 1877-
1260 942 83 51 ed.

253 1021 287 54 Obstetric
578 1021 305 65 medicine;
925 1020 96 53 the
1062 1019 288 68 diagnosis
1393 1018 112 52 and
1545 1023 397 63 management
1983 1017 62 54 of
2084 1019 95 51 the

181 1118 318 34 commoner
540 1100 240 52 diseases
819 1099 62 52 in
919 1099 241 52 relation
1196 1102 60 48 to
1295 1115 346 50 pregnancy,
1681 1097 190 52 edited
1911 1097 75 68 by
2026 1098 150 52 Fred

182 1174 1996 70 L. Adair … and Edward J. Stieglitz … Philadelphia, Lea
176 1259 45 49 &
250 1256 261 68 Febiger,
544 1258 151 50 1934.

250 1325 1187 53 xvi, [17]-743 p. illus., II col. pl., diagrs. 24cm.
253 1384 347 50 Bibliography
626 1388 51 38 at
702 1388 91 39 end
822 1386 50 40 of
897 1389 126 37 most
1050 1385 52 41 of
1125 1386 81 39 the
1231 1386 240 47 chapters.

184 1441 1725 52 © May 10, 1934; 2c. and aff. May 11; A 71577; Lea & Febiger.
260 1502 280 47 (34-12822)

179 1623 313 53 American
528 1623 277 52 institute
840 1622 63 52 of
935 1637 223 48 mmmg
1194 1621 114 53 and
1342 1620 431 65 metallurgical
1809 1638 327 48 engineers.

247 1699 403 54 Transactions
686 1700 62 52 of
780 1700 96 52 the
907 1698 305 55 American
1246 1698 263 53 institute
1541 1699 63 52 of
1636 1698 224 68 mining
1894 1701 109 51 and
178 1708 1971 140 metallurgical
539 1779 291 69 engineers
864 1778 453 68 (incorporated)
1422 1796 50 32 v.
1537 1781 115 49 106.
1693 1779 228 67 Copper
175 1778 1976 148 metallurgy.

431 1858 322 68 Sponsored
784 1858 74 67 by
889 1858 94 51 the
1013 1856 196 67 Bocky
1237 1856 299 53 mountain
1566 1856 164 53 fund.
1806 1859 216 66 Papers
176 1878 1973 113 specially
395 1936 258 53 solicited
702 1936 93 53 for
841 1935 113 53 this
1002 1935 222 52 volume
1269 1935 73 53 by
1390 1936 94 51 the
1532 1936 319 53 Institute’s
1897 1937 278 53 technical

311 1993 18 12 eJ

177 2015 318 54 committee
536 2034 72 34 on
646 2013 294 54 reduction
982 2014 111 52 and
1134 2011 243 70 refining
1415 2013 62 52 of
1517 2032 225 50 copper.
1818 2016 137 52 New
1996 2017 178 55 York,

179 2095 50 51 N
289 2097 56 51 Y.,
423 2095 120 52 The
583 2092 307 55 American
931 2092 261 53 institute
1232 2092 63 52 of
1337 2092 222 67 mining
1603 2094 111 51 and
1756 2095 418 68 metallurgical

175 2175 308 67 engineers,
521 2176 150 49 1933.

249 2244 1145 52 740 p. front. (port.) illus., diagrs. 23½ cm .
183 2302 50 52 ©
262 2306 109 39 Feb.
403 2305 68 45 14,
502 2302 140 47 1934;
675 2303 66 39 2c.
773 2304 117 45 May
917 2302 81 46 24;
1032 2301 80 40 aff.
1145 2302 114 46 May
1288 2301 82 47 25;
1404 2301 40 39 A
1475 2301 169 45 71760;
1678 2302 156 41 Amer,
1868 2302 227 42 institute
2124 2305 53 39 of

251 2362 185 46 mining
460 2362 94 39 and
580 2359 357 48 metallurgical
963 2358 262 48 engineers,
1252 2357 89 41 inc.

176 2485 314 49 American
522 2481 276 51 institute
830 2478 61 52 of
923 2478 147 52 steel
1100 2477 421 55 construction.

248 2558 150 55 Steel
440 2555 388 56 construction;
897 2574 30 33 a
967 2556 229 50 manual
1238 2554 93 52 for
1371 2555 317 66 architects,
1728 2557 292 66 engineers
2061 2559 112 51 and

178 2638 340 52 fabricators
567 2634 63 53 of
676 2633 293 68 buildings
1020 2633 109 52 and
1177 2633 162 52 other
1386 2635 135 51 steel
1569 2639 324 48 structures.
1970 2636 71 52 2d
2089 2637 84 52 ed.

177 2712 1997 71 First printing … New York, N. Y., American institute of
173 2797 135 51 steel
338 2792 402 66 construction,
774 2794 148 51 1934.

248 2870 83 40 352
360 2879 41 38 p.
461 2867 142 45 illus.,
633 2865 178 47 diagrs.
870 2864 54 40 23c
944 2866 28 20 m
977 2897 8 7 .

180 2923 50 52 ©
256 2928 113 46 May
391 2927 40 44 4,
457 2923 139 44 1934;
624 2922 65 40 2c.
715 2923 113 46 May
853 2922 51 45 5;
932 2920 80 40 aff.
1037 2921 113 46 May
1174 2921 81 45 14;
1282 2920 40 39 A
1347 2920 170 46 72381;
1544 2921 159 40 Amer.
1728 2920 227 42 institute
1979 2923 52 40 of
2056 2926 119 37 steel

248 2980 344 43 construction.
652 2976 278 49 (34-12959)

173 3100 291 65 Apponyi,
498 3099 226 63 Albert,
758 3096 151 67 gróf,
943 3098 325 50 1846-1933.

304 3173 1845 70 … Erlebnisse und ergebnisse. Berlin, Keil verlag [ c 1933]
247 3246 990 55 286 p ind. col. front. (port.) 21½ em .
249 3311 249 38 “Vorwort
527 3318 92 29 von
647 3305 155 48 gräfin
829 3305 171 38 Albert
1026 3302 263 48 Apponyi.”

180 3364 50 52 ©
256 3370 117 38 Nov,
398 3367 67 45 21,
493 3364 111 40 1933;
661 3363 63 39 1c.
753 3362 120 38 Mar.
900 3361 68 47 13,
994 3360 140 46 1934;
1164 3359 310 49 A-Foreign
1499 3359 169 47 24096;
1699 3361 110 40 Keil
1835 3361 178 47 verlag.

260 3421 332 51 (A C 34-465)
170 3543 324 64 Bengtson,
529 3538 224 52 Bermdi
787 3534 170 65 Emil,
993 3537 170 50 1864-

246 3616 223 55 Budolf
508 3613 238 66 Martin,
790 3631 29 32 a
862 3616 156 62 story
1062 3609 65 54 of
1168 3610 311 70 Nebraska,
1521 3611 75 68 by
1641 3612 66 51 B.
1754 3612 65 51 E.
1867 3612 304 67 Bengtson.

182 3698 303 66 Holdrege,
521 3691 157 67 Neb.,
716 3690 122 51 The
871 3690 275 67 Progress
1181 3687 265 70 printing
1483 3706 281 51 company
1806 3721 13 34 [
1823 3694 19 22 c
1847 3691 135 50 1934]

244 3759 943 59 4 p. l., 126 p. plates, ports. 23 cm .
246 3826 223 39 Includes
503 3820 302 46 advertising
835 3819 193 38 matter.

179 3882 50 51 ©
255 3887 113 44 May
392 3883 37 40 5.
455 3881 140 40 1934;
622 3879 66 38 2c.
715 3878 94 38 and
835 3875 82 40 aff.
944 3876 113 46 May
1082 3874 82 45 10;
1192 3874 41 39 A
1258 3875 114 40 71541;
1457 3876 51 38 B.
1538 3876 55 41 E.
1620 3877 258 45 Bengtson,
1907 3874 268 51 Hardville,

244 3943 114 38 Neb.
417 3935 277 51 (34-12973)
