2350 4196
1089 4002 98 49 829

214 430 943 51 2 p. l., [13]-1054 numb. col. 26½ cm .
216 492 56 37 In
301 490 172 40 double
502 489 229 39 columns.

145 543 51 51 ©
226 548 112 46 May
367 546 67 45 19,
463 545 141 47 1934;
635 545 64 39 2c.
731 546 94 38 and
855 544 80 40 aff.
966 544 115 46 July
1108 542 82 47 23;
1222 543 40 37 A
1291 541 169 47 73567;
1492 541 69 40 W.
1594 541 58 39 H.
1684 540 298 48 Courtright,
213 540 1906 103 Denver.

138 705 139 66 Cox,
306 705 192 65 Philip
529 708 262 52 Wescott
822 706 333 62 Lawrence,
1188 706 169 49 1883-

209 783 165 68 High
406 783 189 52 school
628 781 465 53 administration
1124 780 111 53 and
1268 778 359 69 supervision
1761 810 13 35 [by]
1813 777 199 68 Philip
2046 777 90 55 W.

140 855 1998 69 L. Cox … in collaboration with R. Emerson Langfitt … New
142 938 177 68 York,
349 938 328 54 Cincinnati
820 971 29 34 [etc.]
882 937 306 52 American
1216 934 147 54 book
1390 950 281 53 company
1884 967 12 34 [c1934]

211 1013 97 44 xix,
338 1011 85 42 689
449 1021 43 38 p.
522 1012 108 40 incl.
660 1011 142 48 illus.,
833 1020 123 38 map,
986 1010 154 48 plans,
1172 1008 192 48 diagrs.,
1396 1008 167 40 forms.
1624 1006 58 41 20½cm.
1841 1006 298 49 (Half-title:

142 1068 256 40 American
428 1068 259 40 education
719 1068 175 47 series;
930 1067 53 40 G.
1015 1067 55 40 D.
1106 1065 212 48 Strayer,
1352 1065 195 47 general
1578 1063 182 50 editor)

213 1124 246 41 “Selected
486 1124 299 41 references”
812 1127 53 37 at
891 1125 91 41 end
1010 1123 51 40 of
1088 1125 127 38 most
1239 1122 52 40 of
1319 1123 83 39 the
1429 1121 238 48 chapters.

146 1180 1745 51 © June 21. 1934; 2c. and aff. June 26; A 73223; Amer. book co.
222 1241 280 48 (34-18341)

139 1345 234 63 Cronin,
406 1344 320 54 Archibald
759 1344 237 63 Joseph.

214 1421 378 67 [Adventures
640 1421 62 53 of
749 1441 31 32 a
825 1421 165 51 black
1035 1421 128 65 bag]
1242 1420 375 52 Pantomime.

223 1497 79 47 (In
332 1492 232 51 Glasgow
595 1492 200 51 Sunday
827 1495 124 48 post,
982 1491 117 51 May
1130 1492 70 49 27,
1233 1490 143 50 1934)

146 1548 1975 102 © 1c. July 13, 1934; A ad int. 19206; pubd. May 27; A. J. Cronin, London.
143 1713 221 64 Daniel,
396 1712 328 56 Elizabeth.

212 1791 220 67 Happy
470 1792 187 66 hours,
700 1790 391 67 photographs
1130 1791 62 51 of
1229 1791 197 65 happy
1463 1789 273 64 children,
1775 1788 139 51 with
1954 1806 182 34 verses

143 1869 73 67 by
261 1869 301 52 Elizabeth
608 1869 221 51 Daniel.
908 1868 267 67 Chicago,
1221 1868 185 65 Rand,
1451 1865 272 68 McNally
1769 1869 45 50 &
1858 1883 273 49 company

149 1980 11 32 [
166 1953 17 21 c
189 1950 150 65 1934]

218 2018 888 50 2 p. l., [7]-62, [1] p. illus. 17 cm .
147 2073 50 52 ©
228 2078 126 39 June
381 2076 69 48 26,
479 2076 113 40 1934;
651 2077 66 39 2c.
748 2078 94 38 and
872 2076 78 40 aff.
983 2076 115 47 July
1129 2077 49 44 5;
1211 2076 43 40 A
1281 2075 169 46 73306;
1484 2075 154 48 Rand,
1671 2074 224 48 McNally
1925 2074 37 40 &
1991 2085 65 29 co.

228 2134 279 49 (34-18526)

140 2239 178 64 Debo,
350 2238 211 65 Angie.

213 2315 119 52 The
363 2314 109 53 rise
504 2315 112 52 and
648 2314 107 52 fall
786 2315 63 52 of
879 2316 93 51 the
1007 2314 268 54 Choctaw
1306 2313 257 68 republic
1694 2345 13 35 [by]
1745 2313 189 69 Angie
1964 2311 177 54 Debo.

144 2391 272 70 Norman,
445 2393 338 67 University
813 2393 63 52 of
906 2391 319 56 Oklahoma
1257 2409 175 51 press,
1465 2394 149 51 1934.

215 2463 1926 54 xvi p., 1 l., 814 p., 1 l. front., illus. (maps) plates, ports., facsim.
145 2519 55 42 23½cm.
361 2521 297 50 (Half-title:
694 2522 100 41 The
831 2522 297 40 civilization
1164 2522 50 40 of
1251 2523 81 39 the
1371 2522 256 39 American
1668 2521 200 49 Indian)

219 2578 98 41 “No
360 2580 144 47 study
548 2580 89 39 has
681 2589 112 30 ever
833 2579 118 40 been
994 2580 201 39 devoted
1240 2581 47 38 to
1333 2579 81 42 the
1459 2579 187 48 history
1693 2579 51 39 of
1787 2579 83 40 the
1916 2577 229 41 Choctaw

145 2635 167 46 people
341 2635 132 40 after
502 2636 82 39 the
614 2635 111 39 civil
758 2644 115 39 war,
908 2637 93 38 and
1032 2637 49 38 to
1113 2635 108 41 that
1250 2634 168 49 period
1452 2636 81 39 the
1565 2634 159 48 major
1753 2634 193 48 portion
1978 2634 53 41 of
2061 2635 86 40 the

146 2693 195 44 present
366 2692 133 39 work
526 2692 42 40 is
596 2692 438 40 devoted.”—Pref.

219 2747 162 41 “First
408 2747 226 41 edition.”

217 2803 374 48 Bibliography:
623 2814 43 38 p.
693 2803 217 42 291-299.

150 2858 51 51 ©
238 2863 125 39 June
398 2863 67 46 19,
502 2862 114 40 1934;
680 2863 66 39 2c.
783 2864 95 38 and
913 2863 81 41 aff.
1032 2863 125 39 June
1190 2863 82 46 25;
1310 2864 40 38 A
1385 2863 170 47 72988;
1596 2863 282 47 University

1913 2864 51 39 of
220 2863 1904 96 Oklahoma
389 2930 148 37 press.
609 2919 279 48 (34-18340)

149 3023 106 64 [De
279 3023 83 53 La
388 3024 271 64 Pasture,
691 3025 218 51 Edmee
939 3023 306 52 Elizabeth
1275 3024 248 66 Monica]
1559 3026 170 49 1890-

214 3100 122 53 The
364 3100 318 67 provincial
713 3101 135 67 lady
876 3103 61 50 in
966 3102 280 67 America,
1276 3103 74 66 by
1382 3104 65 50 E.
1480 3105 77 50 M.
1589 3100 280 55 Delafield
1926 3104 190 66 [pseud.]

144 3177 140 53 with
312 3179 379 52 illustrations
721 3179 74 67 by
824 3181 296 66 Margaret
1152 3182 289 51 Freeman.
1508 3183 137 51 New
1678 3181 178 65 York,
1885 3181 257 68 London,

144 3257 230 67 Harper
406 3260 49 48 &
487 3258 276 67 brothers,
798 3261 149 49 1934.

219 3330 87 39 viii
332 3341 56 37 p.,
417 3332 24 37 1
468 3332 43 45 ].,
539 3330 88 39 245
650 3342 42 36 p.
747 3331 164 47 front.,
939 3332 169 46 plates.
1164 3332 54 38 21½cm.

224 3387 160 40 “First
414 3387 225 40 edition.”

153 3439 50 52 ©
234 3444 126 39 June
388 3445 67 45 14,
485 3444 139 46 1934;
656 3445 65 38 2c.
753 3445 127 39 June
907 3446 81 45 14;
1021 3445 79 39 aff.
1132 3446 125 40 June
1284 3446 80 47 16;
1396 3447 40 37 A
1466 3447 169 46 73115;
1669 3447 254 39 Elizabeth
1953 3445 188 41 Monica

222 3501 288 47 Dashwood,
544 3501 319 47 Cullompton,
897 3502 312 48 Devonshire,
1243 3504 234 46 England.

145 3589 258 67 Dimnet,
436 3593 237 65 Ernest,
708 3596 170 49 1869-

225 3667 75 51 El
330 3673 119 48 arte
481 3670 66 51 de
581 3687 219 50 pensar,
831 3687 105 49 por
967 3669 207 54 Ernest
1205 3670 259 66 Dimnet;
1500 3671 330 53 traduccion
1864 3669 66 53 de
1963 3670 67 51 E.
2062 3670 79 53 M.

155 3745 328 68 Barcelona,
516 3746 66 53 G.
618 3746 136 69 Gili,
787 3749 150 51 1934.

220 3821 628 49 2 p. l., 251, [1] p. 19 cm .
156 3872 1873 56 © Nov. 27, 1933; 1c. Feb. 1, 1934; A-Foreign 23657; Gustavo Gili.
234 3934 278 49 (34-18497)
