2350 4196
1125 4001 98 45 645

183 461 94 51 the
302 478 162 49 years
492 462 260 50 nineteen
779 461 259 52 hundred
1067 461 172 66 three,
1268 461 261 51 nineteen
1555 461 263 52 hundred

1847 461 151 67 four,
182 462 1975 128 nineteen
347 538 257 52 hundred
650 557 181 34 seven.
915 539 282 52 Recorded
1239 539 73 67 by
1353 539 146 51 Lida
1542 539 377 67 Fitzpatrick,
1998 584 7 8 C.
2081 585 9 9 S.
2171 585 9 9 D.

0 0 0 0 [n. p.] 1933.
305 689 489 52 1 p. l., 7-59, [1] p. 19½cm.
186 757 1995 52 © Mar. 1, 1933; 2c. Apr. 16; aff. May 3; A 73049; Frederick Harold
254 818 303 48 Remington,
587 818 149 40 Great
767 819 139 47 Kills,
942 818 170 40 Staten
1143 817 179 46 Island,
1355 818 53 39 N.
1441 817 54 39 Y.
1570 816 250 48 (34-1568)

182 921 319 65 Edgerton,
534 922 255 54 William
823 920 299 56 Franklin.

311 1013 1868 67 … The Thutmosid succession, by William F. Edgerton.
181 1089 268 69 Chicago,
488 1092 120 51 The
703 1090 278 68 University
1017 1090 62 53 of
1119 1090 249 68 Chicago
1406 1108 156 50 press
1605 1125 11 33 [
1623 1098 16 20 c
1646 1094 132 49 1933
1785 1124 12 33 ]

255 1166 61 46 ix,
348 1165 55 39 43
437 1175 41 37 p.
539 1165 125 39 illus.
727 1165 56 38 24½c
833 1167 27 20 m
864 1197 8 7 .
945 1165 123 48 (The
1102 1163 218 41 Oriental
1355 1164 227 41 institute
1615 1165 50 39 of
1699 1164 81 40 the
1815 1164 283 50 University
2132 1168 50 38 of

184 1222 223 48 Chicago.
465 1222 194 40 Studies
686 1222 49 39 in
763 1222 193 39 ancient
984 1220 205 41 oriental
1218 1220 311 49 civilization,
1559 1232 73 30 no.
1663 1221 49 49 8)

253 1279 414 47 Bibliographical
696 1279 276 39 foot-notes.

186 1345 50 52 ©
268 1350 116 39 Nov.
414 1350 40 48 7,
485 1349 112 40 1933;
658 1349 66 41 2c.
757 1349 117 40 Nov.
906 1349 54 38 14;
1021 1348 81 40 aff.
1134 1348 117 40 Nov.
1283 1348 54 38 11;
1398 1348 40 38 A
1470 1348 143 40 67125;
1678 1348 281 48 University

1991 1350 49 38 of
252 1347 1911 107 Chicago,
419 1406 223 48 Chicago.
714 1406 63 47 (A
794 1405 227 47 33-3206)

184 1508 419 63 Encyclopedic
639 1509 185 67 digest
860 1509 61 52 of
958 1509 235 52 Florida
1230 1514 240 62 reports,
1505 1509 170 67 being
1713 1529 27 32 a
1777 1511 274 66 complete

249 1527 1907 129 encyclopedia
615 1589 111 52 and
764 1588 185 68 digest
985 1588 62 52 of
1085 1589 75 51 all
1195 1588 95 51 the
1328 1587 237 53 Florida
1603 1606 122 34 case
1759 1588 109 52 law
1907 1589 110 51 and

251 1588 1903 131 federal
408 1667 275 53 decisions
725 1667 247 67 relating
1012 1672 58 46 to
1110 1667 94 51 the
1244 1668 137 50 laws
1421 1665 64 52 of
1524 1666 96 53 the
1658 1672 163 62 state,
1862 1667 181 52 under
2083 1668 95 51 the

248 1746 265 52 editorial
543 1745 357 68 supervision
928 1745 62 53 of
1019 1746 68 51 A.
1118 1746 248 51 Hewson
1394 1744 212 53 Michie
1636 1745 112 52 and
1777 1746 207 51 Beirne
245 1746 1910 130 Stedman.

490 1825 241 53 Volume
865 1866 8 9 XI.
978 1823 617 67 [Patents-Residence]
1700 1824 479 68 Charlottesville,

248 1904 124 67 Va.,
401 1904 119 52 The
549 1902 212 54 Michie
789 1920 306 50 company;
1126 1902 260 68 Atlanta,
1416 1903 123 66 Ga.,
1569 1903 121 52 The
1718 1902 286 54 Harrison
247 1923 1907 127 company
440 2015 11 33 [
457 1988 16 20 c
480 1984 151 64 1934]

249 2055 524 49 3 p. l., 420 p. 24cm.
184 2123 50 52 ©
266 2127 126 40 June
421 2127 67 46 13,
520 2126 114 40 1934;
694 2126 64 39 2c.
793 2126 94 38 and
917 2124 79 40 aff.
1032 2125 124 39 June
1186 2124 54 39 15;
1301 2125 43 38 A
1370 2123 143 41 72794;
1575 2125 178 39 Michie
1784 2135 65 29 co.
1883 2127 95 39 and
251 2125 1910 99 Harrison
365 2193 246 38 company.

179 2286 293 65 Engberg,
508 2287 221 53 Robert
762 2285 241 64 Martin,
1040 2288 168 49 1906-

310 2376 1866 71 … Notes on the chalcolithic and early bronze age of pottery
178 2457 63 52 of
271 2455 291 69 Megiddo,
592 2456 74 66 by
696 2456 216 52 Robert
941 2456 77 51 M.
1053 2455 271 68 Engberg
1356 2456 111 51 and
1499 2453 268 71 Geoffrey
1798 2458 77 51 M.
1911 2457 265 68 Shipton.

180 2534 268 70 Chicago,
488 2535 111 66 Ill.,
639 2535 120 53 The
799 2533 336 68 University
1175 2532 62 53 of
1278 2534 252 68 Chicago
1570 2553 156 49 press
1771 2568 11 33 [
1789 2541 16 20 c
1811 2538 151 63 1934]

250 2606 1930 51 xiii, 91 p. illus., fold. pl., diagr. 24½cm. (The Oriental institute of
181 2669 82 39 the
309 2666 282 47 University
636 2665 50 40 of
733 2664 221 47 Chicago.
1034 2663 192 40 Studies
1273 2664 49 38 in
1370 2664 194 40 ancient
1611 2664 207 41 oriental
1866 2664 311 48 civilization,

180 2735 73 30 no.
283 2724 80 48 10)

254 2782 175 38 “Notes
458 2790 60 29 on
547 2780 83 39 the
657 2779 110 38 flint
794 2777 304 47 implements
1131 2778 87 48 [by]
1251 2778 220 46 Dorothy
1501 2778 53 40 A.
1587 2779 52 38 E.
1670 2778 215 40 Garrod”:
1947 2789 41 37 p.
2020 2778 156 41 78-91.

249 2837 413 48 Bibliographical
694 2835 275 40 foot-notes.

184 2906 54 51 ©
267 2909 108 40 Feb.
406 2909 69 46 27,
506 2907 114 39 1934;
678 2906 64 39 2c.
776 2906 95 38 and
901 2904 81 40 aff.
1015 2904 120 39 Mar.
1168 2904 53 39 10;
1281 2905 41 37 A
1353 2904 142 40 69799;
1557 2905 282 48 University
1872 2906 50 39 of
1952 2906 224 46 Chicago,

251 2966 222 47 Chicago.
549 2964 63 47 (A
630 2962 198 46 34-651)

177 3069 270 62 Erskine,
481 3067 173 64 John,
689 3064 170 54 1879-

247 3156 416 55 Bachelor—of
715 3161 133 63 arts,
897 3156 75 67 by
1020 3156 156 54 John
1225 3156 258 51 Erskine.
1589 3157 420 68 Indianapolis,
2056 3159 121 52 The

176 3236 443 55 Bobbs-Merrill
652 3253 279 49 company
970 3268 12 32 [
988 3240 16 20 c
1009 3236 136 50 1934]

253 3314 84 40 331
367 3324 43 36 p.
469 3311 116 40 21cm.

252 3370 160 39 “First
446 3366 224 43 edition.”

185 3423 54 52 ©
268 3429 112 45 May
409 3426 69 46 25,
510 3424 113 39 1934;
683 3423 67 38 2c.
781 3422 96 38 and
908 3420 80 40 aff.
1021 3421 113 46 May
1164 3421 54 39 31;
1279 3420 41 38 A
1350 3421 144 39 71874;
1556 3421 41 40 J.
1632 3421 219 47 Erskine,
1885 3421 116 39 New
2033 3423 142 37 York.

263 3481 279 51 (34-14002)

181 3587 232 64 Ferber,
445 3586 122 52 Nat
597 3581 240 65 Joseph,
871 3582 170 51 1889-

256 3679 123 54 One
414 3677 200 66 happy
652 3673 142 66 Jew,
831 3671 76 68 by
940 3670 119 53 Nat
1094 3670 56 54 J.
1187 3670 230 52 Ferber.
1489 3670 139 52 New
1668 3671 178 66 York,
1885 3673 213 51 Farrar
2136 3676 44 50 &

184 3749 964 71 Rinehart, incorporated [ c 1934]
252 3824 586 54 4 p. l., 3-308 p. 20cm.
185 3884 51 50 ©
262 3889 114 45 May
401 3885 69 39 25.
496 3882 139 40 1934;
663 3881 65 39 2c.
757 3880 114 45 May
896 3877 55 40 29;
1008 3877 81 41 aff.
1117 3878 113 46 May
1256 3877 82 47 26;
1368 3878 40 38 A
1434 3877 170 42 71840;
1634 3879 55 39 N.
1719 3879 42 39 J.
1790 3880 191 40 Ferber.

252 3882 1906 108 Hollywood,
434 3939 143 42 Calif.
652 3935 278 45 (34-13901)
