2350 4196
1126 4009 134 48 1572

219 378 162 65 Carr,
415 380 217 63 Harry,
668 381 169 51 1877-

346 456 1857 69 … Hiding the tiger; an American newspaper man in the
215 533 218 55 Orient.
510 536 212 52 Boston
767 537 110 51 and
919 537 136 50 New
1097 536 176 56 York,
1312 536 318 66 Houghton
1668 533 201 54 Mifflin
1912 554 294 48 company,

218 614 146 51 1934.

286 681 25 39 5
339 693 41 37 p.
446 715 8 15 l.,
486 684 176 48 [3]-262
690 696 41 36 p.
793 686 114 39 21cm.

222 737 51 51 ©
302 743 116 39 Nov.
444 742 68 39 16.
540 738 140 44 11)34:
710 743 66 39 2c.
806 745 93 37 and
929 743 80 39 aff.
1039 744 114 37 Nov.
1182 741 54 39 19
1255 753 8 35 ;
1295 743 40 37 A
1364 742 139 40 78172
1523 752 8 36 ;
1563 742 133 39 Alice
1725 743 51 37 E.
1805 742 133 40 Carr,
1970 742 237 47 Tujunga,

291 798 140 40 Calif.
505 798 278 47 (34-39340)

221 871 254 66 Cheney,
511 875 199 63 Harry
739 876 311 62 Morrison,
1085 879 169 49 1860-
1468 891 176 47 comp.

291 949 288 68 Symbolic
608 951 388 67 freemasonry
1025 954 59 50 in
1111 952 135 52 New
1274 952 379 64 Hampshire;
1688 951 261 65 previous
1979 958 56 44 to
2066 952 149 54 1789,

218 1028 201 54 Grand
452 1029 184 67 lodge,
668 1030 196 67 lodges
897 1030 312 66 chartered,
1241 1029 258 66 military
1533 1028 212 67 lodges,
1779 1029 108 51 roll
1922 1029 63 51 of
2019 1029 196 65 honor,

219 1106 365 68 chronology,
609 1108 208 52 elected
844 1107 200 54 Grand
1072 1107 207 53 officers
1309 1107 109 66 [by]
1448 1107 199 66 Harry
1671 1106 286 52 Morrison
1988 1106 228 66 Cheney

365 1183 297 69 [Concord,
686 1185 68 53 N.
783 1185 96 67 H.,
906 1186 122 52 The
1054 1184 288 53 Rumford
1368 1203 175 48 press]
1579 1187 149 49 1934.

287 1256 85 41 289
401 1268 44 36 p.
505 1258 162 48 front.,
698 1260 148 46 ports.
875 1258 48 46 (1
956 1259 110 45 col.)
1107 1258 214 40 facsims,
1350 1257 134 48 (part
1513 1257 144 47 fold.)
1725 1256 57 40 24½
1813 1260 43 20 cm
1863 1292 8 7 .

291 1313 126 41 “The
445 1315 133 40 issue
600 1315 42 39 is
666 1315 189 41 limited
881 1318 48 38 to
957 1315 84 40 750
1065 1314 306 48 copies.”—p.
1401 1314 53 49 [9]

292 1370 228 41 “Printed
550 1372 61 47 by
642 1373 250 47 authority
923 1373 50 40 of
1004 1373 80 39 the
1116 1372 163 40 Grand
1309 1372 137 46 lodge
1479 1371 50 39 of
1561 1372 115 38 New
1706 1371 337 47 Hampshire."

224 1424 50 51 ©
306 1429 101 40 Oct.
437 1430 67 46 11,
535 1428 140 42 1934:
705 1429 66 40 2c.
802 1432 93 37 and
927 1429 79 40 aff.
1040 1430 100 41 Oct.
1171 1429 80 40 19:
1288 1431 35 36 A
1356 1428 168 40 76638:
1556 1429 59 37 H.
1648 1429 63 39 M.
1744 1428 205 47 Cheney,
1981 1427 229 41 Concord,

339 1517 6 7 N.
373 1486 60 39 H.
505 1485 277 48 (34-39229)

220 1560 252 67 Clinton,
505 1562 244 55 Charles
778 1564 62 53 T.

293 1637 199 54 Jackie
535 1637 219 69 Cooper
794 1638 59 52 in
895 1638 194 53 Peck’s
1131 1637 109 53 had
1281 1638 125 67 boy,
1448 1638 73 66 by
1566 1635 233 55 Charles
1839 1636 64 51 T.
1949 1634 258 66 Clinton;

222 1714 246 68 adapted
507 1715 152 53 from
698 1716 93 52 the
826 1716 312 67 photoplay
1179 1715 71 67 by
1290 1714 259 52 Bernard
1591 1713 276 54 Schubert
1908 1713 108 51 and
227 1712 1958 147 Marguerite

483 1789 1727 72 Roberts … embodying the famous character, Peck’s
220 1866 1990 64 bad boy, created by George W. Peck … Akron. O., New York,
218 1946 119 54 The
369 1945 271 55 Saalfield
671 1946 333 69 publishing
1034 1964 292 50 company,
1357 1954 18 21 c
1380 1950 148 48 1934.

296 2020 111 49 [152]
437 2032 44 36 p.
536 2022 163 47 front.,
728 2021 129 41 illus.
914 2022 145 41 13½cm.

224 2073 56 51 ©
306 2078 99 40 Oct.
434 2080 38 38 5.
502 2077 113 40 1934
634 2089 8 29 :
672 2080 66 38 2c.
769 2078 98 40 Oct.
897 2078 54 38 22
971 2090 8 29 :
1011 2078 81 42 aff.
1123 2078 98 40 Oct.
1252 2078 54 39 19
1325 2090 7 27 :
1366 2080 41 37 A
1435 2078 141 39 76693
1595 2089 8 28 :
1633 2079 167 39 Peck's
1828 2079 93 38 bad
1951 2079 90 45 boy
2071 2085 139 37 corp..

291 2135 175 39 Culver
494 2134 122 49 City,
647 2135 141 40 Calif.
862 2135 278 48 (34-39210)

221 2210 238 63 Cooper,
490 2209 228 55 Walter
746 2211 229 64 Gerald,
1011 2216 168 49 1860-

292 2283 1858 70 Official history of Fulton county, by Walter G. Cooper …
224 2363 276 67 [Atlanta,
530 2363 217 52 Walter
776 2364 87 51 W.
896 2363 209 52 Brown
1137 2363 332 68 publishing
1499 2382 96 47 co.]
1633 2369 18 21 c
1656 2365 148 49 1934.

289 2433 97 47 xvi,
411 2433 85 40 912
521 2445 43 36 p.
618 2435 127 39 illus.
776 2435 130 47 (incl.
935 2436 172 46 ports.)
1172 2435 143 39 23½cm.

290 2490 178 39 Errata
496 2491 93 48 slip
617 2492 228 39 mounted
875 2502 57 28 on
961 2503 43 36 p.
1034 2492 69 41 iii.

293 2547 162 39 “Done
494 2548 61 46 by
593 2549 89 39 Mr.
724 2549 182 45 Cooper
946 2548 152 39 under
1136 2549 79 38 the
1254 2550 304 45 supervision
1597 2550 50 38 of
1683 2561 28 27 a
1752 2550 202 46 History
217 2553 1975 98 commission.”—Foreword,

728 2604 193 48 signed:
950 2606 121 38 Ivan
1096 2605 151 47 Allen,
1272 2606 252 39 chairman
1549 2606 203 48 History
1777 2608 321 38 commission,

291 2660 350 41 “Confederate
673 2662 203 39 soldiers
904 2661 128 38 from
1062 2661 177 39 Fulton
1267 2662 204 45 county”
1493 2673 8 27 :
1531 2673 41 36 p.
1622 2662 232 48 [890]-907.

289 2716 376 49 Bibliography:
694 2728 43 36 p.
765 2717 95 40 xvi.

224 2773 51 50 ©
360 2788 71 30 Nov.
466 2777 69 41 16,
573 2776 140 41 1934:
752 2777 65 39 2c.
902 2787 70 28 Nov.
1010 2778 79 37 24:
1131 2776 79 39 aff.
1248 2777 117 39 Nov.
1403 2776 81 41 19:
1525 2779 40 36 A
1604 2778 167 40 78185:
1876 2811 6 6 W.
1922 2779 51 39 G.
2013 2779 195 45 Cooper.

290 2834 215 39 Atlanta.
578 2833 277 49 (34-39239)

224 2906 248 68 [Ditzen,
502 2909 237 67 Rudolf]
776 2914 170 50 1893-

291 2984 120 52 The
449 2985 180 52 world
668 2984 235 68 outside,
943 2985 72 68 by
1055 2985 162 51 Hans
1258 2984 241 53 Fallada
1559 2985 213 67 [pseud.]
1853 2984 134 50 New
2033 2983 175 53 York.

221 3060 196 54 Simon
448 3063 110 52 and
588 3061 284 68 Schuster,
900 3064 148 48 1934.

289 3131 550 49 2 p. l. , 569 p. 21½ cm .
222 3187 52 52 ©
349 3204 71 30 Nov.
447 3192 69 47 22,
545 3191 139 47 1934;
715 3192 63 40 2c.
856 3202 70 30 Nov.
954 3191 55 40 26
1028 3203 7 27 :
1068 3192 79 39 aff.
1223 3203 68 28 Nov.
1322 3193 55 38 24
1396 3204 8 27 :
1437 3195 39 36 A
1504 3193 166 43 78284;
1708 3194 162 39 Simon
1900 3194 35 39 A
1967 3194 241 39 Schuster,

290 3248 89 40 inc.
451 3248 277 49 (34-39242)

219 3324 264 64 Duffield,
513 3325 187 56 Anne.

290 3399 186 56 Silver
508 3403 186 66 peaks.
777 3405 386 64 [Instalments
1194 3411 117 62 3-5]

299 3475 12 46 (In
405 3471 251 44 Woman’s
683 3474 203 51 weekly,
914 3475 122 43 Nov.
1067 3477 71 50 24,
1163 3476 113 44 Dec.
1305 3478 40 49 1,
1373 3478 41 49 8,
1444 3477 143 48 1934)

220 3526 1988 58 © 1c. each Dec. 29, 1934; A ad int. 19806; pubd. Nov. 20, 27. Dec. 4:
286 3589 222 46 Dorothy
538 3589 133 40 Duer
704 3591 219 41 Duffield,
959 3592 288 47 Aldbourne,
1284 3593 267 39 Wiltshire.
1587 3592 234 47 England.

218 3648 144 64 Eby,
398 3650 332 65 Frederick,
768 3652 171 52 1874-

280 3725 121 53 The
437 3727 394 67 development
864 3728 64 53 of
961 3731 233 53 modern
1231 3732 301 52 education
1569 3731 59 51 in
1663 3728 219 66 theory,
214 3725 1970 145 organization,

391 3803 1816 72 and practice, by Frederick Eby … and Charles Flinn
208 3881 1666 71 Arrowood … New York, Prentice-Hall, inc., 1934.
