2350 4196
1215 4018 94 49 180

250 473 330 68 university,
624 472 292 55 Graduate
959 474 188 53 school
1189 473 64 53 of
1295 472 252 54 business
1594 470 481 69 administration,

251 471 1960 146 Bureau of business research [ c 1934]
320 633 39 29 v.
401 623 56 41 69
497 633 42 37 p.
601 623 177 46 diagrs.
837 622 55 40 28
897 626 42 20 cm
945 655 7 8 .
1024 623 266 50 ([Harvard
1335 622 283 47 university.
1692 621 249 42 Graduate
1982 620 161 40 school
2187 619 51 41 of

253 679 219 40 business
525 679 411 49 administration]
1019 679 224 40 Division
1297 678 50 40 of
1402 678 238 40 research.
1723 676 235 40 Business
2013 676 225 40 research

250 736 321 39 studies—no.
602 736 49 46 5)
797 734 129 49 $2.00

322 789 70 41 On
420 802 165 29 cover:
615 791 303 40 Publication
948 792 50 39 of
1025 792 80 40 the
1135 791 247 40 Graduate
1412 790 158 41 school
1601 790 52 39 of
1680 789 222 40 business

252 788 1968 107 administration … Harvard university, vol. xxi … no. 1.
323 903 283 40 “Technical
645 903 193 40 notes”:
879 914 41 37 p.
960 903 81 43 39;
1086 903 232 40 “Sources
1357 904 95 39 and
1493 901 407 49 specifications”:
1941 910 43 39 p.
2025 899 156 41 41-43.

254 959 50 50 ©
331 963 108 39 Jan.
464 963 67 39 23.
559 963 137 44 1934;
725 963 64 38 2c.
817 963 107 38 Jan.
951 962 80 40 29:
1061 962 80 39 aff.
1169 963 106 38 Feb.
1305 964 50 43 7;
1384 964 40 36 A
1451 961 166 40 70174:
1646 960 255 40 President
1928 961 95 38 and
2049 959 188 39 fellows

321 1020 49 38 of
396 1020 229 38 Harvard
652 1002 203 63 College.!
881 1019 296 45 Cambridge.
1206 1021 145 37 Mass.
1423 1018 248 48 (34—3883)

256 1108 230 63 Covert,
515 1109 253 53 William
798 1109 321 65 Chalmers,
1151 1114 169 48 1864-

322 1187 219 68 Facing
570 1205 102 34 our
704 1188 111 67 day
849 1187 107 67 [by]
992 1187 258 52 William
1281 1187 295 54 Chalmers
1605 1186 225 54 Covert.
1896 1185 138 51 New
2065 1182 177 65 York,

255 1263 1388 70 Cincinnati [etc.] The Abingdon press [ c 1934]
325 1338 82 40 183
440 1350 42 36 p.
543 1338 53 39 19½
631 1340 43 20 cm
680 1370 7 7 .

328 1396 343 48 Bibliography:
732 1408 40 36 p.
805 1395 199 40 179-183

259 1451 51 50 ©
347 1456 107 38 Jan.
490 1453 68 40 15.
593 1454 139 40 1934;
770 1453 66 40 2c.
874 1456 93 36 and
1003 1452 80 41 aff.
1120 1455 106 38 Jan.
1263 1455 80 37 17:
1383 1455 38 37 A
1487 1453 139 39 69032:
1665 1453 69 38 W.
1775 1454 47 39 C.
1860 1453 187 39 Covert.
324 1452 1900 106 Philadelphia.
602 1511 248 46 (34-3920)

260 1593 193 63 Craig,
485 1593 226 63 George
739 1593 261 63 Dundas,
1028 1612 176 46 comp,
1235 1594 113 51 and
1378 1599 66 48 tr.

327 1668 119 52 The
476 1668 312 52 modernist
817 1669 166 51 trend
1015 1669 59 51 in
1107 1666 583 70 Spanish-American

1721 1672 229 64 poetry;
1987 1686 30 34 a
257 1666 1966 131 collection
413 1745 63 53 of
509 1746 441 67 representative
985 1763 190 51 poems
1210 1745 63 53 of
1305 1746 97 52 the
1434 1745 314 53 modernist
1780 1751 319 47 movement
2133 1745 113 53 and

258 1822 95 52 the
376 1824 267 67 reaction,
668 1823 313 52 translated
1007 1824 120 52 into
1154 1823 243 68 English
1423 1841 173 50 verse,
1620 1823 140 52 with
1787 1841 32 35 a
1845 1827 402 64 commentary,

260 1899 73 70 by
374 1900 68 55 G.
484 1901 240 52 Dundas
767 1899 190 70 Craig.
1035 1900 293 68 Berkeley,
1372 1899 194 69 Calif.,
1609 1901 336 69 University
1988 1900 63 53 of
261 1899 1961 132 California
481 1997 174 49 press,
685 1981 149 50 1934.

330 2051 68 38 xii
427 2062 56 37 p..
513 2053 24 37 1
600 2083 7 16 l.,
636 2051 85 39 347
748 2061 43 37 p.
851 2050 55 40 24
910 2053 43 21 cm
959 2083 7 7 .

329 2106 100 41 The
455 2117 161 37 poems
645 2118 81 29 are
752 2107 141 48 given
919 2108 48 38 in
997 2106 205 48 Spanish
1231 2108 95 39 and
1353 2106 217 49 English.

330 2162 372 49 Bibliography:
737 2173 45 38 p.
815 2163 215 41 341-347.

264 2218 50 51 ©
342 2223 108 39 Jan.
477 2224 68 38 31.
574 2222 138 45 1934;
741 2223 67 39 2c.
837 2223 108 38 Feb.
975 2224 50 37 7:
1056 2222 79 39 aff.
1166 2223 106 38 Feb.
1301 2223 81 38 12:
1413 2223 41 37 A
1480 2221 169 40 69396:
1681 2223 209 46 Regents
1919 2222 50 39 of
1998 2222 80 39 the
2107 2221 138 40 Univ.

329 2280 49 38 of
410 2279 283 40 California.
726 2280 246 45 Berkeley.
1006 2279 141 40 Calif.
1220 2279 247 45 (34-3949)

265 2354 324 64 Crawford,
621 2355 151 53 Cecil
804 2354 280 65 Clement,
1117 2358 168 49 1893-

337 2430 232 53 Sermon
610 2432 240 52 outlines
888 2449 69 33 on
996 2432 93 50 the
1129 2449 145 34 cross
1311 2432 61 50 of
1412 2431 221 65 Christ;
1676 2431 268 67 specially
1983 2429 266 69 designed

266 2507 91 52 for
384 2508 328 66 pre-Easter
743 2509 328 60 devotional,
1093 2508 109 52 and
1229 2509 365 67 evangelistic
1622 2511 345 66 campaigns,
1992 2509 74 68 by
2096 2508 59 54 C.
2187 2508 59 54 C.

269 2585 1980 71 Crawford … Nashville, Tenn., McQuiddy printing company
269 2666 192 64 [c1933]

335 2734 86 40 172
445 2745 43 37 p.
545 2734 55 40 19
603 2738 42 20 cm
652 2767 7 8 .

336 2791 347 48 Bibliography:
741 2803 42 36 p.
813 2792 214 41 170-172.

269 2848 50 51 ©
348 2853 110 39 Dec.
487 2852 67 41 29.
584 2853 138 39 1933;
753 2853 66 39 2c.
848 2853 106 39 Jan.
983 2855 39 38 4.
1052 2853 138 39 1934;
1222 2853 80 39 aff.
1332 2854 108 40 Jan.
1469 2855 52 39 3:
1553 2856 41 37 A
1622 2854 168 41 69446:
1824 2856 48 40 C.
1903 2856 46 40 C.
1982 2854 268 46 Crawford,

336 2910 64 39 St.
430 2910 159 39 Louis.
661 2910 247 47 (34-4035)

271 2983 196 64 Davis,
499 2985 223 53 Horace
752 2984 266 64 Webber,
1049 2989 167 49 1883-

335 3058 210 68 Money
590 3078 182 48 sense;
825 3079 71 34 an
946 3061 387 53 introduction
1383 3068 58 47 to
1491 3066 262 65 personal
1805 3064 326 68 economics,
2177 3064 77 69 by

267 3135 223 54 Horace
513 3137 87 52 W.
627 3137 195 53 Davis.
884 3138 137 53 New
1049 3139 160 52 York
1233 3140 112 52 and
1372 3140 256 69 London,
1654 3141 428 55 McGraw-Hill
2107 3142 148 53 book

267 3232 295 50 company,
590 3215 125 67 inc.,
744 3217 149 51 1934.

337 3285 63 50 xi,
429 3287 86 39 256
543 3297 42 37 p.
646 3288 151 46 diagr.
858 3288 55 40 19
917 3290 43 21 cm
964 3321 8 7 .

342 3341 371 42 “References”:
745 3354 42 36 p.
817 3342 98 42 248.

271 3395 51 51 ©
354 3400 109 39 Feb.
493 3401 38 38 3.
562 3400 139 40 1934;
735 3402 64 38 2c.
833 3404 99 37 and
958 3403 78 38 aff.
1071 3403 113 45 Feb.,
1211 3403 50 39 9:
1296 3404 39 37 A
1368 3403 167 40 69360:
1571 3406 56 37 H.
1662 3407 70 38 W.
1766 3405 163 40 Davis.
337 3406 1898 90 Binghampton.

511 3490 6 5 N.
548 3457 52 40 Y.
673 3458 247 45 (34-3891)

269 3528 263 66 Dewing,
562 3532 232 53 Arthur
822 3535 197 63 Stone,
1051 3538 168 49 1880-

336 3606 54 51 A
427 3608 170 64 study
632 3608 63 51 of
730 3611 361 65 corporation
1128 3611 302 67 securities,
1468 3613 148 53 their
1651 3620 200 47 nature
1889 3616 111 52 and
2037 3633 121 36 uses
2194 3618 61 52 in

268 3682 231 57 finance,
539 3684 74 66 by
654 3686 222 52 Arthur
921 3687 171 53 Stone
1136 3688 256 68 Dewing.
1469 3691 137 51 New
1650 3692 178 66 York,
1869 3692 119 52 The
2030 3693 225 52 Ronald

267 3778 154 48 press
456 3779 278 49 company:
790 3770 18 20 c
814 3766 148 64 1934]

337 3833 63 47 ix,
431 3834 85 40 427
547 3846 41 36 p.
649 3835 55 39 22
708 3838 44 21 cm
757 3868 7 7 .

272 3885 51 50 ©
354 3890 108 40 Feb.
492 3891 66 40 20.
590 3892 138 40 1934;
759 3893 64 40 2c.
855 3896 93 37 and
979 3894 78 39 aff.
1090 3895 108 39 Feb.
1229 3896 80 38 24:
1343 3897 41 38 A
1413 3896 167 40 70354:
1614 3899 190 39 Ronald
1834 3909 134 35 press
1999 3910 64 28 co.

346 3947 248 50 (34-4075)
