2350 4296
1058 4008 137 53 1457

167 354 163 66 Bain,
360 356 201 65 Harry
591 358 228 64 Foster,
852 357 171 54 1872-

234 432 1865 70 Ores and industry in South America, by H. Foster Bain …
163 510 1996 67 and Thomas Thornton Read … New York and London, Pub.
166 587 90 54 for
296 589 93 51 the
433 588 241 54 Council
715 609 72 33 on
830 589 227 68 foreign
1099 589 270 53 relations
1409 589 76 66 by
1525 589 233 66 Harper
1797 592 46 50 &
1883 589 276 65 brothers,

163 669 148 49 1934.

231 738 83 39 xvi
356 749 58 37 p.,
461 739 24 38 1
567 771 6 10 l.,
619 737 85 41 381
749 751 43 37 p.
838 739 110 40 incl.
993 739 150 40 front,
1173 738 158 49 (map)
1385 739 127 40 illus.
1543 739 184 47 (maps)
1783 740 153 48 diagr.
2011 740 54 38 22½
2100 744 42 20 cm
2149 775 6 5 .

164 793 345 50 [Publications
537 795 51 40 of
615 796 82 40 the
726 794 199 42 Council
954 807 57 29 on
1038 795 190 48 foreign
1255 795 250 49 relations]

232 849 145 42 “This
412 852 120 40 book
568 852 41 40 is
647 852 80 41 the
764 853 273 47 outgrowth
1075 851 51 41 of
1160 861 27 30 a
1224 851 150 41 series
1411 851 51 40 of
1497 851 298 40 discussions
1833 853 106 40 held
1982 855 56 46 by
2078 856 77 38 the

162 906 232 43 Minerals
430 909 144 46 study
612 920 152 37 group
800 909 51 39 of
885 910 82 38 the
1004 906 198 42 Council
1238 919 59 28 on
1332 907 190 49 foreign
1562 908 232 40 relations
1829 910 46 37 in
1914 910 107 39 1031
2064 912 91 37 and

160 964 348 41 1932.“—Pref.

229 1020 161 41 “First
426 1020 227 42 edition.”

230 1075 347 51 Bibliography
608 1077 221 41 included
864 1078 50 38 in
946 1077 81 39 the
1055 1075 209 49 preface.

160 1145 1830 51 © Nov. 1, 1934: 2c. 'Nov. 2; aff. Nov. 3; A 77083: Harper & bros.
236 1206 279 49 (34-36752)

155 1309 190 65 Beals,
383 1310 294 64 Carleton,
718 1313 169 48 1893-

225 1386 135 53 Fire
389 1405 73 35 on
491 1387 94 52 the
615 1387 195 52 Andes
846 1386 108 66 [by]
993 1387 267 54 Carleton
1291 1386 186 65 Beals,
1506 1387 382 52 illustrations
1918 1388 35 51 by
2022 1389 132 52 Jose

158 1462 262 70 Sabogal.
498 1463 426 68 Philadelphia,
968 1464 256 67 London,
1268 1464 54 54 J.
1368 1466 65 50 B.
1483 1464 336 67 Lippincott
1858 1481 297 52 company.

156 1545 149 52 1934.

223 1617 98 48 481,
354 1617 54 48 [1]
441 1628 42 36 p.
539 1617 164 46 front.,
734 1617 129 38 illus.
919 1615 54 39 22½
1008 1616 43 22 cm
1056 1646 7 7 .

223 1674 289 40 Illustrated
543 1673 364 49 lining-papers.

226 1730 162 41 “First
420 1729 227 42 edition.”

225 1788 247 41 “Selected
500 1786 396 49 bibliography”:
926 1798 41 37 p.
996 1785 236 51 449-[457]

155 1855 50 51 ©
233 1860 117 40 Nov.
377 1859 39 48 2,
443 1858 141 47 1934;
615 1857 65 41 2c.
709 1858 94 39 and
830 1858 79 38 aff.
938 1859 117 39 Nov.
1084 1858 81 46 15;
1195 1858 40 38 A
1261 1857 171 46 78115;
1463 1857 48 41 C.
1541 1859 159 46 Beals,
1730 1859 250 46 Berkeley,
2010 1857 144 42 Calif.

233 1916 280 48 (34-28455)

156 2019 205 65 Belloc,
393 2018 246 64 Hilaire,
671 2019 172 53 1870-

215 2097 57 53 A
295 2097 221 53 shorter
538 2095 223 68 history
785 2095 64 54 of
872 2095 289 68 England,
1184 2094 74 68 by
1283 2093 228 54 Hilaire
1540 2094 207 54 Belloc.
1811 2096 136 52 New
1973 2095 180 68 York,

146 2175 120 52 The
295 2174 336 53 Macmillan
661 2191 297 50 company,
991 2176 149 49 1934.

218 2249 97 48 674,
350 2249 54 49 [1]
437 2259 42 37 p.
541 2247 129 40 illus.
699 2246 186 48 (maps)
953 2246 55 40 22
1012 2248 15 21 cm
1061 2279 7 8 .

154 2301 50 53 ©
233 2306 101 40 Oct.
363 2305 68 46 23,
460 2304 140 47 1934;
630 2303 67 41 2c.
726 2304 96 39 and
850 2303 78 40 aff.
962 2303 101 40 Oct.
1091 2302 81 48 24;
1202 2304 40 38 A
1271 2303 142 40 76728
1431 2315 8 30 ;
1473 2303 282 40 Macmillan
1785 2315 65 29 co.

230 2362 280 49 (34-36600)

148 2466 184 54 Bible.
410 2468 63 52 O.
514 2470 62 51 T.
653 2465 238 54 Psalms.
967 2465 262 67 English.
1306 2469 152 61 1934.

145 2540 1981 150 … The book of Psalms, by George Ricker Berry … Philadelphia,
435 2621 219 52 Boston
699 2624 138 62 [etc.]
882 2619 121 53 The
1043 2618 308 54 American
1392 2620 234 68 Baptist
1669 2619 356 69 publication
146 2638 1979 131 society
343 2702 172 64 [1934]

217 2773 26 39 2
277 2782 41 38 p.
389 2804 9 17 l.,
430 2772 187 49 iii-xix,
653 2770 173 40 21-251
861 2780 42 38 p.
965 2769 55 39 22½
1054 2771 43 23 cm
1103 2802 8 7 .
1182 2770 97 48 (An
1313 2771 258 40 American
1607 2773 328 45 commentary
1973 2782 60 30 on
2070 2772 82 40 the

145 2829 91 41 Old
268 2829 306 48 Testament)

217 2885 291 42 “Published
534 2885 128 46 July,
687 2883 159 42 1934.”

219 2942 184 48 George
482 2974 8 7 R.
524 2940 196 47 Berry’s
755 2941 325 39 “translation
1113 2941 40 39 is
1187 2943 117 39 used
1339 2952 54 29 as
1427 2952 27 29 a
1487 2943 206 45 parallel
1727 2944 48 38 to
1808 2944 82 39 the
1923 2943 55 39 A.
2014 2943 53 40 V.
2099 2944 49 39 in

146 2998 80 42 the
252 2999 125 46 body
402 2997 54 41 of
481 2999 82 39 the
591 2997 372 48 commentary”,
1024 2998 59 46 cf.
1143 2998 156 40 Introd.

218 3054 362 43 “Literature”:
611 3064 44 38 p.
682 3054 135 41 xviii.

149 3111 50 51 ©
232 3115 116 47 July
378 3114 67 48 10,
478 3113 114 41 1934
611 3125 8 35 ;
653 3113 67 40 2c.
751 3115 96 38 and
878 3113 81 40 aff.
993 3113 127 47 Sept.
1155 3114 23 37 6
1197 3125 7 35 ;
1239 3114 41 38 A
1311 3114 143 39 75164
1473 3125 7 35 ;
1515 3115 158 39 Amer.
1707 3116 198 46 Baptist
215 3118 1914 94 publication
348 3183 92 29 soc.
512 3170 281 49 (34-36604)

152 3275 194 64 Brind,
376 3274 228 55 Walter
631 3274 264 64 Lannoy.

213 3351 1931 71 Fishes in aquaria [by] Walter Lannoy Brind … [New York,
145 3430 86 54 W.
262 3432 63 53 L.
358 3431 203 64 Brind,
587 3437 20 21 c
613 3434 151 62 1934]

218 3502 638 42 20 v. in l. illus. 24 cm .
219 3559 295 42 Cover-title.

217 3617 133 39 Each
376 3619 190 37 volume
595 3618 102 38 also
727 3616 255 48 published
1011 3617 289 47 separately.

486 3684 135 29 CONTENTS.—[v.
658 3671 40 51 1]
740 3673 171 40 Fishes
947 3673 51 39 in
1034 3672 344 48 aquaria.—[v.
1416 3673 42 51 2]
1496 3674 180 40 Advice
1716 3676 44 38 to
1799 3676 247 47 aquarists
2084 3689 57 29 on

152 3729 134 41 “how
328 3733 48 37 to
420 3730 370 48 succeed”.—[v.
834 3729 41 50 3]
921 3731 101 39 The
1064 3740 107 30 new
1215 3731 256 47 aquarium
1515 3733 96 38 and
1655 3732 63 40 its
1763 3732 380 42 inhabitants.—

153 3806 57 29 [v.
244 3785 43 52 4]
323 3787 210 49 Aquatic
569 3788 138 47 plant
740 3787 89 40 life
866 3787 210 48 adapted
1112 3787 79 39 for
1225 3788 140 43 home
1400 3789 206 46 aquaria
1655 3788 159 48 (fresh
1850 3793 154 38 water
149 3801 1973 92 species)—[V.
436 3843 42 51 5]
515 3844 174 48 Living
720 3843 90 40 fish
845 3844 142 40 foods
1019 3843 79 40 for
1131 3844 201 47 tropical
1373 3846 95 38 and
1501 3846 105 39 cold
1644 3848 155 37 water
1830 3847 232 41 fish.—[v.
2097 3848 41 50 6]

149 3899 225 47 Diseases
411 3902 55 39 of
498 3901 93 43 fish
635 3900 205 49 (having
875 3900 190 49 special
1089 3901 201 49 bearing
1330 3913 57 28 on
1425 3902 258 49 aquarium
1720 3904 325 50 species)—[v
2103 3906 25 41 7]
