2350 4196
1113 4008 131 56 1228

180 372 236 65 Caplan,
446 376 216 63 Harry,
695 378 169 51 1896-

249 451 319 52 Mediaeval
603 455 145 51 artes
783 452 395 68 praedicandi:
1218 472 26 32 a
1276 452 296 65 hand-list,
1604 452 74 66 by
1710 453 197 64 Harry
1942 450 219 69 Caplan

181 529 1957 147 … Ithaca, N. Y., Cornell university press: London, H. Milford. Oxford university press. 1934.
250 682 27 38 5
301 693 42 35 p.
406 712 7 10 l.,
445 681 52 39 52
526 693 41 35 p.
621 681 54 40 23½
709 685 43 19 cm
757 713 6 6 .
833 683 295 47 (Half-title:
1157 682 190 39 Cornell
1379 681 184 39 studies
1593 681 50 38 in
1673 680 218 39 classical
1922 680 243 47 philology

227 747 317 32 … Vol. XXIV)
256 795 126 38 “The
413 805 207 36 expense
653 796 50 38 of
736 796 277 47 publishing
1046 796 96 39 this
1175 796 188 37 volume
1397 805 100 28 was
1530 795 146 38 borne
1709 795 60 45 by
1801 805 24 27 a
1863 803 142 37 gram
2038 794 127 37 from

182 853 81 37 the
309 851 199 40 Charles
555 852 167 39 Edwin
769 853 208 39 Bennett
1019 853 121 38 fund
1185 852 78 38 for
1310 852 223 39 research
1579 852 48 37 in
1674 852 79 38 the
1799 850 223 39 classical
179 851 1969 103 languages."—Verso

645 909 50 38 of
722 910 57 38 3d
811 909 183 47 prelim,
1024 909 112 39 leaf.

184 974 1980 52 © Sept. l. 1934: 2c·. and aff. Sept. 6: A 75172: Cornell univ., Ithaca.
298 1065 7 7 N.
334 1035 51 38 Y.
461 1035 277 47 (34-31424)

178 1138 240 64 Carson,
450 1138 174 64 Sally.

251 1213 255 55 Crooked
533 1233 165 35 cross,
721 1216 73 64 by
823 1215 158 67 Sally
1009 1215 228 53 Carson.
1313 1216 256 51 London.
1595 1214 237 51 Hodder
1855 1216 44 49 &
180 1212 1962 137 Stoughton,
326 1292 237 55 limited.
597 1296 148 49 1934.

251 1365 495 48 345 p., 1 l. 19½ cm .
189 1418 50 51 ©
297 1434 35 28 1c.
365 1423 125 47 Sept.
518 1423 37 40 8.
586 1423 138 40 1934:
756 1425 39 36 A
821 1425 57 38 ad
911 1425 84 39 int.
1027 1424 166 38 19345:
1225 1424 141 46 pubd.
1397 1423 81 38 July
1541 1422 80 39 12:
1656 1422 43 40 S.
1731 1421 196 40 Carson.
1959 1421 209 38 London.

268 1480 277 45 (34-31448)

181 1577 323 64 Champion
536 1578 69 52 de
638 1578 345 62 Crespigny,
1013 1577 137 51 Mrs.
1183 1577 150 51 Rose
1366 1576 187 63 (Key)

252 1654 139 53 This
448 1654 178 52 world
685 1655 112 51 and
852 1653 239 67 beyond,
1145 1652 73 67 by
1275 1653 136 51 Mrs.
1470 1652 199 67 Philip
1729 1651 321 68 Champion
2106 1654 66 51 de

184 1729 1983 71 Crespigny … London, Toronto [etc.] Cassell & co., ltd. [1934]
254 1805 100 40 viii.
386 1806 83 40 311
503 1817 41 36 p.
606 1804 55 40 19½
693 1807 43 20 cm
743 1835 6 6 .

191 1859 1983 51 © 1c. Aug. 24. 2934: A ad int. 19303; pubd. June 28; R. K. Champion de
261 1919 276 48 Crespigny.
568 1918 208 40 London.
848 1917 277 47 (34-32144)

183 2021 584 64 Choosing-a-career
813 2021 343 53 conference
1200 2021 94 51 for
1340 2020 213 64 college
1598 2037 131 35 men
1773 2021 113 52 and
1930 2036 243 37 women.

251 2103 104 63 1st,
381 2100 264 66 Newark,
672 2101 70 51 N.
773 2102 39 51 J.,
881 2101 147 51 1934.

261 2174 287 69 Choosing
579 2193 30 34 a
639 2192 214 35 career:
886 2174 257 68 speeches
1175 2175 282 53 delivered
1491 2181 60 46 at
1579 2175 95 52 the
1706 2174 123 53 first
189 2173 1984 132 Choosing-a-career
481 2251 328 54 conference
856 2251 92 53 for

996 2252 207 62 college
1252 2271 124 33 men
1424 2254 110 51 and
1586 2269 230 37 women,
1866 2251 187 54 edited
2101 2252 71 53 by

189 2328 220 70 George
448 2329 198 68 Bijur:
690 2329 135 51 with
870 2348 69 33 an
983 2329 385 53 introduction
1411 2330 73 68 by
1527 2329 295 55 Governor
1862 2332 71 50 A.
1978 2329 195 68 Harry
186 2408 193 52 Moore
415 2410 62 51 of
514 2409 135 51 New
686 2410 215 52 Jersey.

188 2408 1963 145 New York. Farrar and Rinehart, incorporated [ c 1934]
265 2558 79 38 xvi
376 2569 55 37 p.,
463 2559 22 37 1
537 2589 7 7 l.,
589 2556 84 40 274
702 2567 42 37 p.
805 2556 54 40 21½
893 2560 42 20 cm
941 2590 6 6 .

264 2614 118 40 This
407 2614 279 40 conference
716 2623 99 30 was
843 2614 105 40 held
979 2615 24 38 by
1067 2615 78 39 the
1174 2615 289 47 Bamberger
1491 2614 290 41 foundation
1810 2615 47 39 in
1889 2615 205 39 Newark
2121 2625 59 29 on

195 2670 124 41 June
347 2670 68 41 26.
447 2671 53 38 27
531 2672 93 38 and
654 2670 67 44 28,
753 2669 125 41 1934.

197 2726 52 50 ©
283 2731 125 46 Sept.
442 2731 66 39 17.
542 2729 138 40 1934:
714 2729 65 39 2c.
816 2730 124 46 Sept.
974 2730 78 39 19:
1089 2730 80 39 aff.
1204 2731 126 46 Sept.
1362 2731 80 40 18:
1480 2733 37 36 A
1553 2730 166 40 74977:
1757 2732 182 38 Farrar
1971 2731 37 39 &
261 2731 1900 110 Rinehart,
414 2794 90 40 inc.
576 2792 276 49 (34-31226)

189 2895 226 64 Clarke,
448 2896 244 55 Charles
720 2897 51 54 J.

265 2973 119 52 The
416 2974 310 67 beginning
757 2974 63 52 of
849 2975 175 66 mind,
1056 2975 470 66 discrimination,
1555 2976 96 52 the
1681 2976 107 51 end
1820 2974 63 53 of
1911 2972 266 54 so-called

196 3050 197 52 crime:
447 3051 246 66 analysis
742 3052 112 51 and
900 3052 279 66 synthesis
1227 3054 62 51 of
1339 3073 27 33 a
1416 3055 226 51 nation;
1696 3071 70 34 an
1814 3052 363 67 integration,

194 3127 1984 70 edited by Charles J. Clarke. Book one … New Hampton.
198 3204 65 50 N.
304 3205 86 56 Y.,
424 3206 117 51 The
576 3205 165 52 Mind
778 3206 177 52 world
990 3209 391 66 organization
1428 3208 453 68 (incorporated)
1928 3211 150 48 1934.

269 3273 24 39 2
322 3285 41 36 p.
427 3307 7 8 l.,
466 3275 173 48 [7]-160
667 3286 41 37 p.
766 3275 124 40 illus.
947 3276 54 39 20½
1034 3280 14 20 cm
1084 3310 6 6 .

270 3332 233 47 Excerpts
529 3331 125 40 from
687 3333 118 38 book
838 3338 105 34 two.
976 3334 127 39 "The
1133 3336 255 47 beginning
1418 3338 50 38 of
1496 3338 350 46 chaos—going
1874 3337 305 39 native—the

197 3388 87 38 end
318 3388 51 39 of
399 3388 187 39 mind’’:
620 3399 41 36 p.
708 3387 229 40 [129]-160.

198 3442 51 51 ©
277 3448 114 46 July
418 3448 66 39 28.
512 3446 112 40 1934:
679 3447 46 39 2c.
774 3448 93 38 and
896 3447 78 39 aff.
1002 3448 115 47 Aug.
1149 3451 46 37 7:
1227 3450 40 37 A
1293 3451 141 39 74530:
1493 3452 132 37 Mind
1655 3451 150 39 world
1833 3450 347 47 organization,

264 3503 89 40 inc.
425 3503 277 47 (34-31781)

192 3601 224 65 Clarke,
451 3606 224 54 Donald
711 3606 362 64 Henderson,
1112 3609 164 53 1887-

196 3682 1985 146 Lady Ann, by Donald Henderson Clarke … New York, The Vanguard press [ c 1934]
267 3832 27 37 4
323 3841 40 38 p.
428 3863 8 16 l.,
463 3832 145 41 3-309
634 3844 42 37 p.
737 3833 55 40 19½
824 3836 15 20 cm
874 3867 6 6 .

198 3884 49 50 ©
279 3889 132 47 Sept.
430 3890 67 40 25.
523 3889 139 41 1934:
690 3891 65 40 2c.
784 3891 99 39 Oct.
910 3892 50 37 1:
989 3902 25 28 aff
1101 3894 123 46 Sept.
1251 3893 81 47 27;
1362 3895 39 38 A
1429 3895 139 38 76254:
1628 3893 263 42 Vanguard
1917 3900 147 38 press,
2091 3891 90 39 inc.

274 3945 277 47 (54-31798)
