<alto xmlns="http://www.loc.gov/standards/alto/ns-v3#" xmlns:xlink="http://www.w3.org/1999/xlink" xmlns:xsi="http://www.w3.org/2001/XMLSchema-instance" xsi:schemaLocation="http://www.loc.gov/standards/alto/ns-v3# http://www.loc.gov/alto/v3/alto-3-0.xsd"><Description>
<MeasurementUnit>pixel</MeasurementUnit>
<sourceImageInformation>
<fileName>1934_v1_Part1.pdf</fileName>
</sourceImageInformation>
<OCRProcessing ID="IdOcr">
<ocrProcessingStep>
<processingDateTime>2019-01-10</processingDateTime>
<processingSoftware>
<softwareCreator>ABBYY</softwareCreator>
<softwareName>ABBYY Recognition Server</softwareName>
<softwareVersion>4.0</softwareVersion>
</processingSoftware>
</ocrProcessingStep>
</OCRProcessing>
</Description>
<Styles>
<ParagraphStyle ID="StyleId-FFFFFFFF-FFFF-FFFF-FFFF-FFFFFFFFFFFF-" ALIGN="Left" LEFT="0." RIGHT="0." FIRSTLINE="0."/>
<ParagraphStyle ID="StyleId-521E1FC6-FE7E-43A4-90E6-A9B61626A263-" ALIGN="Right" LEFT="0." RIGHT="0." FIRSTLINE="0." LINESPACE="13.30000019"/>
<ParagraphStyle ID="StyleId-639B624E-F6F5-47B6-BB1D-34E64B53022F-" ALIGN="Left" LEFT="0." RIGHT="0." FIRSTLINE="-27." LINESPACE="13.43999958"/>
<ParagraphStyle ID="StyleId-100905F9-D385-406B-A5BD-ED5B8FD85431-" ALIGN="Left" LEFT="0." RIGHT="0." FIRSTLINE="0."/>
<ParagraphStyle ID="StyleId-7C9F9BA2-EF3A-4B7F-8486-CCC7B7F49B39-" ALIGN="Left" LEFT="0." RIGHT="0." FIRSTLINE="-27." LINESPACE="18.71999931"/>
<ParagraphStyle ID="StyleId-350780E3-60F2-4605-88F5-BB54F9B87091-" ALIGN="Block" LEFT="0." RIGHT="0." FIRSTLINE="-27." LINESPACE="18.71999931"/>
<ParagraphStyle ID="StyleId-90B16C58-D795-4C77-9B89-30378C515D40-" ALIGN="Left" LEFT="0." RIGHT="0." FIRSTLINE="0." LINESPACE="14.39999962"/>
<ParagraphStyle ID="StyleId-17090E09-AFAF-4086-BD9B-4E99FAE6B057-" ALIGN="Right" LEFT="0." RIGHT="0." FIRSTLINE="-27." LINESPACE="14.39999962"/>
<ParagraphStyle ID="StyleId-8B87B633-89DB-4D72-B1FC-26E4ABD680BC-" ALIGN="Left" LEFT="0." RIGHT="0." FIRSTLINE="-27." LINESPACE="18.47999954"/>
<ParagraphStyle ID="StyleId-42DA7417-CA90-4D71-A57B-06556C38D752-" ALIGN="Left" LEFT="0." RIGHT="0." FIRSTLINE="0." LINESPACE="13.30000019"/>
<ParagraphStyle ID="StyleId-D8EE2A7E-42AE-4E35-98DB-F0F935637AA0-" ALIGN="Block" LEFT="0." RIGHT="0." FIRSTLINE="0." LINESPACE="6.599999905"/>
<ParagraphStyle ID="StyleId-33CD3121-D4F5-43B6-BA96-6382D166E6B8-" ALIGN="Left" LEFT="0." RIGHT="0." FIRSTLINE="0." LINESPACE="15.5"/>
<ParagraphStyle ID="StyleId-1CE52AFA-C319-4DD9-B4B1-F0EBFA2B3F0B-" ALIGN="Block" LEFT="0." RIGHT="0." FIRSTLINE="-21." LINESPACE="18.71999931"/>
<ParagraphStyle ID="StyleId-B74F1B65-92F1-49C5-A5FA-D20442F031F2-" ALIGN="Left" LEFT="0." RIGHT="0." FIRSTLINE="0." LINESPACE="17.70006076"/>
<ParagraphStyle ID="StyleId-79E2924A-215C-40B7-B577-7236BFBAA25E-" ALIGN="Center" LEFT="0." RIGHT="0." FIRSTLINE="0." LINESPACE="7.199999809"/>
</Styles>
<Layout>
<Page ID="Page782" PHYSICAL_IMG_NR="782" HEIGHT="4196" WIDTH="2350">
<TopMargin HEIGHT="372" WIDTH="2350" VPOS="0" HPOS="0">
</TopMargin>
<LeftMargin HEIGHT="3590" WIDTH="113" VPOS="372" HPOS="0">
</LeftMargin>
<RightMargin HEIGHT="3590" WIDTH="144" VPOS="372" HPOS="2206">
</RightMargin>
<BottomMargin HEIGHT="234" WIDTH="2350" VPOS="3962" HPOS="0">
<TextBlock ID="Page782_Block1" HEIGHT="64" WIDTH="324" VPOS="4004" HPOS="1079" LANG="en-US" STYLEREFS="StyleId-8C1B8E09-02B9-49DE-B631-DD86CAB538E3-">
<TextLine HEIGHT="50" WIDTH="100" VPOS="4004" HPOS="1143">
<String CONTENT="782" HEIGHT="50" WIDTH="100" VPOS="4004" HPOS="1143"/>
</TextLine>
</TextBlock>
</BottomMargin>
<PrintSpace HEIGHT="3590" WIDTH="2093" VPOS="372" HPOS="113">
<TextBlock ID="Page782_Block2" HEIGHT="3590" WIDTH="2006" VPOS="372" HPOS="200" LANG="en-US" CS="1" STYLEREFS="StyleId-FC2EEBFD-2AC1-4959-B807-6470F8AE4570-">
<TextLine HEIGHT="63" WIDTH="546" VPOS="378" HPOS="216" STYLEREFS="StyleId-005B9278-E30F-4018-9F51-13868FEE4420-">
<String CONTENT="Kirwan," HEIGHT="63" WIDTH="256" VPOS="378" HPOS="216"/>
<SP HEIGHT="61" WIDTH="31" VPOS="380" HPOS="473"/>
<String CONTENT="Patrick." HEIGHT="53" WIDTH="257" VPOS="380" HPOS="505"/>
</TextLine>
<TextLine HEIGHT="66" WIDTH="1825" VPOS="457" HPOS="346" STYLEREFS="StyleId-34DA8FDF-1204-4835-A4D4-6E0A60AD486A-" CS="1">
<String CS="1" CONTENT="&#8230;"/>
<SP HEIGHT="51" WIDTH="31" VPOS="458" HPOS="346"/>
<String CONTENT="Black" HEIGHT="52" WIDTH="179" VPOS="457" HPOS="378"/>
<SP HEIGHT="51" WIDTH="24" VPOS="458" HPOS="558"/>
<String CONTENT="exchange." HEIGHT="66" WIDTH="298" VPOS="457" HPOS="583"/>
<SP HEIGHT="49" WIDTH="74" VPOS="459" HPOS="882"/>
<String CONTENT="New" HEIGHT="49" WIDTH="134" VPOS="459" HPOS="957"/>
<SP HEIGHT="51" WIDTH="28" VPOS="458" HPOS="1092"/>
<String CONTENT="York," HEIGHT="65" WIDTH="176" VPOS="457" HPOS="1121"/>
<SP HEIGHT="63" WIDTH="25" VPOS="459" HPOS="1298"/>
<String CONTENT="The" HEIGHT="52" WIDTH="119" VPOS="457" HPOS="1324"/>
<SP HEIGHT="51" WIDTH="26" VPOS="458" HPOS="1444"/>
<String CONTENT="Vanguard" HEIGHT="65" WIDTH="312" VPOS="458" HPOS="1471"/>
<SP HEIGHT="64" WIDTH="30" VPOS="459" HPOS="1784"/>
<String CONTENT="press" HEIGHT="48" WIDTH="152" VPOS="475" HPOS="1815"/>
<SP HEIGHT="46" WIDTH="31" VPOS="477" HPOS="1968"/>
<String CONTENT="[" HEIGHT="33" WIDTH="11" VPOS="490" HPOS="2000"/>
<String STYLE="superscript" CONTENT="c" HEIGHT="20" WIDTH="16" VPOS="464" HPOS="2016"/>
<String CS="1" CONTENT="1934]" HEIGHT="48" WIDTH="131" VPOS="462" HPOS="2040"/>
</TextLine>
<TextLine HEIGHT="48" WIDTH="612" VPOS="528" HPOS="291" CS="1">
<String CONTENT="5" HEIGHT="39" WIDTH="25" VPOS="528" HPOS="291"/>
<SP HEIGHT="45" WIDTH="26" VPOS="528" HPOS="317"/>
<String CONTENT="p." HEIGHT="36" WIDTH="41" VPOS="537" HPOS="344"/>
<SP HEIGHT="38" WIDTH="26" VPOS="530" HPOS="386"/>
<String CONTENT="l.," HEIGHT="46" WIDTH="44" VPOS="530" HPOS="413"/>
<SP HEIGHT="47" WIDTH="26" VPOS="529" HPOS="458"/>
<String CONTENT="3-307" HEIGHT="40" WIDTH="143" VPOS="529" HPOS="485"/>
<SP HEIGHT="45" WIDTH="27" VPOS="531" HPOS="629"/>
<String CONTENT="p." HEIGHT="36" WIDTH="41" VPOS="540" HPOS="657"/>
<SP HEIGHT="40" WIDTH="59" VPOS="530" HPOS="699"/>
<String CS="1" CONTENT="19&#189;" HEIGHT="40" WIDTH="26" VPOS="528" HPOS="788"/>
<String STYLE="superscript" CONTENT="cm" HEIGHT="20" WIDTH="43" VPOS="532" HPOS="846"/>
<String CONTENT="." HEIGHT="7" WIDTH="7" VPOS="561" HPOS="896"/>
</TextLine>
<TextLine HEIGHT="52" WIDTH="1976" VPOS="581" HPOS="221">
<String CONTENT="&#169;" HEIGHT="51" WIDTH="50" VPOS="581" HPOS="221"/>
<SP HEIGHT="51" WIDTH="32" VPOS="581" HPOS="272"/>
<String CONTENT="June" HEIGHT="40" WIDTH="125" VPOS="585" HPOS="305"/>
<SP HEIGHT="39" WIDTH="29" VPOS="586" HPOS="431"/>
<String CONTENT="22." HEIGHT="40" WIDTH="69" VPOS="586" HPOS="461"/>
<SP HEIGHT="40" WIDTH="30" VPOS="586" HPOS="531"/>
<String CONTENT="1934" HEIGHT="40" WIDTH="114" VPOS="585" HPOS="562"/>
<SP HEIGHT="38" WIDTH="16" VPOS="587" HPOS="677"/>
<String CONTENT=":" HEIGHT="28" WIDTH="8" VPOS="597" HPOS="694"/>
<SP HEIGHT="39" WIDTH="33" VPOS="586" HPOS="703"/>
<String CONTENT="2c." HEIGHT="40" WIDTH="66" VPOS="586" HPOS="737"/>
<SP HEIGHT="29" WIDTH="33" VPOS="597" HPOS="804"/>
<String CONTENT="and" HEIGHT="38" WIDTH="94" VPOS="587" HPOS="838"/>
<SP HEIGHT="38" WIDTH="26" VPOS="587" HPOS="933"/>
<String CONTENT="aff." HEIGHT="40" WIDTH="83" VPOS="585" HPOS="960"/>
<SP HEIGHT="39" WIDTH="34" VPOS="586" HPOS="1044"/>
<String CONTENT="June" HEIGHT="39" WIDTH="123" VPOS="586" HPOS="1079"/>
<SP HEIGHT="38" WIDTH="31" VPOS="586" HPOS="1203"/>
<String CONTENT="26;" HEIGHT="47" WIDTH="81" VPOS="585" HPOS="1235"/>
<SP HEIGHT="47" WIDTH="34" VPOS="585" HPOS="1317"/>
<!-- cceid C1D2D178-6C64-1014-8713-889FF4349C01 --><String CONTENT="A" HEIGHT="39" WIDTH="40" VPOS="585" HPOS="1352"/>
<SP HEIGHT="40" WIDTH="31" VPOS="585" HPOS="1393"/>
<String CONTENT="73227;" HEIGHT="48" WIDTH="168" VPOS="584" HPOS="1425"/>
<SP HEIGHT="46" WIDTH="35" VPOS="586" HPOS="1594"/>
<String CONTENT="Vanguard" HEIGHT="46" WIDTH="263" VPOS="586" HPOS="1630"/>
<SP HEIGHT="46" WIDTH="31" VPOS="587" HPOS="1894"/>
<String CONTENT="press," HEIGHT="39" WIDTH="148" VPOS="594" HPOS="1926"/>
<SP HEIGHT="47" WIDTH="31" VPOS="586" HPOS="2075"/>
<String CONTENT="inc." HEIGHT="39" WIDTH="90" VPOS="586" HPOS="2107"/>
</TextLine>
<TextLine HEIGHT="47" WIDTH="276" VPOS="642" HPOS="297">
<String CONTENT="(34-17241)" HEIGHT="47" WIDTH="276" VPOS="642" HPOS="297"/>
</TextLine>
<TextLine HEIGHT="67" WIDTH="580" VPOS="731" HPOS="212" STYLEREFS="StyleId-005B9278-E30F-4018-9F51-13868FEE4420-">
<String CONTENT="Knight," HEIGHT="67" WIDTH="247" VPOS="731" HPOS="212"/>
<SP HEIGHT="64" WIDTH="29" VPOS="734" HPOS="460"/>
<String CONTENT="Marjorie." HEIGHT="63" WIDTH="302" VPOS="734" HPOS="490"/>
</TextLine>
<TextLine HEIGHT="145" WIDTH="1959" VPOS="809" HPOS="213" STYLEREFS="StyleId-34DA8FDF-1204-4835-A4D4-6E0A60AD486A-" CS="1">
<String CONTENT="The" HEIGHT="52" WIDTH="119" VPOS="810" HPOS="287"/>
<SP HEIGHT="53" WIDTH="30" VPOS="811" HPOS="407"/>
<String CONTENT="Japanese" HEIGHT="66" WIDTH="282" VPOS="811" HPOS="438"/>
<SP HEIGHT="48" WIDTH="30" VPOS="829" HPOS="721"/>
<String CONTENT="garden;" HEIGHT="65" WIDTH="241" VPOS="812" HPOS="752"/>
<SP HEIGHT="48" WIDTH="36" VPOS="829" HPOS="994"/>
<String CONTENT="or," HEIGHT="48" WIDTH="79" VPOS="829" HPOS="1031"/>
<SP HEIGHT="64" WIDTH="30" VPOS="813" HPOS="1111"/>
<String CONTENT="The" HEIGHT="52" WIDTH="120" VPOS="812" HPOS="1142"/>
<SP HEIGHT="54" WIDTH="32" VPOS="810" HPOS="1263"/>
<String CONTENT="four" HEIGHT="52" WIDTH="132" VPOS="810" HPOS="1296"/>
<SP HEIGHT="33" WIDTH="30" VPOS="829" HPOS="1429"/>
<String CONTENT="white" HEIGHT="52" WIDTH="170" VPOS="810" HPOS="1460"/>
<SP HEIGHT="49" WIDTH="31" VPOS="827" HPOS="1631"/>
<String CONTENT="pebbles," HEIGHT="67" WIDTH="242" VPOS="809" HPOS="1663"/>
<SP HEIGHT="65" WIDTH="29" VPOS="811" HPOS="1906"/>
<String CONTENT="by" HEIGHT="66" WIDTH="74" VPOS="811" HPOS="1936"/>
<SP HEIGHT="65" WIDTH="31" VPOS="812" HPOS="2011"/>
<String CONTENT="Marjorie" HEIGHT="142" WIDTH="1959" VPOS="812" HPOS="213"/>
</TextLine>
<TextLine HEIGHT="68" WIDTH="1793" VPOS="887" HPOS="407" STYLEREFS="StyleId-34DA8FDF-1204-4835-A4D4-6E0A60AD486A-" CS="1">
<String CONTENT="Knight;" HEIGHT="68" WIDTH="255" VPOS="887" HPOS="407"/>
<SP HEIGHT="60" WIDTH="52" VPOS="889" HPOS="663"/>
<String CONTENT="illustrated" HEIGHT="52" WIDTH="325" VPOS="888" HPOS="716"/>
<SP HEIGHT="52" WIDTH="48" VPOS="888" HPOS="1042"/>
<String CONTENT="by" HEIGHT="66" WIDTH="74" VPOS="889" HPOS="1091"/>
<SP HEIGHT="66" WIDTH="51" VPOS="889" HPOS="1166"/>
<String CONTENT="Clinton" HEIGHT="55" WIDTH="232" VPOS="888" HPOS="1218"/>
<SP HEIGHT="51" WIDTH="50" VPOS="888" HPOS="1451"/>
<String CONTENT="Knight." HEIGHT="67" WIDTH="243" VPOS="888" HPOS="1502"/>
<SP HEIGHT="51" WIDTH="85" VPOS="890" HPOS="1746"/>
<String CONTENT="New" HEIGHT="51" WIDTH="137" VPOS="890" HPOS="1832"/>
<SP HEIGHT="51" WIDTH="51" VPOS="889" HPOS="1970"/>
<String CONTENT="York," HEIGHT="67" WIDTH="178" VPOS="888" HPOS="2022"/>
</TextLine>
<TextLine HEIGHT="69" WIDTH="956" VPOS="964" HPOS="220" STYLEREFS="StyleId-34DA8FDF-1204-4835-A4D4-6E0A60AD486A-" CS="1">
<String LANG="la" CONTENT="E." HEIGHT="52" WIDTH="64" VPOS="964" HPOS="220"/>
<SP HEIGHT="51" WIDTH="27" VPOS="965" HPOS="285"/>
<String CONTENT="P." HEIGHT="54" WIDTH="65" VPOS="965" HPOS="313"/>
<SP HEIGHT="53" WIDTH="27" VPOS="966" HPOS="379"/>
<String CONTENT="Dutton" HEIGHT="52" WIDTH="223" VPOS="966" HPOS="407"/>
<SP HEIGHT="49" WIDTH="24" VPOS="970" HPOS="631"/>
<String CONTENT="&amp;" HEIGHT="49" WIDTH="45" VPOS="970" HPOS="656"/>
<SP HEIGHT="49" WIDTH="23" VPOS="970" HPOS="702"/>
<String CONTENT="co.," HEIGHT="48" WIDTH="95" VPOS="984" HPOS="726"/>
<SP HEIGHT="66" WIDTH="23" VPOS="966" HPOS="822"/>
<String CONTENT="inc." HEIGHT="54" WIDTH="106" VPOS="966" HPOS="846"/>
<SP HEIGHT="31" WIDTH="34" VPOS="1001" HPOS="953"/>
<String CS="1" CONTENT="["/>
<String STYLE="superscript" CONTENT="c" HEIGHT="21" WIDTH="17" VPOS="973" HPOS="1005"/>
<String CONTENT="1934]" HEIGHT="63" WIDTH="150" VPOS="970" HPOS="1026"/>
</TextLine>
<TextLine HEIGHT="49" WIDTH="1052" VPOS="1037" HPOS="290" CS="1">
<String CONTENT="171" HEIGHT="40" WIDTH="83" VPOS="1037" HPOS="290"/>
<SP HEIGHT="48" WIDTH="25" VPOS="1037" HPOS="374"/>
<String CONTENT="p." HEIGHT="37" WIDTH="43" VPOS="1048" HPOS="400"/>
<SP HEIGHT="39" WIDTH="26" VPOS="1038" HPOS="444"/>
<String CONTENT="incl." HEIGHT="40" WIDTH="108" VPOS="1038" HPOS="471"/>
<SP HEIGHT="40" WIDTH="27" VPOS="1038" HPOS="580"/>
<String CONTENT="front.," HEIGHT="48" WIDTH="161" VPOS="1038" HPOS="608"/>
<SP HEIGHT="46" WIDTH="26" VPOS="1040" HPOS="770"/>
<String CONTENT="illus.," HEIGHT="46" WIDTH="143" VPOS="1040" HPOS="797"/>
<SP HEIGHT="36" WIDTH="27" VPOS="1050" HPOS="941"/>
<String CONTENT="plates." HEIGHT="46" WIDTH="170" VPOS="1040" HPOS="969"/>
<SP HEIGHT="39" WIDTH="56" VPOS="1039" HPOS="1140"/>
<String CS="1" CONTENT="20&#189;" HEIGHT="40" WIDTH="58" VPOS="1037" HPOS="1197"/>
<String STYLE="superscript" CONTENT="cm" HEIGHT="21" WIDTH="43" VPOS="1039" HPOS="1286"/>
<String CONTENT="." HEIGHT="9" WIDTH="8" VPOS="1069" HPOS="1334"/>
</TextLine>
<TextLine HEIGHT="50" WIDTH="677" VPOS="1093" HPOS="289">
<String CONTENT="Illustrated" HEIGHT="41" WIDTH="286" VPOS="1093" HPOS="289"/>
<SP HEIGHT="38" WIDTH="28" VPOS="1096" HPOS="576"/>
<String CONTENT="lining-papers." HEIGHT="48" WIDTH="361" VPOS="1095" HPOS="605"/>
</TextLine>
<TextLine HEIGHT="43" WIDTH="413" VPOS="1149" HPOS="291">
<String CONTENT="&#8220;First" HEIGHT="42" WIDTH="160" VPOS="1149" HPOS="291"/>
<SP HEIGHT="38" WIDTH="28" VPOS="1154" HPOS="452"/>
<String CONTENT="edition.&#8221;" HEIGHT="42" WIDTH="223" VPOS="1150" HPOS="481"/>
</TextLine>
<TextLine HEIGHT="52" WIDTH="1978" VPOS="1203" HPOS="221">
<String CONTENT="&#169;" HEIGHT="51" WIDTH="50" VPOS="1203" HPOS="221"/>
<SP HEIGHT="51" WIDTH="27" VPOS="1203" HPOS="272"/>
<String CONTENT="June" HEIGHT="39" WIDTH="126" VPOS="1208" HPOS="300"/>
<SP HEIGHT="39" WIDTH="21" VPOS="1208" HPOS="427"/>
<String CONTENT="21," HEIGHT="47" WIDTH="69" VPOS="1208" HPOS="449"/>
<SP HEIGHT="47" WIDTH="25" VPOS="1208" HPOS="519"/>
<String CONTENT="1934;" HEIGHT="47" WIDTH="139" VPOS="1208" HPOS="545"/>
<SP HEIGHT="46" WIDTH="27" VPOS="1209" HPOS="685"/>
<String CONTENT="2c." HEIGHT="39" WIDTH="65" VPOS="1209" HPOS="713"/>
<SP HEIGHT="29" WIDTH="28" VPOS="1219" HPOS="779"/>
<String CONTENT="and" HEIGHT="38" WIDTH="93" VPOS="1210" HPOS="808"/>
<SP HEIGHT="38" WIDTH="26" VPOS="1210" HPOS="902"/>
<String CONTENT="aff." HEIGHT="40" WIDTH="79" VPOS="1208" HPOS="929"/>
<SP HEIGHT="39" WIDTH="27" VPOS="1209" HPOS="1009"/>
<String CONTENT="June" HEIGHT="39" WIDTH="125" VPOS="1209" HPOS="1037"/>
<SP HEIGHT="39" WIDTH="24" VPOS="1209" HPOS="1163"/>
<String CONTENT="22" HEIGHT="38" WIDTH="54" VPOS="1209" HPOS="1188"/>
<SP HEIGHT="45" WIDTH="18" VPOS="1209" HPOS="1243"/>
<String CONTENT=";" HEIGHT="35" WIDTH="7" VPOS="1219" HPOS="1262"/>
<SP HEIGHT="45" WIDTH="29" VPOS="1209" HPOS="1270"/>
<!-- cceid C1D33D63-6C64-1014-8713-889FF4349C01 --><String CONTENT="A" HEIGHT="37" WIDTH="41" VPOS="1209" HPOS="1300"/>
<SP HEIGHT="39" WIDTH="22" VPOS="1209" HPOS="1342"/>
<String CONTENT="72939" HEIGHT="41" WIDTH="142" VPOS="1207" HPOS="1365"/>
<SP HEIGHT="48" WIDTH="15" VPOS="1207" HPOS="1508"/>
<String CONTENT=";" HEIGHT="37" WIDTH="9" VPOS="1218" HPOS="1524"/>
<SP HEIGHT="46" WIDTH="30" VPOS="1209" HPOS="1534"/>
<String LANG="la" CONTENT="E." HEIGHT="37" WIDTH="50" VPOS="1209" HPOS="1565"/>
<SP HEIGHT="38" WIDTH="28" VPOS="1208" HPOS="1616"/>
<String CONTENT="P." HEIGHT="40" WIDTH="50" VPOS="1208" HPOS="1645"/>
<SP HEIGHT="39" WIDTH="26" VPOS="1209" HPOS="1696"/>
<String CONTENT="Dutton" HEIGHT="39" WIDTH="190" VPOS="1209" HPOS="1723"/>
<SP HEIGHT="40" WIDTH="21" VPOS="1208" HPOS="1914"/>
<String CONTENT="&amp;" HEIGHT="40" WIDTH="37" VPOS="1208" HPOS="1936"/>
<SP HEIGHT="40" WIDTH="25" VPOS="1208" HPOS="1974"/>
<String CONTENT="co.," HEIGHT="37" WIDTH="81" VPOS="1218" HPOS="2000"/>
<SP HEIGHT="46" WIDTH="26" VPOS="1209" HPOS="2082"/>
<String CONTENT="inc." HEIGHT="40" WIDTH="90" VPOS="1209" HPOS="2109"/>
</TextLine>
<TextLine HEIGHT="47" WIDTH="277" VPOS="1265" HPOS="298">
<String CONTENT="(34-17243)" HEIGHT="47" WIDTH="277" VPOS="1265" HPOS="298"/>
</TextLine>
<TextLine HEIGHT="64" WIDTH="505" VPOS="1355" HPOS="212" STYLEREFS="StyleId-005B9278-E30F-4018-9F51-13868FEE4420-">
<String CONTENT="Lamb," HEIGHT="64" WIDTH="203" VPOS="1355" HPOS="212"/>
<SP HEIGHT="63" WIDTH="29" VPOS="1356" HPOS="416"/>
<String CONTENT="Edward." HEIGHT="56" WIDTH="271" VPOS="1356" HPOS="446"/>
</TextLine>
<TextLine HEIGHT="69" WIDTH="1913" VPOS="1432" HPOS="285" STYLEREFS="StyleId-34DA8FDF-1204-4835-A4D4-6E0A60AD486A-" CS="1">
<String CONTENT="The" HEIGHT="52" WIDTH="119" VPOS="1433" HPOS="285"/>
<SP HEIGHT="49" WIDTH="36" VPOS="1451" HPOS="405"/>
<String CONTENT="planned" HEIGHT="67" WIDTH="249" VPOS="1433" HPOS="442"/>
<SP HEIGHT="51" WIDTH="32" VPOS="1433" HPOS="692"/>
<String CONTENT="economy" HEIGHT="51" WIDTH="269" VPOS="1450" HPOS="725"/>
<SP HEIGHT="68" WIDTH="34" VPOS="1433" HPOS="995"/>
<String CONTENT="in" HEIGHT="52" WIDTH="61" VPOS="1433" HPOS="1030"/>
<SP HEIGHT="34" WIDTH="35" VPOS="1452" HPOS="1092"/>
<String CONTENT="soviet" HEIGHT="53" WIDTH="178" VPOS="1433" HPOS="1128"/>
<SP HEIGHT="52" WIDTH="33" VPOS="1434" HPOS="1307"/>
<String CONTENT="Russia," HEIGHT="68" WIDTH="225" VPOS="1432" HPOS="1341"/>
<SP HEIGHT="67" WIDTH="33" VPOS="1433" HPOS="1567"/>
<String CONTENT="by" HEIGHT="68" WIDTH="74" VPOS="1433" HPOS="1601"/>
<SP HEIGHT="68" WIDTH="35" VPOS="1433" HPOS="1676"/>
<String CONTENT="Edward" HEIGHT="53" WIDTH="252" VPOS="1432" HPOS="1712"/>
<SP HEIGHT="52" WIDTH="36" VPOS="1433" HPOS="1965"/>
<String CONTENT="Lamb." HEIGHT="54" WIDTH="196" VPOS="1432" HPOS="2002"/>
</TextLine>
<TextLine HEIGHT="68" WIDTH="1501" VPOS="1510" HPOS="216" STYLEREFS="StyleId-34DA8FDF-1204-4835-A4D4-6E0A60AD486A-" CS="1">
<String CONTENT="Philadelphia," HEIGHT="68" WIDTH="423" VPOS="1510" HPOS="216"/>
<SP HEIGHT="67" WIDTH="26" VPOS="1511" HPOS="640"/>
<String CONTENT="Dorrance" HEIGHT="52" WIDTH="289" VPOS="1511" HPOS="667"/>
<SP HEIGHT="50" WIDTH="29" VPOS="1514" HPOS="957"/>
<String CONTENT="&amp;" HEIGHT="50" WIDTH="45" VPOS="1514" HPOS="987"/>
<SP HEIGHT="50" WIDTH="28" VPOS="1514" HPOS="1033"/>
<String CONTENT="company," HEIGHT="49" WIDTH="293" VPOS="1529" HPOS="1062"/>
<SP HEIGHT="67" WIDTH="25" VPOS="1511" HPOS="1356"/>
<String CONTENT="inc." HEIGHT="52" WIDTH="108" VPOS="1511" HPOS="1382"/>
<SP HEIGHT="34" WIDTH="35" VPOS="1544" HPOS="1491"/>
<String CS="1" CONTENT="["/>
<String STYLE="superscript" CONTENT="c" HEIGHT="20" WIDTH="21" VPOS="1517" HPOS="1542"/>
<String CONTENT="1934]" HEIGHT="63" WIDTH="150" VPOS="1514" HPOS="1567"/>
</TextLine>
<TextLine HEIGHT="48" WIDTH="566" VPOS="1583" HPOS="288" CS="1">
<String CONTENT="193" HEIGHT="41" WIDTH="83" VPOS="1583" HPOS="288"/>
<SP HEIGHT="47" WIDTH="20" VPOS="1584" HPOS="372"/>
<String CONTENT="p." HEIGHT="37" WIDTH="42" VPOS="1594" HPOS="393"/>
<SP HEIGHT="39" WIDTH="60" VPOS="1584" HPOS="436"/>
<String CONTENT="front." HEIGHT="40" WIDTH="148" VPOS="1584" HPOS="497"/>
<SP HEIGHT="39" WIDTH="62" VPOS="1584" HPOS="646"/>
<String CS="1" CONTENT="19&#189;" HEIGHT="41" WIDTH="58" VPOS="1583" HPOS="709"/>
<String STYLE="superscript" CONTENT="cm" HEIGHT="21" WIDTH="44" VPOS="1586" HPOS="796"/>
<String CONTENT="." HEIGHT="8" WIDTH="8" VPOS="1617" HPOS="846"/>
</TextLine>
<TextLine HEIGHT="48" WIDTH="968" VPOS="1640" HPOS="287">
<String CONTENT="&#8220;Selected" HEIGHT="41" WIDTH="245" VPOS="1640" HPOS="287"/>
<SP HEIGHT="39" WIDTH="19" VPOS="1641" HPOS="533"/>
<String CONTENT="bibliography&#8221;" HEIGHT="48" WIDTH="363" VPOS="1640" HPOS="553"/>
<SP HEIGHT="40" WIDTH="18" VPOS="1640" HPOS="917"/>
<String CONTENT=":" HEIGHT="28" WIDTH="9" VPOS="1652" HPOS="936"/>
<SP HEIGHT="37" WIDTH="31" VPOS="1651" HPOS="946"/>
<String CONTENT="p." HEIGHT="37" WIDTH="42" VPOS="1651" HPOS="978"/>
<SP HEIGHT="39" WIDTH="21" VPOS="1641" HPOS="1021"/>
<String CONTENT="191-193." HEIGHT="41" WIDTH="212" VPOS="1640" HPOS="1043"/>
</TextLine>
<TextLine HEIGHT="52" WIDTH="1979" VPOS="1694" HPOS="221">
<String CONTENT="&#169;" HEIGHT="51" WIDTH="51" VPOS="1694" HPOS="221"/>
<SP HEIGHT="51" WIDTH="31" VPOS="1694" HPOS="273"/>
<String CONTENT="June" HEIGHT="39" WIDTH="124" VPOS="1698" HPOS="305"/>
<SP HEIGHT="38" WIDTH="30" VPOS="1699" HPOS="430"/>
<String CONTENT="15," HEIGHT="46" WIDTH="67" VPOS="1698" HPOS="461"/>
<SP HEIGHT="45" WIDTH="31" VPOS="1699" HPOS="529"/>
<String CONTENT="1934;" HEIGHT="42" WIDTH="139" VPOS="1697" HPOS="561"/>
<SP HEIGHT="41" WIDTH="32" VPOS="1698" HPOS="701"/>
<String CONTENT="2c." HEIGHT="39" WIDTH="67" VPOS="1698" HPOS="734"/>
<SP HEIGHT="39" WIDTH="32" VPOS="1698" HPOS="802"/>
<String CONTENT="June" HEIGHT="39" WIDTH="124" VPOS="1698" HPOS="835"/>
<SP HEIGHT="38" WIDTH="28" VPOS="1699" HPOS="960"/>
<String CONTENT="15;" HEIGHT="44" WIDTH="80" VPOS="1699" HPOS="989"/>
<SP HEIGHT="35" WIDTH="35" VPOS="1708" HPOS="1070"/>
<String CONTENT="aff." HEIGHT="41" WIDTH="79" VPOS="1697" HPOS="1106"/>
<SP HEIGHT="40" WIDTH="33" VPOS="1698" HPOS="1186"/>
<String CONTENT="June" HEIGHT="39" WIDTH="124" VPOS="1698" HPOS="1220"/>
<SP HEIGHT="39" WIDTH="31" VPOS="1698" HPOS="1345"/>
<String CONTENT="21;" HEIGHT="46" WIDTH="81" VPOS="1698" HPOS="1377"/>
<SP HEIGHT="45" WIDTH="34" VPOS="1699" HPOS="1459"/>
<!-- cceid C1D3A2B7-6C64-1014-8713-889FF4349C01 --><String CONTENT="A" HEIGHT="37" WIDTH="40" VPOS="1699" HPOS="1494"/>
<SP HEIGHT="39" WIDTH="30" VPOS="1699" HPOS="1535"/>
<String CONTENT="73138;" HEIGHT="47" WIDTH="169" VPOS="1697" HPOS="1566"/>
<SP HEIGHT="46" WIDTH="33" VPOS="1698" HPOS="1736"/>
<String CONTENT="Dorrance" HEIGHT="40" WIDTH="247" VPOS="1698" HPOS="1770"/>
<SP HEIGHT="40" WIDTH="32" VPOS="1698" HPOS="2018"/>
<String CONTENT="&amp;" HEIGHT="39" WIDTH="37" VPOS="1698" HPOS="2051"/>
<SP HEIGHT="39" WIDTH="27" VPOS="1698" HPOS="2089"/>
<String CONTENT="co.," HEIGHT="38" WIDTH="83" VPOS="1708" HPOS="2117"/>
</TextLine>
<TextLine HEIGHT="47" WIDTH="437" VPOS="1755" HPOS="287">
<String CONTENT="inc." HEIGHT="39" WIDTH="89" VPOS="1755" HPOS="287"/>
<SP HEIGHT="47" WIDTH="69" VPOS="1755" HPOS="377"/>
<String CONTENT="(34-17251)" HEIGHT="47" WIDTH="277" VPOS="1755" HPOS="447"/>
</TextLine>
<TextLine HEIGHT="64" WIDTH="396" VPOS="1845" HPOS="214" STYLEREFS="StyleId-005B9278-E30F-4018-9F51-13868FEE4420-">
<String CONTENT="Lamb," HEIGHT="64" WIDTH="201" VPOS="1845" HPOS="214"/>
<SP HEIGHT="63" WIDTH="29" VPOS="1846" HPOS="416"/>
<String CONTENT="Jack." HEIGHT="55" WIDTH="164" VPOS="1846" HPOS="446"/>
</TextLine>
<TextLine HEIGHT="68" WIDTH="1910" VPOS="1922" HPOS="286" STYLEREFS="StyleId-34DA8FDF-1204-4835-A4D4-6E0A60AD486A-" CS="1">
<String CONTENT="How" HEIGHT="51" WIDTH="149" VPOS="1923" HPOS="286"/>
<SP HEIGHT="46" WIDTH="27" VPOS="1928" HPOS="436"/>
<String CONTENT="to" HEIGHT="49" WIDTH="58" VPOS="1928" HPOS="464"/>
<SP HEIGHT="36" WIDTH="29" VPOS="1941" HPOS="523"/>
<String CONTENT="catch" HEIGHT="50" WIDTH="160" VPOS="1925" HPOS="553"/>
<SP HEIGHT="50" WIDTH="31" VPOS="1925" HPOS="714"/>
<String CONTENT="ol" HEIGHT="51" WIDTH="54" VPOS="1923" HPOS="746"/>
<String STYLE="superscript" CONTENT="5" HEIGHT="24" WIDTH="9" VPOS="1924" HPOS="807"/>
<SP HEIGHT="53" WIDTH="29" VPOS="1924" HPOS="817"/>
<String CONTENT="John" HEIGHT="53" WIDTH="156" VPOS="1924" HPOS="847"/>
<SP HEIGHT="49" WIDTH="30" VPOS="1925" HPOS="1004"/>
<String CONTENT="Bass," HEIGHT="64" WIDTH="156" VPOS="1925" HPOS="1035"/>
<SP HEIGHT="67" WIDTH="29" VPOS="1922" HPOS="1192"/>
<String CONTENT="by" HEIGHT="68" WIDTH="74" VPOS="1922" HPOS="1222"/>
<SP HEIGHT="66" WIDTH="32" VPOS="1924" HPOS="1297"/>
<String CONTENT="Jack" HEIGHT="54" WIDTH="147" VPOS="1923" HPOS="1330"/>
<SP HEIGHT="51" WIDTH="29" VPOS="1923" HPOS="1478"/>
<String CONTENT="Lamb." HEIGHT="52" WIDTH="196" VPOS="1923" HPOS="1508"/>
<SP HEIGHT="32" WIDTH="79" VPOS="1956" HPOS="1705"/>
<String CS="1" CONTENT="[Fort" HEIGHT="51" WIDTH="141" VPOS="1924" HPOS="1803"/>
<SP HEIGHT="53" WIDTH="27" VPOS="1924" HPOS="1945"/>
<String CONTENT="Worth," HEIGHT="64" WIDTH="223" VPOS="1924" HPOS="1973"/>
</TextLine>
<TextLine HEIGHT="67" WIDTH="353" VPOS="2001" HPOS="217" STYLEREFS="StyleId-34DA8FDF-1204-4835-A4D4-6E0A60AD486A-">
<String CONTENT="Tex.," HEIGHT="67" WIDTH="151" VPOS="2001" HPOS="217"/>
<SP HEIGHT="61" WIDTH="28" VPOS="2007" HPOS="369"/>
<String STYLE="superscript" CONTENT="c" HEIGHT="20" WIDTH="16" VPOS="2007" HPOS="398"/>
<String CONTENT="1934]" HEIGHT="63" WIDTH="150" VPOS="2004" HPOS="420"/>
</TextLine>
<TextLine HEIGHT="50" WIDTH="1245" VPOS="2072" HPOS="288">
<String CONTENT="cover-title," HEIGHT="47" WIDTH="281" VPOS="2073" HPOS="288"/>
<SP HEIGHT="46" WIDTH="28" VPOS="2074" HPOS="570"/>
<String CONTENT="51," HEIGHT="45" WIDTH="68" VPOS="2074" HPOS="599"/>
<SP HEIGHT="30" WIDTH="29" VPOS="2092" HPOS="668"/>
<String CONTENT="[1]" HEIGHT="48" WIDTH="54" VPOS="2074" HPOS="698"/>
<SP HEIGHT="37" WIDTH="29" VPOS="2084" HPOS="753"/>
<String CONTENT="p." HEIGHT="37" WIDTH="42" VPOS="2084" HPOS="783"/>
<SP HEIGHT="41" WIDTH="57" VPOS="2073" HPOS="826"/>
<String CONTENT="illus." HEIGHT="39" WIDTH="128" VPOS="2073" HPOS="884"/>
<SP HEIGHT="47" WIDTH="28" VPOS="2074" HPOS="1013"/>
<String CONTENT="(incl." HEIGHT="48" WIDTH="131" VPOS="2073" HPOS="1042"/>
<SP HEIGHT="37" WIDTH="26" VPOS="2083" HPOS="1174"/>
<String CONTENT="port.)" HEIGHT="47" WIDTH="149" VPOS="2073" HPOS="1201"/>
<SP HEIGHT="46" WIDTH="66" VPOS="2073" HPOS="1351"/>
<String CONTENT="19" HEIGHT="40" WIDTH="54" VPOS="2072" HPOS="1418"/>
<String STYLE="superscript" CONTENT="cm" HEIGHT="21" WIDTH="44" VPOS="2075" HPOS="1475"/>
<String CONTENT="." HEIGHT="9" WIDTH="8" VPOS="2105" HPOS="1525"/>
</TextLine>
<TextLine HEIGHT="52" WIDTH="1978" VPOS="2126" HPOS="221">
<String CONTENT="&#169;" HEIGHT="52" WIDTH="49" VPOS="2126" HPOS="221"/>
<SP HEIGHT="52" WIDTH="33" VPOS="2126" HPOS="271"/>
<String CONTENT="May" HEIGHT="45" WIDTH="113" VPOS="2132" HPOS="305"/>
<SP HEIGHT="46" WIDTH="29" VPOS="2131" HPOS="419"/>
<String CONTENT="24," HEIGHT="45" WIDTH="68" VPOS="2131" HPOS="449"/>
<SP HEIGHT="45" WIDTH="33" VPOS="2131" HPOS="518"/>
<String CONTENT="1934;" HEIGHT="40" WIDTH="138" VPOS="2130" HPOS="552"/>
<SP HEIGHT="40" WIDTH="33" VPOS="2130" HPOS="691"/>
<String CONTENT="2c." HEIGHT="41" WIDTH="67" VPOS="2130" HPOS="725"/>
<SP HEIGHT="30" WIDTH="32" VPOS="2141" HPOS="793"/>
<String CONTENT="and" HEIGHT="38" WIDTH="94" VPOS="2131" HPOS="826"/>
<SP HEIGHT="38" WIDTH="32" VPOS="2131" HPOS="921"/>
<String CONTENT="aff." HEIGHT="41" WIDTH="80" VPOS="2129" HPOS="954"/>
<SP HEIGHT="40" WIDTH="33" VPOS="2130" HPOS="1035"/>
<String CONTENT="June" HEIGHT="39" WIDTH="122" VPOS="2130" HPOS="1069"/>
<SP HEIGHT="38" WIDTH="31" VPOS="2131" HPOS="1192"/>
<String CONTENT="4;" HEIGHT="45" WIDTH="53" VPOS="2131" HPOS="1224"/>
<SP HEIGHT="46" WIDTH="35" VPOS="2130" HPOS="1278"/>
<!-- cceid C1D412CB-6C64-1014-8713-889FF4349C01 --><String CONTENT="A" HEIGHT="38" WIDTH="40" VPOS="2130" HPOS="1314"/>
<SP HEIGHT="40" WIDTH="32" VPOS="2130" HPOS="1355"/>
<String CONTENT="72617;" HEIGHT="48" WIDTH="168" VPOS="2129" HPOS="1388"/>
<SP HEIGHT="47" WIDTH="33" VPOS="2130" HPOS="1557"/>
<String CONTENT="J." HEIGHT="39" WIDTH="41" VPOS="2130" HPOS="1591"/>
<SP HEIGHT="39" WIDTH="34" VPOS="2130" HPOS="1633"/>
<String CONTENT="Lamb." HEIGHT="41" WIDTH="162" VPOS="2130" HPOS="1668"/>
<SP HEIGHT="42" WIDTH="33" VPOS="2129" HPOS="1831"/>
<String CONTENT="Fort" HEIGHT="40" WIDTH="120" VPOS="2129" HPOS="1865"/>
<SP HEIGHT="40" WIDTH="28" VPOS="2129" HPOS="1986"/>
<String CONTENT="Worth." HEIGHT="39" WIDTH="184" VPOS="2129" HPOS="2015"/>
</TextLine>
<TextLine HEIGHT="48" WIDTH="277" VPOS="2187" HPOS="300">
<String CONTENT="(34-17078)" HEIGHT="48" WIDTH="277" VPOS="2187" HPOS="300"/>
</TextLine>
<TextLine HEIGHT="64" WIDTH="668" VPOS="2264" HPOS="212" STYLEREFS="StyleId-005B9278-E30F-4018-9F51-13868FEE4420-">
<String CONTENT="Lampman," HEIGHT="63" WIDTH="343" VPOS="2265" HPOS="212"/>
<SP HEIGHT="64" WIDTH="29" VPOS="2264" HPOS="556"/>
<String CONTENT="Ben" HEIGHT="52" WIDTH="120" VPOS="2264" HPOS="586"/>
<SP HEIGHT="51" WIDTH="26" VPOS="2264" HPOS="707"/>
<String CONTENT="Hur." HEIGHT="55" WIDTH="146" VPOS="2264" HPOS="734"/>
</TextLine>
<TextLine HEIGHT="146" WIDTH="1954" VPOS="2340" HPOS="217" STYLEREFS="StyleId-34DA8FDF-1204-4835-A4D4-6E0A60AD486A-" CS="1">
<String CONTENT="The" HEIGHT="52" WIDTH="119" VPOS="2341" HPOS="285"/>
<SP HEIGHT="46" WIDTH="26" VPOS="2347" HPOS="405"/>
<String CONTENT="tramp" HEIGHT="60" WIDTH="189" VPOS="2347" HPOS="432"/>
<SP HEIGHT="48" WIDTH="27" VPOS="2359" HPOS="622"/>
<String CONTENT="printer," HEIGHT="65" WIDTH="236" VPOS="2342" HPOS="650"/>
<SP HEIGHT="47" WIDTH="24" VPOS="2360" HPOS="887"/>
<String CONTENT="sometime" HEIGHT="52" WIDTH="285" VPOS="2340" HPOS="912"/>
<SP HEIGHT="66" WIDTH="25" VPOS="2341" HPOS="1198"/>
<String CONTENT="journeyman" HEIGHT="66" WIDTH="375" VPOS="2341" HPOS="1224"/>
<SP HEIGHT="33" WIDTH="25" VPOS="2360" HPOS="1600"/>
<String CONTENT="of" HEIGHT="53" WIDTH="63" VPOS="2340" HPOS="1626"/>
<SP HEIGHT="52" WIDTH="23" VPOS="2340" HPOS="1690"/>
<String CONTENT="the" HEIGHT="51" WIDTH="96" VPOS="2341" HPOS="1714"/>
<SP HEIGHT="52" WIDTH="24" VPOS="2340" HPOS="1811"/>
<String CONTENT="little" HEIGHT="51" WIDTH="147" VPOS="2340" HPOS="1836"/>
<SP HEIGHT="50" WIDTH="25" VPOS="2341" HPOS="1984"/>
<String CONTENT="hometown" HEIGHT="130" WIDTH="1954" VPOS="2341" HPOS="217"/>
<SP HEIGHT="49" WIDTH="31" VPOS="2437" HPOS="369"/>
<String CONTENT="papers" HEIGHT="49" WIDTH="205" VPOS="2437" HPOS="401"/>
<SP HEIGHT="52" WIDTH="30" VPOS="2418" HPOS="607"/>
<String CONTENT="in" HEIGHT="50" WIDTH="61" VPOS="2418" HPOS="638"/>
<SP HEIGHT="50" WIDTH="32" VPOS="2420" HPOS="700"/>
<String CONTENT="days" HEIGHT="65" WIDTH="139" VPOS="2420" HPOS="733"/>
<SP HEIGHT="47" WIDTH="32" VPOS="2423" HPOS="873"/>
<String CONTENT="that" HEIGHT="50" WIDTH="125" VPOS="2419" HPOS="906"/>
<SP HEIGHT="47" WIDTH="34" VPOS="2423" HPOS="1032"/>
<String CONTENT="come" HEIGHT="35" WIDTH="151" VPOS="2436" HPOS="1067"/>
<SP HEIGHT="34" WIDTH="30" VPOS="2437" HPOS="1219"/>
<String CONTENT="no" HEIGHT="33" WIDTH="72" VPOS="2436" HPOS="1250"/>
<SP HEIGHT="34" WIDTH="31" VPOS="2436" HPOS="1323"/>
<String CONTENT="more," HEIGHT="50" WIDTH="172" VPOS="2435" HPOS="1355"/>
<SP HEIGHT="66" WIDTH="30" VPOS="2419" HPOS="1528"/>
<String CONTENT="by" HEIGHT="65" WIDTH="75" VPOS="2419" HPOS="1559"/>
<SP HEIGHT="64" WIDTH="32" VPOS="2420" HPOS="1635"/>
<String CONTENT="Ben" HEIGHT="50" WIDTH="122" VPOS="2420" HPOS="1668"/>
<SP HEIGHT="51" WIDTH="30" VPOS="2418" HPOS="1791"/>
<String CONTENT="Hur" HEIGHT="51" WIDTH="132" VPOS="2418" HPOS="1822"/>
</TextLine>
<TextLine HEIGHT="143" WIDTH="1980" VPOS="2419" HPOS="216" STYLEREFS="StyleId-34DA8FDF-1204-4835-A4D4-6E0A60AD486A-" CS="1">
<String CONTENT="Lampman." HEIGHT="130" WIDTH="1954" VPOS="2419" HPOS="216"/>
<SP HEIGHT="52" WIDTH="74" VPOS="2497" HPOS="362"/>
<String CONTENT="Portland," HEIGHT="66" WIDTH="296" VPOS="2496" HPOS="437"/>
<SP HEIGHT="66" WIDTH="30" VPOS="2496" HPOS="734"/>
<String CONTENT="Or.," HEIGHT="66" WIDTH="116" VPOS="2496" HPOS="765"/>
<SP HEIGHT="64" WIDTH="24" VPOS="2498" HPOS="882"/>
<String CONTENT="Pub." HEIGHT="53" WIDTH="141" VPOS="2495" HPOS="907"/>
<SP HEIGHT="52" WIDTH="27" VPOS="2496" HPOS="1049"/>
<String CONTENT="by" HEIGHT="66" WIDTH="75" VPOS="2496" HPOS="1077"/>
<SP HEIGHT="61" WIDTH="22" VPOS="2501" HPOS="1153"/>
<String CONTENT="the" HEIGHT="53" WIDTH="95" VPOS="2496" HPOS="1176"/>
<SP HEIGHT="52" WIDTH="25" VPOS="2497" HPOS="1272"/>
<String CONTENT="Metropolitan" HEIGHT="67" WIDTH="411" VPOS="2495" HPOS="1298"/>
<SP HEIGHT="48" WIDTH="26" VPOS="2514" HPOS="1710"/>
<String CONTENT="press," HEIGHT="48" WIDTH="171" VPOS="2514" HPOS="1737"/>
<SP HEIGHT="45" WIDTH="25" VPOS="2515" HPOS="1909"/>
<String CONTENT="with" HEIGHT="54" WIDTH="140" VPOS="2494" HPOS="1935"/>
<SP HEIGHT="51" WIDTH="25" VPOS="2495" HPOS="2076"/>
<String CONTENT="the" HEIGHT="51" WIDTH="94" VPOS="2495" HPOS="2102"/>
</TextLine>
<TextLine HEIGHT="69" WIDTH="1233" VPOS="2571" HPOS="217" STYLEREFS="StyleId-34DA8FDF-1204-4835-A4D4-6E0A60AD486A-">
<String CONTENT="Craftsman" HEIGHT="55" WIDTH="333" VPOS="2571" HPOS="217"/>
<SP HEIGHT="33" WIDTH="24" VPOS="2593" HPOS="551"/>
<String CONTENT="syndicate" HEIGHT="67" WIDTH="290" VPOS="2573" HPOS="576"/>
<SP HEIGHT="34" WIDTH="26" VPOS="2590" HPOS="867"/>
<String CONTENT="cooperating," HEIGHT="67" WIDTH="379" VPOS="2573" HPOS="894"/>
<SP HEIGHT="61" WIDTH="27" VPOS="2579" HPOS="1274"/>
<String CONTENT="1934." HEIGHT="49" WIDTH="148" VPOS="2577" HPOS="1302"/>
</TextLine>
<TextLine HEIGHT="48" WIDTH="826" VPOS="2645" HPOS="289" CS="1">
<String CONTENT="58" HEIGHT="40" WIDTH="55" VPOS="2646" HPOS="289"/>
<SP HEIGHT="46" WIDTH="25" VPOS="2646" HPOS="345"/>
<String LANG="la" CONTENT="p.," HEIGHT="37" WIDTH="56" VPOS="2655" HPOS="371"/>
<SP HEIGHT="45" WIDTH="28" VPOS="2647" HPOS="428"/>
<String CONTENT="1" HEIGHT="38" WIDTH="25" VPOS="2647" HPOS="457"/>
<SP/>
<String CS="1" CONTENT="l."/>
<SP HEIGHT="40" WIDTH="26" VPOS="2646" HPOS="542"/>
<String CONTENT="incl." HEIGHT="39" WIDTH="107" VPOS="2646" HPOS="569"/>
<SP HEIGHT="40" WIDTH="27" VPOS="2645" HPOS="677"/>
<String CONTENT="illus.," HEIGHT="48" WIDTH="141" VPOS="2645" HPOS="705"/>
<SP/>
<String CS="1" CONTENT="pl."/>
<SP HEIGHT="40" WIDTH="58" VPOS="2646" HPOS="940"/>
<String CONTENT="26" HEIGHT="39" WIDTH="55" VPOS="2645" HPOS="999"/>
<String STYLE="superscript" CONTENT="cm" HEIGHT="20" WIDTH="43" VPOS="2648" HPOS="1058"/>
<String CONTENT="." HEIGHT="8" WIDTH="8" VPOS="2678" HPOS="1107"/>
</TextLine>
<TextLine HEIGHT="97" WIDTH="1959" VPOS="2701" HPOS="220" CS="1">
<String CS="1" CONTENT="&#8220;&#8230;" HEIGHT="17" WIDTH="22" VPOS="2702" HPOS="290"/>
<SP HEIGHT="40" WIDTH="26" VPOS="2703" HPOS="368"/>
<String CONTENT="first" HEIGHT="40" WIDTH="108" VPOS="2703" HPOS="395"/>
<SP HEIGHT="44" WIDTH="20" VPOS="2706" HPOS="504"/>
<String CONTENT="printed" HEIGHT="47" WIDTH="191" VPOS="2703" HPOS="525"/>
<SP HEIGHT="38" WIDTH="23" VPOS="2703" HPOS="717"/>
<String CONTENT="as" HEIGHT="29" WIDTH="55" VPOS="2712" HPOS="741"/>
<SP HEIGHT="29" WIDTH="21" VPOS="2712" HPOS="797"/>
<String CONTENT="a" HEIGHT="29" WIDTH="28" VPOS="2712" HPOS="819"/>
<SP HEIGHT="37" WIDTH="24" VPOS="2704" HPOS="848"/>
<String CONTENT="three-part" HEIGHT="46" WIDTH="268" VPOS="2702" HPOS="873"/>
<SP HEIGHT="37" WIDTH="22" VPOS="2704" HPOS="1142"/>
<String CONTENT="serial" HEIGHT="39" WIDTH="144" VPOS="2702" HPOS="1165"/>
<SP HEIGHT="37" WIDTH="25" VPOS="2703" HPOS="1310"/>
<String CONTENT="in" HEIGHT="37" WIDTH="48" VPOS="2703" HPOS="1336"/>
<SP HEIGHT="37" WIDTH="26" VPOS="2704" HPOS="1385"/>
<String CONTENT="the" HEIGHT="38" WIDTH="81" VPOS="2704" HPOS="1412"/>
<SP HEIGHT="41" WIDTH="26" VPOS="2701" HPOS="1494"/>
<String CONTENT="Sunday" HEIGHT="48" WIDTH="193" VPOS="2701" HPOS="1521"/>
<SP HEIGHT="48" WIDTH="29" VPOS="2701" HPOS="1715"/>
<String CONTENT="Oregonian" HEIGHT="47" WIDTH="270" VPOS="2701" HPOS="1745"/>
<SP HEIGHT="28" WIDTH="23" VPOS="2712" HPOS="2016"/>
<String CONTENT="magazine" HEIGHT="87" WIDTH="1959" VPOS="2711" HPOS="220"/>
</TextLine>
<TextLine HEIGHT="49" WIDTH="1839" VPOS="2757" HPOS="358" CS="1">
<String CONTENT="section." HEIGHT="40" WIDTH="196" VPOS="2759" HPOS="358"/>
<SP HEIGHT="39" WIDTH="58" VPOS="2760" HPOS="555"/>
<String CONTENT="Drawings" HEIGHT="48" WIDTH="258" VPOS="2758" HPOS="614"/>
<SP HEIGHT="39" WIDTH="31" VPOS="2759" HPOS="873"/>
<String CONTENT="by" HEIGHT="46" WIDTH="61" VPOS="2759" HPOS="905"/>
<SP HEIGHT="47" WIDTH="35" VPOS="2758" HPOS="967"/>
<String CONTENT="Ralph" HEIGHT="48" WIDTH="158" VPOS="2758" HPOS="1003"/>
<SP HEIGHT="38" WIDTH="33" VPOS="2758" HPOS="1162"/>
<String CONTENT="Lee" HEIGHT="39" WIDTH="91" VPOS="2758" HPOS="1196"/>
<SP HEIGHT="29" WIDTH="39" VPOS="2769" HPOS="1288"/>
<String CS="1" CONTENT="&#8230;"/>
<SP HEIGHT="39" WIDTH="65" VPOS="2759" HPOS="1373"/>
<String CONTENT="An" HEIGHT="38" WIDTH="73" VPOS="2759" HPOS="1439"/>
<SP HEIGHT="28" WIDTH="34" VPOS="2770" HPOS="1513"/>
<String CONTENT="edition" HEIGHT="41" WIDTH="182" VPOS="2757" HPOS="1548"/>
<SP HEIGHT="28" WIDTH="33" VPOS="2769" HPOS="1731"/>
<String CONTENT="of" HEIGHT="40" WIDTH="50" VPOS="2757" HPOS="1765"/>
<SP HEIGHT="39" WIDTH="36" VPOS="2757" HPOS="1816"/>
<String CONTENT="five" HEIGHT="40" WIDTH="89" VPOS="2757" HPOS="1853"/>
<SP HEIGHT="38" WIDTH="34" VPOS="2759" HPOS="1943"/>
<String CONTENT="hundred" HEIGHT="39" WIDTH="219" VPOS="2758" HPOS="1978"/>
</TextLine>
<TextLine HEIGHT="49" WIDTH="1563" VPOS="2813" HPOS="219" CS="1">
<String CONTENT="numbered" HEIGHT="42" WIDTH="260" VPOS="2815" HPOS="219"/>
<SP HEIGHT="38" WIDTH="29" VPOS="2819" HPOS="480"/>
<String CONTENT="copies" HEIGHT="46" WIDTH="157" VPOS="2816" HPOS="510"/>
<SP HEIGHT="29" WIDTH="30" VPOS="2826" HPOS="668"/>
<String CONTENT="was" HEIGHT="30" WIDTH="99" VPOS="2825" HPOS="699"/>
<SP HEIGHT="29" WIDTH="30" VPOS="2826" HPOS="799"/>
<String CONTENT="made," HEIGHT="45" WIDTH="151" VPOS="2816" HPOS="830"/>
<SP HEIGHT="35" WIDTH="31" VPOS="2826" HPOS="982"/>
<String CONTENT="whereof" HEIGHT="40" WIDTH="212" VPOS="2814" HPOS="1014"/>
<SP HEIGHT="40" WIDTH="28" VPOS="2814" HPOS="1227"/>
<String CONTENT="this" HEIGHT="39" WIDTH="98" VPOS="2816" HPOS="1256"/>
<SP HEIGHT="39" WIDTH="29" VPOS="2816" HPOS="1355"/>
<String CONTENT="is" HEIGHT="38" WIDTH="41" VPOS="2816" HPOS="1385"/>
<SP HEIGHT="29" WIDTH="27" VPOS="2825" HPOS="1427"/>
<String CONTENT="number" HEIGHT="41" WIDTH="202" VPOS="2814" HPOS="1455"/>
<SP HEIGHT="37" WIDTH="25" VPOS="2816" HPOS="1658"/>
<String CONTENT="49.&#8221;" HEIGHT="41" WIDTH="98" VPOS="2813" HPOS="1684"/>
</TextLine>
<TextLine HEIGHT="108" WIDTH="1964" VPOS="2868" HPOS="217" CS="1">
<String CONTENT="&#169;" HEIGHT="51" WIDTH="51" VPOS="2868" HPOS="217"/>
<SP HEIGHT="51" WIDTH="28" VPOS="2868" HPOS="269"/>
<String CONTENT="June" HEIGHT="40" WIDTH="125" VPOS="2872" HPOS="298"/>
<SP HEIGHT="38" WIDTH="25" VPOS="2874" HPOS="424"/>
<String CONTENT="16," HEIGHT="45" WIDTH="68" VPOS="2872" HPOS="450"/>
<SP HEIGHT="43" WIDTH="27" VPOS="2874" HPOS="519"/>
<String CONTENT="1934;" HEIGHT="42" WIDTH="139" VPOS="2871" HPOS="547"/>
<SP HEIGHT="41" WIDTH="29" VPOS="2872" HPOS="687"/>
<String CONTENT="2c." HEIGHT="40" WIDTH="66" VPOS="2872" HPOS="717"/>
<SP HEIGHT="30" WIDTH="26" VPOS="2882" HPOS="784"/>
<String CONTENT="and" HEIGHT="39" WIDTH="93" VPOS="2872" HPOS="811"/>
<SP HEIGHT="39" WIDTH="28" VPOS="2872" HPOS="905"/>
<String CONTENT="aff." HEIGHT="41" WIDTH="80" VPOS="2871" HPOS="934"/>
<SP HEIGHT="40" WIDTH="29" VPOS="2872" HPOS="1015"/>
<String CONTENT="June" HEIGHT="39" WIDTH="125" VPOS="2872" HPOS="1045"/>
<SP HEIGHT="38" WIDTH="25" VPOS="2873" HPOS="1171"/>
<String CONTENT="22;" HEIGHT="47" WIDTH="81" VPOS="2872" HPOS="1197"/>
<SP HEIGHT="46" WIDTH="30" VPOS="2873" HPOS="1279"/>
<!-- cceid C1D47A18-6C64-1014-8713-889FF4349C01 --><String CONTENT="A" HEIGHT="38" WIDTH="40" VPOS="2873" HPOS="1310"/>
<SP HEIGHT="39" WIDTH="27" VPOS="2873" HPOS="1351"/>
<String CONTENT="72946;" HEIGHT="47" WIDTH="168" VPOS="2872" HPOS="1379"/>
<SP HEIGHT="46" WIDTH="31" VPOS="2873" HPOS="1548"/>
<String CONTENT="B." HEIGHT="39" WIDTH="54" VPOS="2873" HPOS="1580"/>
<SP HEIGHT="39" WIDTH="29" VPOS="2873" HPOS="1635"/>
<String CONTENT="H." HEIGHT="39" WIDTH="60" VPOS="2873" HPOS="1665"/>
<SP HEIGHT="40" WIDTH="28" VPOS="2872" HPOS="1726"/>
<String CONTENT="Lampman," HEIGHT="47" WIDTH="278" VPOS="2872" HPOS="1755"/>
<SP HEIGHT="47" WIDTH="29" VPOS="2870" HPOS="2034"/>
<String CONTENT="Portland," HEIGHT="105" WIDTH="1895" VPOS="2870" HPOS="286"/>
<SP HEIGHT="46" WIDTH="28" VPOS="2929" HPOS="415"/>
<String CONTENT="Or." HEIGHT="40" WIDTH="76" VPOS="2929" HPOS="444"/>
<SP HEIGHT="47" WIDTH="71" VPOS="2929" HPOS="521"/>
<String CONTENT="(34-17277)" HEIGHT="47" WIDTH="277" VPOS="2929" HPOS="593"/>
</TextLine>
<TextLine HEIGHT="63" WIDTH="828" VPOS="3002" HPOS="209" STYLEREFS="StyleId-005B9278-E30F-4018-9F51-13868FEE4420-">
<String CONTENT="Lombard," HEIGHT="63" WIDTH="310" VPOS="3002" HPOS="209"/>
<SP HEIGHT="60" WIDTH="31" VPOS="3005" HPOS="520"/>
<String CONTENT="Norman." HEIGHT="56" WIDTH="281" VPOS="3005" HPOS="552"/>
<SP HEIGHT="54" WIDTH="34" VPOS="3007" HPOS="834"/>
<String CONTENT="1884-" HEIGHT="48" WIDTH="168" VPOS="3007" HPOS="869"/>
</TextLine>
<TextLine HEIGHT="69" WIDTH="1914" VPOS="3079" HPOS="281" STYLEREFS="StyleId-34DA8FDF-1204-4835-A4D4-6E0A60AD486A-" CS="1">
<String CONTENT="Monetary" HEIGHT="67" WIDTH="303" VPOS="3080" HPOS="281"/>
<SP HEIGHT="46" WIDTH="47" VPOS="3101" HPOS="585"/>
<String CONTENT="statesmanship," HEIGHT="67" WIDTH="456" VPOS="3081" HPOS="633"/>
<SP HEIGHT="65" WIDTH="49" VPOS="3082" HPOS="1090"/>
<String CONTENT="by" HEIGHT="66" WIDTH="73" VPOS="3082" HPOS="1140"/>
<SP HEIGHT="66" WIDTH="48" VPOS="3082" HPOS="1214"/>
<String CONTENT="Norman" HEIGHT="52" WIDTH="256" VPOS="3082" HPOS="1263"/>
<SP HEIGHT="51" WIDTH="47" VPOS="3082" HPOS="1520"/>
<String CONTENT="Lombard" HEIGHT="52" WIDTH="287" VPOS="3081" HPOS="1568"/>
<SP HEIGHT="51" WIDTH="54" VPOS="3081" HPOS="1856"/>
<String CS="1" CONTENT="&#8230;"/>
<SP HEIGHT="53" WIDTH="89" VPOS="3079" HPOS="1967"/>
<String CONTENT="New" HEIGHT="51" WIDTH="138" VPOS="3079" HPOS="2057"/>
</TextLine>
<TextLine HEIGHT="68" WIDTH="1399" VPOS="3158" HPOS="213" STYLEREFS="StyleId-34DA8FDF-1204-4835-A4D4-6E0A60AD486A-">
<String CONTENT="York" HEIGHT="52" WIDTH="161" VPOS="3158" HPOS="213"/>
<SP HEIGHT="52" WIDTH="28" VPOS="3159" HPOS="375"/>
<String CONTENT="and" HEIGHT="51" WIDTH="111" VPOS="3160" HPOS="404"/>
<SP HEIGHT="51" WIDTH="24" VPOS="3160" HPOS="516"/>
<String CONTENT="London," HEIGHT="66" WIDTH="256" VPOS="3159" HPOS="541"/>
<SP HEIGHT="66" WIDTH="29" VPOS="3159" HPOS="798"/>
<String CONTENT="Harper" HEIGHT="67" WIDTH="229" VPOS="3159" HPOS="828"/>
<SP HEIGHT="49" WIDTH="26" VPOS="3162" HPOS="1058"/>
<String CONTENT="&amp;" HEIGHT="49" WIDTH="45" VPOS="3162" HPOS="1085"/>
<SP HEIGHT="52" WIDTH="24" VPOS="3159" HPOS="1131"/>
<String CONTENT="brothers," HEIGHT="67" WIDTH="274" VPOS="3159" HPOS="1156"/>
<SP HEIGHT="63" WIDTH="29" VPOS="3163" HPOS="1431"/>
<String CONTENT="1934." HEIGHT="51" WIDTH="151" VPOS="3161" HPOS="1461"/>
</TextLine>
<TextLine HEIGHT="50" WIDTH="702" VPOS="3230" HPOS="283" CS="1">
<String CONTENT="ix" HEIGHT="40" WIDTH="50" VPOS="3231" HPOS="283"/>
<SP HEIGHT="37" WIDTH="24" VPOS="3243" HPOS="334"/>
<String CONTENT="p.," HEIGHT="37" WIDTH="57" VPOS="3243" HPOS="359"/>
<SP HEIGHT="47" WIDTH="27" VPOS="3232" HPOS="417"/>
<String CONTENT="2" HEIGHT="38" WIDTH="25" VPOS="3232" HPOS="445"/>
<SP/>
<String CS="1" CONTENT="l.," HEIGHT="14" WIDTH="8" VPOS="3263" HPOS="534"/>
<SP HEIGHT="47" WIDTH="25" VPOS="3230" HPOS="543"/>
<String CONTENT="3-203" HEIGHT="41" WIDTH="142" VPOS="3230" HPOS="569"/>
<SP HEIGHT="49" WIDTH="24" VPOS="3231" HPOS="712"/>
<String CONTENT="p." HEIGHT="37" WIDTH="44" VPOS="3243" HPOS="737"/>
<SP HEIGHT="41" WIDTH="58" VPOS="3231" HPOS="782"/>
<String CS="1" CONTENT="26&#189;" HEIGHT="40" WIDTH="55" VPOS="3231" HPOS="841"/>
<String STYLE="superscript" CONTENT="cm" HEIGHT="20" WIDTH="43" VPOS="3234" HPOS="929"/>
<String CONTENT="." HEIGHT="8" WIDTH="8" VPOS="3264" HPOS="977"/>
</TextLine>
<TextLine HEIGHT="41" WIDTH="423" VPOS="3289" HPOS="285">
<String CONTENT="&#8220;First" HEIGHT="41" WIDTH="160" VPOS="3289" HPOS="285"/>
<SP HEIGHT="38" WIDTH="34" VPOS="3292" HPOS="446"/>
<String CONTENT="edition.&#8221;" HEIGHT="41" WIDTH="227" VPOS="3289" HPOS="481"/>
</TextLine>
<TextLine HEIGHT="51" WIDTH="1910" VPOS="3345" HPOS="286" CS="1">
<String CONTENT="&#8220;Running" HEIGHT="49" WIDTH="256" VPOS="3345" HPOS="286"/>
<SP HEIGHT="37" WIDTH="30" VPOS="3357" HPOS="543"/>
<String CONTENT="parallel" HEIGHT="47" WIDTH="205" VPOS="3347" HPOS="574"/>
<SP HEIGHT="38" WIDTH="31" VPOS="3347" HPOS="780"/>
<String CONTENT="to" HEIGHT="39" WIDTH="49" VPOS="3348" HPOS="812"/>
<SP HEIGHT="39" WIDTH="34" VPOS="3348" HPOS="862"/>
<String CONTENT="the" HEIGHT="39" WIDTH="80" VPOS="3347" HPOS="897"/>
<SP HEIGHT="30" WIDTH="33" VPOS="3356" HPOS="978"/>
<String CONTENT="author&#8217;s" HEIGHT="40" WIDTH="215" VPOS="3346" HPOS="1012"/>
<SP HEIGHT="38" WIDTH="31" VPOS="3348" HPOS="1228"/>
<String CONTENT="text" HEIGHT="39" WIDTH="104" VPOS="3348" HPOS="1260"/>
<SP HEIGHT="38" WIDTH="35" VPOS="3349" HPOS="1365"/>
<String CS="1" CONTENT="&#8230;"/>
<SP HEIGHT="29" WIDTH="39" VPOS="3367" HPOS="1448"/>
<String CONTENT="[are]" HEIGHT="39" WIDTH="111" VPOS="3357" HPOS="1488"/>
<SP HEIGHT="37" WIDTH="34" VPOS="3359" HPOS="1600"/>
<String CONTENT="expressions" HEIGHT="48" WIDTH="305" VPOS="3347" HPOS="1635"/>
<SP HEIGHT="30" WIDTH="33" VPOS="3357" HPOS="1941"/>
<String CONTENT="of" HEIGHT="41" WIDTH="50" VPOS="3346" HPOS="1975"/>
<SP HEIGHT="40" WIDTH="32" VPOS="3346" HPOS="2026"/>
<String CONTENT="other" HEIGHT="40" WIDTH="137" VPOS="3347" HPOS="2059"/>
</TextLine>
<TextLine HEIGHT="48" WIDTH="1758" VPOS="3403" HPOS="215">
<String CONTENT="writers," HEIGHT="46" WIDTH="202" VPOS="3403" HPOS="215"/>
<SP HEIGHT="37" WIDTH="29" VPOS="3414" HPOS="418"/>
<String CONTENT="pro" HEIGHT="37" WIDTH="86" VPOS="3414" HPOS="448"/>
<SP HEIGHT="30" WIDTH="29" VPOS="3413" HPOS="535"/>
<String CONTENT="and" HEIGHT="38" WIDTH="94" VPOS="3404" HPOS="565"/>
<SP HEIGHT="39" WIDTH="30" VPOS="3404" HPOS="660"/>
<String CONTENT="con." HEIGHT="32" WIDTH="99" VPOS="3413" HPOS="691"/>
<SP HEIGHT="32" WIDTH="32" VPOS="3413" HPOS="791"/>
<String CONTENT="and" HEIGHT="39" WIDTH="95" VPOS="3403" HPOS="824"/>
<SP HEIGHT="39" WIDTH="31" VPOS="3403" HPOS="920"/>
<String CONTENT="other" HEIGHT="39" WIDTH="135" VPOS="3403" HPOS="952"/>
<SP HEIGHT="28" WIDTH="32" VPOS="3413" HPOS="1088"/>
<String CONTENT="relevant" HEIGHT="40" WIDTH="216" VPOS="3403" HPOS="1121"/>
<SP HEIGHT="37" WIDTH="29" VPOS="3406" HPOS="1338"/>
<String CONTENT="material.&#8221;&#8212;Foreword." HEIGHT="41" WIDTH="605" VPOS="3404" HPOS="1368"/>
</TextLine>
<TextLine HEIGHT="50" WIDTH="979" VPOS="3458" HPOS="284">
<String CONTENT="&#8220;Selected" HEIGHT="42" WIDTH="243" VPOS="3459" HPOS="284"/>
<SP HEIGHT="39" WIDTH="27" VPOS="3461" HPOS="528"/>
<String CONTENT="bibliography&#8221;" HEIGHT="49" WIDTH="361" VPOS="3459" HPOS="556"/>
<SP HEIGHT="40" WIDTH="19" VPOS="3459" HPOS="918"/>
<String CONTENT=":" HEIGHT="29" WIDTH="8" VPOS="3470" HPOS="938"/>
<SP HEIGHT="38" WIDTH="30" VPOS="3470" HPOS="947"/>
<String CONTENT="p." HEIGHT="38" WIDTH="42" VPOS="3470" HPOS="978"/>
<SP HEIGHT="39" WIDTH="29" VPOS="3460" HPOS="1021"/>
<String CONTENT="193-195." HEIGHT="42" WIDTH="212" VPOS="3458" HPOS="1051"/>
</TextLine>
<TextLine HEIGHT="51" WIDTH="1895" VPOS="3515" HPOS="216">
<String CONTENT="&#169;" HEIGHT="51" WIDTH="50" VPOS="3515" HPOS="216"/>
<SP HEIGHT="51" WIDTH="28" VPOS="3515" HPOS="267"/>
<String CONTENT="June" HEIGHT="40" WIDTH="123" VPOS="3519" HPOS="296"/>
<SP HEIGHT="39" WIDTH="25" VPOS="3520" HPOS="420"/>
<String CONTENT="18," HEIGHT="45" WIDTH="68" VPOS="3519" HPOS="446"/>
<SP HEIGHT="44" WIDTH="27" VPOS="3520" HPOS="515"/>
<String CONTENT="1934" HEIGHT="39" WIDTH="112" VPOS="3518" HPOS="543"/>
<SP HEIGHT="38" WIDTH="16" VPOS="3520" HPOS="656"/>
<String CONTENT=";" HEIGHT="29" WIDTH="8" VPOS="3529" HPOS="673"/>
<SP HEIGHT="40" WIDTH="27" VPOS="3518" HPOS="682"/>
<String CONTENT="2'c." HEIGHT="38" WIDTH="65" VPOS="3518" HPOS="710"/>
<SP HEIGHT="38" WIDTH="28" VPOS="3518" HPOS="776"/>
<String CONTENT="June" HEIGHT="38" WIDTH="124" VPOS="3518" HPOS="805"/>
<SP HEIGHT="38" WIDTH="25" VPOS="3518" HPOS="930"/>
<String CONTENT="19:" HEIGHT="42" WIDTH="81" VPOS="3515" HPOS="956"/>
<SP HEIGHT="30" WIDTH="29" VPOS="3527" HPOS="1038"/>
<String CONTENT="aff." HEIGHT="39" WIDTH="79" VPOS="3516" HPOS="1068"/>
<SP HEIGHT="39" WIDTH="28" VPOS="3517" HPOS="1148"/>
<String CONTENT="June" HEIGHT="39" WIDTH="124" VPOS="3517" HPOS="1177"/>
<SP HEIGHT="38" WIDTH="26" VPOS="3518" HPOS="1302"/>
<String CONTENT="20;" HEIGHT="46" WIDTH="81" VPOS="3518" HPOS="1329"/>
<SP HEIGHT="45" WIDTH="30" VPOS="3519" HPOS="1411"/>
<!-- cceid C1D4E6BE-6C64-1014-8713-889FF4349C01 --><String CONTENT="A" HEIGHT="38" WIDTH="40" VPOS="3519" HPOS="1442"/>
<SP HEIGHT="39" WIDTH="22" VPOS="3519" HPOS="1483"/>
<String CONTENT="72877;" HEIGHT="48" WIDTH="170" VPOS="3518" HPOS="1506"/>
<SP HEIGHT="47" WIDTH="30" VPOS="3519" HPOS="1677"/>
<String CONTENT="Harper" HEIGHT="47" WIDTH="192" VPOS="3519" HPOS="1708"/>
<SP HEIGHT="39" WIDTH="26" VPOS="3519" HPOS="1901"/>
<String CONTENT="&amp;" HEIGHT="39" WIDTH="34" VPOS="3519" HPOS="1928"/>
<SP HEIGHT="39" WIDTH="25" VPOS="3519" HPOS="1963"/>
<String CONTENT="bros." HEIGHT="38" WIDTH="122" VPOS="3519" HPOS="1989"/>
</TextLine>
<TextLine HEIGHT="48" WIDTH="276" VPOS="3575" HPOS="295">
<String CONTENT="(34-17288)" HEIGHT="48" WIDTH="276" VPOS="3575" HPOS="295"/>
</TextLine>
<TextLine HEIGHT="66" WIDTH="939" VPOS="3648" HPOS="206" STYLEREFS="StyleId-005B9278-E30F-4018-9F51-13868FEE4420-">
<String CONTENT="McAuley," HEIGHT="65" WIDTH="304" VPOS="3649" HPOS="206"/>
<SP HEIGHT="62" WIDTH="31" VPOS="3652" HPOS="511"/>
<String CONTENT="Mary" HEIGHT="61" WIDTH="171" VPOS="3652" HPOS="543"/>
<SP HEIGHT="62" WIDTH="31" VPOS="3651" HPOS="715"/>
<String CONTENT="Faith," HEIGHT="65" WIDTH="193" VPOS="3648" HPOS="747"/>
<SP HEIGHT="61" WIDTH="35" VPOS="3652" HPOS="941"/>
<String CONTENT="1875-" HEIGHT="54" WIDTH="168" VPOS="3648" HPOS="977"/>
</TextLine>
<TextLine HEIGHT="70" WIDTH="1912" VPOS="3725" HPOS="279" STYLEREFS="StyleId-34DA8FDF-1204-4835-A4D4-6E0A60AD486A-">
<String CONTENT="Economies" HEIGHT="54" WIDTH="333" VPOS="3726" HPOS="279"/>
<SP HEIGHT="53" WIDTH="28" VPOS="3726" HPOS="613"/>
<String CONTENT="in" HEIGHT="52" WIDTH="61" VPOS="3726" HPOS="642"/>
<SP HEIGHT="52" WIDTH="30" VPOS="3726" HPOS="704"/>
<String CONTENT="food;" HEIGHT="65" WIDTH="167" VPOS="3726" HPOS="735"/>
<SP HEIGHT="49" WIDTH="32" VPOS="3743" HPOS="903"/>
<String CONTENT="quantity" HEIGHT="66" WIDTH="263" VPOS="3726" HPOS="936"/>
<SP HEIGHT="47" WIDTH="30" VPOS="3745" HPOS="1200"/>
<String CONTENT="recipes" HEIGHT="67" WIDTH="210" VPOS="3727" HPOS="1231"/>
<SP HEIGHT="33" WIDTH="33" VPOS="3746" HPOS="1442"/>
<String CONTENT="using" HEIGHT="67" WIDTH="169" VPOS="3728" HPOS="1476"/>
<SP HEIGHT="49" WIDTH="28" VPOS="3746" HPOS="1646"/>
<String CONTENT="evaporated" HEIGHT="68" WIDTH="342" VPOS="3727" HPOS="1675"/>
<SP HEIGHT="51" WIDTH="31" VPOS="3727" HPOS="2018"/>
<String CONTENT="milk" HEIGHT="53" WIDTH="141" VPOS="3725" HPOS="2050"/>
</TextLine>
<TextLine HEIGHT="70" WIDTH="1974" VPOS="3802" HPOS="216" STYLEREFS="StyleId-34DA8FDF-1204-4835-A4D4-6E0A60AD486A-" CS="1">
<String CONTENT="[by]" HEIGHT="68" WIDTH="107" VPOS="3804" HPOS="216"/>
<SP HEIGHT="66" WIDTH="31" VPOS="3804" HPOS="324"/>
<String CONTENT="M." HEIGHT="53" WIDTH="80" VPOS="3804" HPOS="356"/>
<SP HEIGHT="52" WIDTH="28" VPOS="3805" HPOS="437"/>
<String CONTENT="Faith" HEIGHT="52" WIDTH="174" VPOS="3804" HPOS="466"/>
<SP HEIGHT="52" WIDTH="26" VPOS="3803" HPOS="641"/>
<String CONTENT="McAuley" HEIGHT="69" WIDTH="285" VPOS="3802" HPOS="668"/>
<SP HEIGHT="49" WIDTH="33" VPOS="3822" HPOS="954"/>
<String CS="1" CONTENT="[and]" HEIGHT="65" WIDTH="129" VPOS="3804" HPOS="1006"/>
<SP HEIGHT="66" WIDTH="33" VPOS="3803" HPOS="1136"/>
<String CONTENT="Mary" HEIGHT="68" WIDTH="168" VPOS="3803" HPOS="1170"/>
<SP HEIGHT="67" WIDTH="26" VPOS="3804" HPOS="1339"/>
<String CONTENT="Adele" HEIGHT="53" WIDTH="179" VPOS="3804" HPOS="1366"/>
<SP HEIGHT="54" WIDTH="26" VPOS="3805" HPOS="1546"/>
<String CONTENT="Wood" HEIGHT="54" WIDTH="185" VPOS="3805" HPOS="1573"/>
<SP HEIGHT="51" WIDTH="36" VPOS="3806" HPOS="1759"/>
<String CS="1" CONTENT="&#8230;"/>
<SP HEIGHT="55" WIDTH="71" VPOS="3804" HPOS="1851"/>
<String CONTENT="Chicago," HEIGHT="68" WIDTH="267" VPOS="3804" HPOS="1923"/>
</TextLine>
<TextLine HEIGHT="69" WIDTH="1393" VPOS="3880" HPOS="209" STYLEREFS="StyleId-34DA8FDF-1204-4835-A4D4-6E0A60AD486A-" CS="1">
<String CONTENT="Ill.," HEIGHT="67" WIDTH="111" VPOS="3880" HPOS="209"/>
<SP HEIGHT="65" WIDTH="24" VPOS="3882" HPOS="321"/>
<String CONTENT="The" HEIGHT="52" WIDTH="121" VPOS="3882" HPOS="346"/>
<SP HEIGHT="53" WIDTH="22" VPOS="3882" HPOS="468"/>
<String CONTENT="University" HEIGHT="67" WIDTH="335" VPOS="3881" HPOS="491"/>
<SP HEIGHT="49" WIDTH="25" VPOS="3899" HPOS="827"/>
<String CONTENT="of" HEIGHT="54" WIDTH="62" VPOS="3880" HPOS="853"/>
<SP HEIGHT="55" WIDTH="27" VPOS="3880" HPOS="916"/>
<String CONTENT="Chicago" HEIGHT="68" WIDTH="249" VPOS="3880" HPOS="944"/>
<SP HEIGHT="50" WIDTH="28" VPOS="3898" HPOS="1194"/>
<String CONTENT="press" HEIGHT="50" WIDTH="154" VPOS="3898" HPOS="1223"/>
<SP HEIGHT="61" WIDTH="32" VPOS="3888" HPOS="1378"/>
<String CS="1" CONTENT="[c1934]" HEIGHT="63" WIDTH="150" VPOS="3885" HPOS="1452"/>
</TextLine>
</TextBlock>
</PrintSpace>
</Page>
</Layout>
</alto>