2350 4196
1151 4022 97 47 154

214 396 301 65 Marshall,
545 396 238 67 Edison,
815 400 170 49 1894-

281 474 249 68 Ogden’s
577 480 229 61 strange
853 480 173 61 story,
1073 476 73 65 by
1195 475 216 53 Edison
1459 475 294 52 Marshall.
1830 476 135 51 New
2015 476 177 63 York,

210 553 74 52 H.
315 553 60 54 C.
404 553 218 65 Kinsey
649 556 44 49 &
720 570 295 48 company,
1041 552 123 66 inc.,
1194 556 147 50 1934.

286 623 82 41 283
397 635 43 37 p.
531 623 114 41 19½cm.

216 677 50 51 ©
301 682 108 39 Feb.
444 681 68 46 16,
546 680 113 40 1934
678 692 7 29 :
720 682 67 38 2c.
822 681 110 40 Feb.
965 681 80 39 19:
1082 681 81 39 aff.
1196 681 109 39 Feb.
1341 682 80 39 17;
1459 681 39 37 A
1533 679 166 46 70274;
1737 681 53 38 E.
1824 681 250 45 Marshall,
279 682 1904 102 Augusta,
471 737 83 40 Ga.
626 738 249 47 (34-2643)

216 828 275 63 [Masson,
520 826 261 54 Thomas
810 826 280 68 Lansing]
1129 831 170 49 1866-

280 904 120 50 The
433 903 160 51 truth
626 903 147 53 shall
806 905 163 51 make
1000 922 111 49 you
1145 904 146 65 free;
1327 911 56 46 to
1418 904 66 51 be
1517 904 135 52 read
1684 904 133 66 only
1849 903 59 52 in
1942 904 255 52 solitude.

213 980 164 67 [Glen
406 980 202 68 Ridge,
638 980 68 53 N.
737 980 75 68 J.,
840 981 156 54 Priv.
1028 980 192 68 print.,
1249 984 174 63 c1933]

281 1054 55 39 63
372 1065 42 37 p.
476 1054 114 39 16cm.

279 1111 227 39 Lettered
537 1121 60 29 on
628 1121 165 29 cover:
826 1111 211 40 Thomas
1066 1111 51 39 L.
1149 1112 208 39 Masson.

283 1168 276 46 “Privately
597 1167 193 48 printed
829 1169 95 38 and
963 1168 292 39 distributed
1293 1169 60 45 by
1391 1169 81 37 the
1511 1168 189 45 author,
1740 1166 98 39 this
1876 1166 107 39 first
2019 1166 181 39 edition

211 1225 137 47 being
375 1225 188 39 limited
592 1227 48 37 to
668 1225 91 39 five
788 1225 220 39 hundred
1037 1223 200 47 copies.”

214 1279 50 51 ©
296 1283 111 40 Dec.
437 1282 39 46 9,
506 1282 112 39 1933;
677 1283 66 38 2c.
774 1282 109 38 Dec.
915 1282 81 45 21;
1030 1281 81 40 aff.
1142 1282 110 39 Dec.
1283 1280 56 39 20;
1398 1281 41 38 A
1469 1280 168 41 67790;
1672 1281 51 37 T.
1755 1280 50 39 L.
1838 1281 209 45 Masson,
2082 1279 119 40 Glen

285 1340 165 47 Ridge.
484 1340 53 39 X.
573 1339 41 38 J.
687 1338 248 48 (34-2628)

211 1427 288 66 Mecham,
529 1428 153 54 John
714 1428 203 64 Lloyd,
951 1432 169 48 1893-

211 1503 1991 149 Church and state in Latin America; a history of politico-ecclesiastical relations, by J. Lloyd Mecham … Chapel Hill,
213 1663 119 51 The
364 1662 335 68 University
729 1662 62 53 of
821 1663 187 52 North
1039 1662 268 55 Carolina
1338 1681 174 49 press,
1542 1665 149 48 1934.

282 1734 1041 50 viii p., 2 l., 550 p. front., ports. 24cm.
285 1793 345 48 Bibliography
649 1804 8 28 :
691 1805 43 36 p.
761 1792 245 50 [509]-532.

215 1848 50 51 ©
306 1852 109 39 Feb.
455 1852 37 46 6,
532 1851 114 40 1934;
713 1852 67 38 2c.
820 1852 94 38 and
953 1850 80 39 aff.
1074 1851 109 39 Feb.
1223 1852 80 44 14;
1345 1852 40 37 A
1424 1850 168 40 69419:
1637 1850 280 47 University
1957 1851 51 38 of
2047 1851 153 38 North

283 1909 227 40 Carolina
545 1917 148 39 press.
764 1908 249 48 (34-3064)

211 1998 338 65 Montague,
577 2000 219 61 Joseph
827 1998 300 65 Franklin,
1159 2002 168 49 1893-

351 2075 1740 68 I know just the thing for that! By J. F. Montague …
207 2154 137 51 New
373 2153 178 66 York,
579 2153 119 52 The
726 2153 154 53 John
907 2154 130 66 Day
1064 2170 277 50 company
1373 2156 191 63 [c1934]

279 2238 42 33 x,
355 2227 87 39 265
472 2238 43 36 p.
575 2226 115 39 20cm.

215 2280 50 51 ©
293 2285 110 39 Feb.
431 2284 37 41 8.
496 2284 139 44 1934;
663 2284 66 39 2c.
758 2284 109 38 Feb.
896 2284 79 39 12:
1006 2283 81 39 aff.
1116 2283 106 39 Feb.
1252 2283 80 40 10:
1362 2285 44 38 A
1431 2284 168 40 69384;
1631 2285 42 39 J.
1702 2285 51 39 F.
1783 2286 273 46 Montague,
2084 2285 115 38 New

280 2342 141 38 York.
494 2341 248 47 (34-2857)

211 2430 233 64 Morris,
476 2430 171 52 Adah
677 2428 230 66 Vivian,
940 2433 169 49 1895-

275 2508 297 65 Anonyms
607 2507 111 51 and
753 2507 378 67 pseudonyms
1171 2506 107 67 [by]
1317 2507 171 51 Adah
1522 2508 68 52 V.
1625 2507 227 52 Morris.
1931 2507 267 67 Chicago,

208 2585 111 65 Ill.,
349 2584 119 51 The
496 2584 335 67 University
859 2584 63 52 of
952 2583 247 68 Chicago
1229 2602 155 49 press
1439 2587 150 64 [1934]

277 2657 501 47 2 p. l., 22 p. 24cm.
280 2713 1915 48 “Reprinted from the Library quarterly, III (October, 1933), 354-72.”
279 2769 1918 50 “An annotated list … [of] books of anonyms and pseudonyms which
207 2837 89 29 can
324 2827 56 39 be
408 2828 50 39 of
484 2827 233 47 practical
746 2828 142 38 value
914 2827 49 38 in
991 2828 81 38 the
1099 2826 330 47 library.”—p.
1459 2829 38 38 1.

213 2881 50 51 ©
295 2886 108 38 Jan.
433 2885 68 40 30.
533 2885 138 39 1934;
704 2885 69 39 2c.
802 2884 107 39 Feb.
942 2883 80 46 16;
1057 2883 79 39 aff.
1169 2884 108 39 Feb.
1308 2885 55 38 17
1382 2895 7 28 :
1423 2885 36 37 A
1492 2885 169 40 70244:
1697 2885 282 46 University
2010 2885 51 39 of
282 2883 1896 105 Chicago,
442 2941 219 47 Chicago.
738 2940 248 51 (34-3104)

210 3031 325 64 Mortimer,
566 3032 197 52 Frank
795 3031 300 64 Cogswell,
1129 3031 168 52 1876-

284 3107 70 50 In
383 3107 194 68 youth,
610 3106 74 54 So
717 3108 238 51 resolute
987 3106 110 52 and
1127 3107 157 52 other
1316 3107 224 67 rhymes
1577 3107 107 68 [by]
1723 3108 194 53 Frank
1951 3107 60 54 C.
210 3108 1963 129 Mortimer.
458 3183 290 68 Glendale,
778 3183 190 68 Calif.,
996 3184 83 51 La
1110 3183 309 69 Imprenta,
1450 3188 148 53 1934.

297 3254 67 48 [57]
398 3266 42 36 p.
501 3255 115 40 23cm.

284 3311 1910 52 “This, the first edition … is limited to 250 numbered copies, of which
212 3369 96 39 this
340 3368 41 40 is
412 3370 200 38 number
643 3369 97 39 37”.
802 3369 174 47 Signed
1009 3370 59 45 by
1101 3371 80 37 the
1213 3370 189 39 author.

213 3425 50 51 ©
297 3430 108 39 Jan.
437 3430 68 39 31.
539 3429 139 39 1934;
713 3429 65 38 2c.
813 3430 96 38 and
940 3428 80 40 aff.
1055 3428 108 39 Feb.
1195 3428 80 40 20:
1311 3429 42 38 A
1385 3430 167 46 70285;
1591 3431 48 40 F.
1676 3432 47 39 C.
1759 3432 263 40 Mortimer.
279 3434 1899 92 Glendale.
428 3486 142 39 Calif.
642 3485 248 47 (34-3082)

212 3560 239 65 Mundy,
480 3561 227 64 Talbot,
743 3560 168 53 1879-

279 3639 119 51 The
434 3639 205 66 Gunga
675 3638 178 65 sahib,
885 3638 74 66 by
995 3638 204 53 Talbot
1236 3639 236 67 Mundy.
1550 3643 137 51 New
1724 3643 177 64 York,
1935 3644 253 51 London.

211 3715 68 52 D.
310 3717 290 64 Appleton
632 3733 293 48 company,
957 3716 411 65 incorporated,
1399 3722 148 47 1934.

284 3786 549 49 vi p., 1 l., 303 p. 19½cm
289 3842 159 41 “First
474 3843 257 48 printing.”

215 3896 50 50 ©
296 3900 108 39 Feb.
435 3901 66 39 16.
532 3901 139 39 1934;
702 3901 64 38 2c.
799 3901 93 38 and
923 3900 79 39 aff.
1033 3900 108 39 Feb.
1173 3900 79 39 19:
1285 3900 40 38 A
1353 3901 167 40 69496:
1555 3903 50 39 T.
1637 3905 194 39 Mundy.
1865 3904 194 47 Osprey.
2092 3905 99 38 Fla.

292 3957 249 48 (34-2644)
