2350 4296
1116 3992 103 55 777

184 355 242 64 Abbott,
458 354 237 56 Austin.

252 431 1926 69 Abbott New York digest … Consolidated ed. June, 1934,
182 509 342 54 cumulative
554 512 292 67 quarterly
874 510 311 69 pamphlet,
1216 510 138 51 with
1384 511 344 51 cumulative
1759 510 147 52 table
1939 510 62 51 of
2030 530 148 33 cases

182 587 1993 149 digested … Rochester and New York city, The Lawyers cooperative publishing company; St. Paul, West publishing co.;
182 746 137 51 New
348 745 160 53 York
537 745 133 67 city,
700 746 204 66 Baker,
933 745 243 54 Voorhis
1205 747 43 49 &
1278 763 76 34 co.
1392 779 11 32 [
1410 753 16 20 c
1433 748 134 48 1934
1572 778 12 33 ]

257 819 88 39 252
370 829 40 37 p.
469 819 116 39 24cm.

188 887 52 51 ©
268 891 125 39 June
421 891 69 46 28,
520 891 139 46 1934;
691 892 65 39 2c.
790 892 113 47 July
932 891 80 46 14;
1045 890 81 41 aff.
1156 891 116 47 July
1296 890 56 39 16;
1412 889 40 39 A
1480 890 144 40 74218;
1685 891 136 39 West
1848 891 107 47 pub.
1986 902 65 30 co.
2083 892 96 41 and

255 948 227 46 Lawyers
510 948 323 47 co-operative
861 948 106 47 pub.
997 959 66 28 co.

181 1063 1996 148 Atlantic digest. June, 1934, cumulative pamphlet … table of cases digested …
973 1143 81 55 St.
1094 1145 162 65 Paul,
1292 1147 159 52 West
1488 1144 334 67 publishing
1858 1164 77 34 co.
1980 1179 12 32 [
1999 1152 16 20 c
2022 1149 134 49 1934]

253 1218 83 40 383
368 1229 41 36 p.
470 1218 55 38 24cm.

187 1285 51 51 ©
269 1289 127 39 June
421 1289 67 46 15,
521 1289 112 40 1934;
692 1289 66 40 2c.
790 1290 115 47 July
934 1290 81 45 14;
1049 1289 81 39 aff.
1161 1289 114 47 July
1307 1289 53 39 16;
1420 1289 42 38 A
1491 1289 169 46 74223;
1695 1290 134 39 West

1860 1289 108 48 pub.
1999 1300 65 30 co.

179 1449 321 54 Baltimore
535 1450 356 55 association
926 1451 63 53 of
1024 1466 340 38 commerce.
1440 1450 308 66 Maryland
1783 1451 392 67 development

250 1529 227 54 bureau.

254 1607 120 52 The
412 1606 376 69 agricultural
826 1607 265 67 industry
1127 1607 62 52 of
1226 1607 327 68 Maryland,
1593 1607 73 68 by
1708 1607 88 54 W.
1839 1608 55 55 S.
1935 1608 241 62 Hamill,

184 1684 260 54 director.
521 1685 333 67 Baltimore,
894 1686 65 51 Md.,
1076 1685 307 68 Maryland
1426 1686 394 67 development
1860 1686 210 53 bureau
2113 1688 62 51 of

183 1760 1427 70 the Baltimore association of commerce [ c 1934]
251 1838 25 39 1
308 1848 40 37 p.
415 1867 10 17 l.,
457 1837 73 49 [1],
560 1837 48 48 ii,
639 1837 87 41 332
764 1837 109 48 (i.e.
905 1837 110 48 340)
1053 1848 42 37 p.
1128 1836 107 41 incl.
1267 1837 128 41 illus.
1437 1837 186 49 (maps)
1665 1837 152 41 tables
1860 1838 135 48 (part
2026 1836 143 48 fold.)

182 1893 178 49 diagrs.
419 1894 116 40 26cm.

254 1950 524 49 Photolithographed;
809 1951 164 40 folded
1004 1951 153 40 tables
1185 1951 262 40 numbered
1475 1961 52 30 as
1556 1952 175 39 leaves.

256 2007 1922 49 “This study … is the fifth of a series of reports covering results of
182 2067 80 39 the
285 2065 242 41 economic
551 2075 175 38 survey
751 2066 50 39 of
824 2065 81 41 the
929 2067 127 39 state
1082 2065 263 40 conducted
1371 2064 59 48 by

1456 2066 82 39 the
1562 2064 258 49 Maryland
1845 2064 329 47 development

183 2122 419 41 bureau.”—Pref.

184 2176 54 52 ©
268 2182 114 46 May
412 2181 69 46 31,
514 2180 139 45 1934;
688 2181 65 38 2c.
787 2181 94 38 and
915 2179 80 40 aff.
1029 2180 125 38 June
1186 2179 51 46 6;
1272 2180 40 37 A
1347 2179 168 46 72677;
1551 2180 258 46 Maryland
1844 2179 333 46 development

253 2238 196 46 bureau,
482 2236 267 41 Baltimore
781 2247 114 29 assn.
941 2237 48 39 of
1021 2246 272 30 commerce.
1369 2235 280 48 (34-17075)

177 2355 204 65 Beilin,
409 2358 138 52 Mrs.
577 2354 268 57 Mildred.

251 2432 240 55 Modern
519 2434 224 53 Kosher
769 2433 202 66 meals;
1002 2431 210 69 recipes
1240 2433 112 52 and
1381 2451 195 35 menus
1606 2432 281 67 arranged
1919 2431 90 52 for
2039 2433 130 51 each

182 2514 195 50 month
410 2511 64 52 of
503 2512 94 52 the
625 2531 135 48 year
788 2511 170 54 based
989 2530 70 35 on
1092 2517 223 47 current
1349 2510 134 54 food
1515 2509 272 69 supplies,
1817 2511 74 66 by
1919 2510 251 53 Mildred
184 2587 204 54 Beilin.
465 2590 137 52 New

630 2589 179 63 York,
837 2590 179 52 Bloch
1045 2588 332 68 publishing
1403 2607 296 49 company,
1729 2593 149 49 1934.

250 2663 85 40 viii
361 2674 58 37 p.,
446 2664 23 38 1
534 2693 10 18 l.,
570 2663 85 40 114
683 2674 41 37 p.
785 2663 117 40 20cm.

252 2720 163 40 “First
440 2719 230 49 printing,
699 2721 116 46 May
841 2718 156 42 1934.”

184 2774 51 51 ©
265 2779 112 47 May
405 2779 69 45 18,
503 2777 140 47 1934;
676 2778 66 40 2c.
772 2778 126 39 June
927 2778 51 40 5;
1012 2775 81 42 aff.
1125 2778 111 47 May
1264 2777 82 46 22;
1379 2776 40 39 A
1450 2776 169 47 72638;
1652 2777 150 39 Bloch
1833 2776 106 48 pub.
1972 2785 82 37 co.,
2084 2775 90 40 inc.

261 2835 280 48 (34-17061)

176 2948 270 68 Billman,
474 2952 154 52 John
657 2949 194 66 Irwin,
884 2950 171 54 1870-

251 3030 197 53 Better
488 3031 222 63 letters;
756 3049 72 33 an
868 3029 418 67 indispensable
1330 3029 285 53 reference
1656 3030 220 51 volume
1921 3027 93 54 for
182 3034 1964 139 students,
389 3109 111 52 and

531 3108 157 53 those
718 3106 58 52 in
804 3106 254 54 business
1089 3109 125 50 who
1243 3109 71 53 do
1341 3114 100 47 not
1469 3113 153 47 want
1650 3114 58 46 to
1739 3107 165 53 stand
1933 3106 136 67 still,
2096 3106 76 67 by

181 3184 2030 69 John Irwin Billman … introduction by James Cloyd Bowman.
241 3263 1589 68 … Kansas City, Mo., The Executives guild [c1934]
253 3333 98 50 289,
399 3336 40 48 [6]
471 3347 42 37 p.
573 3336 147 40 23½cm.

252 3391 375 49 Bibliography:
661 3403 44 37 p.
734 3392 98 41 289.

184 3445 51 51 ©
268 3450 124 42 June
424 3451 40 46 7,
496 3450 140 46 1934;
672 3451 64 39 2c.
772 3451 95 39 and
900 3450 80 40 aff.
1016 3450 125 40 June
1174 3452 80 46 14;
1290 3452 40 42 A
1363 3451 169 47 73039;
1570 3452 40 39 J.
1649 3453 36 38 I.
1718 3451 228 47 Billman,
1980 3451 194 38 Kansas

250 3507 123 48 City,
406 3509 91 38 Mo.
570 3506 279 48 (34-17085)

176 3624 237 65 Bogert,
445 3625 227 64 George
703 3624 269 66 Gleason,
1005 3629 170 49 1884-

178 3702 1972 131 Introduction to business law. by George G. Bogert … Kennard
352 3780 1822 69 E. Goodman … and William L. Moore … Boston, New
181 3855 1213 72 York [etc.] Ginn and company [ c 1934 ]
248 3931 80 47 vii,
358 3932 83 39 584
471 3942 41 38 p.
574 3930 126 42 illus.
762 3932 144 39 21½cm.
