2350 4296
1100 3998 65 48 33

155 356 313 55 American
499 358 225 62 society
753 358 62 52 of
845 358 247 63 heating
1121 358 113 52 and
1265 356 361 64 ventilating
1654 357 329 63 engineers.

283 433 1214 69 … Guide, 1931 … containing reference
1536 435 136 51 data
1708 453 72 34 on
1817 436 94 51 the
1951 436 198 66 design

155 513 106 51 and
295 511 383 69 specification
710 512 65 51 of
804 513 237 67 heating
1073 512 110 54 and
1213 512 346 68 ventilating
1589 517 255 62 systems,
1874 514 171 51 based
2078 533 70 32 on

153 592 90 51 the
272 591 421 61 Transactions,
720 592 94 51 the
844 589 433 70 investigations
1305 591 63 51 of
1394 593 94 51 the
1517 592 257 51 research
1803 592 347 65 laboratory,

155 670 104 51 and
305 670 93 51 the
439 669 245 67 practice
723 670 64 52 of
824 671 94 50 the
957 669 273 54 members
1271 670 110 51 and
1424 669 220 52 friends
1686 669 62 51 of
1786 671 95 50 the
1920 670 228 68 society,

152 747 1996 68 together with a manufacturers’ catalog data section … also
151 827 93 52 the
281 828 105 52 roll
423 826 62 53 of
520 825 379 68 membership
936 826 64 52 of
1035 827 95 52 the
1165 826 227 67 society,
1427 826 137 52 with
1606 827 274 66 complete
1919 827 228 51 indexes

150 904 1997 68 to technical and catalog data. v. 9 … New York, American
148 981 1619 70 society of heating and ventilating engineers [ c 1931]
215 1056 103 47 xiii,
348 1056 98 47 923,
477 1056 55 40 60
562 1067 41 37 p.
662 1056 141 47 illus.,
834 1056 178 47 diagrs.
1073 1056 56 39 23
1132 1057 44 22 cm
1182 1088 6 6 .

151 1123 50 51 ©
236 1127 107 39 Jan.
376 1126 67 47 26,
479 1126 139 47 1931;
653 1127 65 38 2c.
755 1127 109 40 Jan.
897 1127 40 45 3,
970 1126 141 47 1934;
1148 1126 80 41 aff.
1264 1126 108 39 Jul.
1408 1127 52 40 4;
1498 1125 38 39 A
1569 1125 171 47 68733;
1778 1126 156 39 Amer.
1971 1136 91 29 soc.
2098 1124 52 40 of

253 1183 163 47 heating
448 1185 95 38 and
576 1183 291 48 ventilating
900 1183 265 47 engineers.

148 1300 348 54 Assistance
524 1302 206 62 league
760 1303 62 51 of
850 1302 297 53 Southern
1178 1301 344 55 California.

214 1378 120 51 The
381 1378 264 66 palatists
689 1378 147 52 book
882 1379 64 51 of
990 1377 257 69 cookery,
1294 1378 138 51 with
1480 1397 31 32 a
1558 1378 286 53 foreword
1889 1379 73 66 by
2008 1379 139 54 Mrs.

143 1456 177 52 Anita
347 1456 80 52 M.
455 1456 285 67 Baldwin,
767 1456 280 68 compiled
1076 1456 107 53 and
1215 1456 301 67 published
1541 1457 74 67 by
1642 1456 94 53 the
1763 1456 296 54 Assistanc
2111 1455 32 68 [!]

144 1535 194 68 league
369 1535 64 52 of
465 1533 285 55 Southern
784 1535 341 54 California.
1201 1534 366 68 Hollywood,
1600 1534 195 67 Calif.,
1830 1538 149 49 1933.

212 1609 27 40 6
278 1620 42 37 p.
396 1640 8 16 l.,
444 1610 100 46 230,
587 1610 69 48 [16]
713 1620 41 38 p.
824 1610 56 40 23½
913 1612 44 20 cm
963 1643 6 6 .

147 1677 51 51 ©
227 1681 110 39 Dec.
428 1712 8 15 18,
466 1679 140 48 1933;
637 1681 66 40 2c.
735 1682 96 39 and
860 1680 82 40 aff.
974 1681 107 39 Jan.
1114 1680 68 48 10,
1213 1680 140 46 1934;
1387 1680 41 39 A
1457 1680 171 47 67940;
1663 1680 283 40 Assistance
1976 1681 172 46 league

216 1738 52 39 of
305 1738 242 41 Southern
584 1738 286 47 California,
907 1738 301 47 Hollywood,
1248 1737 145 40 Calif.
1464 1737 251 47 (34-1390)

145 1856 252 65 Balmer,
429 1858 225 64 Edwin,
688 1861 172 49 1883-

216 1932 1929 71 Dragons drive you, by Edwin Balmer … New York, Dodd,
151 2011 163 53 Mead
349 2013 45 50 &
430 2029 296 51 company,
763 2014 150 51 1934.

212 2083 24 39 3
274 2094 42 37 p.
387 2114 8 16 l.,
430 2082 87 41 289
550 2094 41 37 p.
653 2085 56 39 20
712 2086 43 21 cm
760 2116 9 8 .

214 2142 287 39 Illustrated
539 2141 363 48 lining-papers.

147 2212 51 51 ©
233 2217 108 39 Jan.
376 2217 68 46 17,
480 2216 140 42 1934;
657 2217 67 39 2c.
760 2217 108 40 Jan.
905 2217 81 46 19;
1025 2216 80 40 aff.
1144 2215 107 42 Jan.
1288 2216 81 47 20;
1408 2217 40 39 A
1483 2216 171 47 69133;
1693 2218 52 40 E.
1782 2219 197 38 Balmer.
2029 2219 118 39 New

215 2273 145 41 York.
431 2273 249 49 (34-1363)

146 2392 279 65 Bellamy,
454 2394 285 54 Harmon.

209 2466 1934 74 Bedmates, by Harmon Bellamy … New York, W. Godwin.
142 2548 122 65 inc.,
297 2549 150 50 1934.

206 2618 86 42 288
320 2630 44 37 p.
424 2619 56 41 19
484 2621 43 21 cm
532 2651 8 8 .

145 2688 51 51 ©
230 2693 108 39 Jan.
372 2693 68 47 11,
473 2693 142 46 1934;
650 2693 66 39 2c.
752 2693 109 40 Jan.
895 2693 81 46 15;
1014 2692 81 41 aff.
1130 2692 107 41 Jan.
1274 2693 81 45 18;
1392 2693 41 39 A
1466 2693 171 48 68912;
1673 2693 219 42 William
1928 2695 215 44 Godwin,

211 2749 90 41 inc.
376 2750 250 48 (34-1230)

141 2867 265 66 Bentley,
436 2868 230 63 Phyllis
693 2869 270 65 Eleanor,
996 2873 171 49 1894-

211 2946 54 51 A
309 2947 234 51 modern
585 2947 262 67 tragedy,
889 2948 75 66 by
1009 2946 225 68 Phyllis
1280 2949 258 66 Bentley.
1614 2949 138 52 New
1799 2951 178 65 York,
2024 2952 120 51 The

141 3023 331 53 Macmillan
506 3042 296 50 company,
836 3027 151 50 1934.

209 3097 87 40 viii
321 3109 58 37 p.,
406 3098 23 38 1
494 3129 8 16 l.,
529 3097 85 41 435
640 3109 43 37 p.
743 3097 57 41 20
803 3100 43 21 cm
851 3134 9 8 .

146 3167 51 51 ©
227 3171 109 40 Feb.
365 3171 39 47 1,
435 3170 140 48 1934;
606 3171 66 39 2c.
704 3170 110 40 Feb.
843 3171 54 45 2;
929 3170 82 40 aff.
1042 3171 108 39 Feb.
1180 3171 54 44 3;
1267 3171 42 38 A
1338 3171 168 47 70121;
1541 3172 190 48 Phyllis
1760 3175 217 47 Bentley,

210 3177 1917 97 Halifax,
342 3227 282 47 Yorkshire,
655 3228 235 47 England.
963 3227 279 48 (33-27499)

142 3346 160 63 Best,
332 3346 216 65 Harry,
581 3349 170 49 1880-

209 3422 303 53 Blindness
537 3422 111 53 and
675 3422 94 54 the
796 3420 159 54 blind
981 3426 60 50 in
1067 3422 95 53 the
1187 3422 217 54 United
1432 3422 204 71 States,
1665 3425 72 68 by
1765 3427 197 69 Harry
1990 3429 148 55 Best.

144 3499 133 55 New
315 3500 176 67 York,
525 3501 121 51 The
679 3500 333 53 Macmillan
1047 3518 294 51 company,
1377 3504 149 49 1934.

209 3572 117 48 xxii,
365 3573 84 40 714
487 3584 42 37 p.
594 3573 55 39 24
652 3575 44 21 cm
701 3604 9 8 .

210 3630 129 39 “The
372 3633 194 45 present
602 3630 131 39 work
767 3629 42 41 is
843 3641 23 28 a
905 3628 211 42 revision
1152 3631 93 40 and
1278 3632 269 48 expansion
1579 3635 51 38 of
1665 3636 113 41 ‘The
1814 3638 158 41 blind:
2011 3641 127 40 their

142 3687 242 41 condition
420 3689 94 39 and
550 3688 81 40 the
667 3688 133 38 work
834 3685 141 50 being
1008 3688 121 39 done
1163 3687 78 41 for
1276 3689 129 39 them
1441 3690 46 39 in
1526 3692 80 39 the
1643 3693 175 42 United
1857 3697 220 41 States’.”

141 3745 270 40 Foreword.

210 3803 346 47 Bibliography
593 3804 50 38 at
678 3802 90 39 end
803 3802 52 39 of
888 3811 129 30 some
1052 3802 51 39 of
1137 3802 80 40 the
1250 3802 240 48 chapters.

142 3875 50 51 ©
219 3880 108 39 Jan.
354 3879 67 45 16,
449 3878 113 40 1934
581 3888 7 36 ;
617 3877 67 40 2c.
712 3877 96 39 and
833 3875 81 40 aff.
943 3876 109 39 Jan.
1080 3876 82 45 17;
1190 3875 41 39 A
1258 3873 170 50 69025;
1460 3878 281 43 Macmillan
1770 3895 66 29 co.

220 3936 249 48 (34-1429)
