2350 4296
1009 3998 145 56 1433.

120 354 353 67 Bergmann,
508 359 229 52 Gustav
770 375 129 47 von,
935 359 169 51 1878-
1317 357 83 52 ed.

184 430 1926 73 Handbuch der inneren medizin, begründet von L. Mohr † und
119 508 1991 72 R. Staehelin. 3. aufl., hrsg. von G. v. Bergmann … und
116 588 1821 70 R. Staehelin … unter mitwirkung von V. Salle … 1. bd.
115 590 1972 133 Infektionskrankheiten.
840 671 216 52 Berlin,
1088 673 54 50 J.
1176 669 298 67 Springer,
1505 673 149 48 1934.

183 743 94 44 xvi,
303 740 126 42 1299.
462 744 54 48 [1]
545 754 41 37 p.
642 743 128 40 illus.
799 744 133 47 (part
959 744 113 46 col.)
1107 744 178 46 diagrs.
1340 742 55 40 26
1398 745 44 20 cm
1449 776 7 6 .

180 796 132 39 Each
340 798 189 38 volume
558 799 89 38 has
676 798 102 39 also
809 799 178 45 special
1015 801 97 44 t.-p.

181 851 307 43 “Literatur”
515 856 51 37 at
593 856 89 38 end
711 855 50 39 of
786 856 115 38 each
930 855 196 39 section.

116 909 49 51 ©
193 913 126 40 June
345 912 68 41 25.
439 913 140 41 1934:
611 915 64 38 1c.
705 914 128 48 Sept.
859 913 55 40 20
933 925 7 30 :
971 912 310 49 A-Foreign
1308 912 170 42 25629:
1511 914 162 40 Julius
1704 913 242 49 Springer.

192 969 279 49 (34-36025)

111 1116 202 66 Bland,
347 1119 204 52 Pascal
585 1121 245 63 Brooke,
866 1119 171 54 1875-

180 1195 285 53 Practical
531 1197 294 52 obstetrics
891 1197 94 53 for
1048 1197 257 52 students
1374 1196 111 52 and
1552 1196 418 68 practitioners,
2036 1201 71 62 by

111 1272 1995 69 P. Brooke Bland … and Thaddeus L. Montgomery … 2d ed.
110 1351 335 53 Illustrated
487 1351 139 53 with
672 1356 99 48 516
811 1352 345 66 engravings
1194 1352 301 66 including
1535 1354 62 48 21
1643 1353 220 51 colored
1910 1352 196 67 plates.

110 1428 423 68 Philadelphia,
562 1430 65 51 F.
660 1429 70 52 A.
759 1430 180 51 Davis
970 1446 296 49 company,
1298 1431 150 50 1934.

176 1511 80 36 xx,
285 1499 84 42 730
399 1512 41 37 p.
502 1502 143 43 illus.,
676 1502 84 39 col.
791 1501 158 49 plates
978 1502 47 43 (1
1056 1501 195 45 double)
1290 1501 154 49 diagr.
1504 1501 56 40 26
1564 1504 42 20 cm
1613 1536 6 6 .

180 1556 221 43 ‘'Section
431 1558 50 40 of
514 1558 216 41 referred
763 1558 229 49 reading”
1013 1570 6 26 :
1052 1568 43 37 p.
1124 1557 216 41 695-709.

110 1610 50 52 ©
191 1615 100 40 Oct.
322 1615 67 42 10,
420 1614 141 41 1934:
593 1615 64 39 2c.
692 1615 99 40 Oct.
824 1616 81 46 11;
940 1615 81 39 aff.
1055 1614 101 40 Oct.
1186 1615 81 41 13:
1300 1615 40 38 A
1373 1614 169 47 75761;
1575 1616 48 37 F.
1660 1616 51 39 A.
1744 1616 152 40 Davis
1928 1625 65 33 co.

188 1671 280 49 (34-36275)

106 1819 196 65 Bloch,
332 1822 179 64 Iwan,
544 1820 325 54 1872-1922.

174 1898 257 68 Marquis
459 1899 67 52 de
554 1897 195 57 Sade’s
776 1899 441 67 anthropologia
1242 1897 245 54 sexualis
1515 1898 63 53 of
1605 1902 100 48 600
1735 1898 368 67 perversions,

106 1978 98 49 120
232 1976 138 66 days
398 1976 63 53 of
490 1975 241 67 Sodom;
759 1995 80 47 or,
865 1976 120 52 The
1012 1976 190 53 school
1231 1976 93 53 for
1350 1976 369 66 libertinage;
1751 1977 111 53 and
1887 1977 95 53 the
2008 1996 94 34 sex

104 2052 104 55 life
246 2053 62 54 of
344 2053 95 54 the
475 2054 225 51 French
736 2072 103 48 age
874 2053 63 53 of
973 2054 385 66 debauchery;
1397 2053 153 53 from
1587 2054 224 66 private
1849 2054 253 53 archives

104 2131 62 52 of
204 2132 95 52 the
340 2130 225 54 French
603 2135 390 63 government,
1031 2132 75 65 by
1145 2132 103 51 Dr.
1289 2133 161 50 Iwan
1490 2132 199 52 Bloch.
1764 2132 335 54 Illustrated

104 2209 138 53 with
281 2226 301 36 numerous
622 2208 314 53 half-tones
976 2208 152 53 after
1167 2209 129 52 18th
1339 2214 235 61 century
1614 2213 251 49 masters.
1947 2210 156 66 [New

104 2286 178 66 York,
308 2287 158 52 Priv.
494 2287 177 66 print,
698 2287 72 65 by
798 2286 517 67 Anthropological
1342 2305 174 48 press,
1542 2293 16 20 c
1564 2290 134 49 1934]

170 2357 1928 51 3 p. l. , iii-xxxii. 320 p. incl. front., illus., facsims. plates, ports. 25½ cm .
173 2415 1923 50 “Of this edition … three thousand copies have been privately issued
151 2470 1724 51 … This copy is … n° 640. Translated by Raymond Sabatier.”
171 2531 100 39 The
299 2540 152 39 group
481 2531 51 39 of
559 2532 81 37 ten
668 2528 157 48 plates
852 2526 260 51 preceding
1140 2539 41 37 p.
1212 2529 83 38 177
1324 2529 40 39 is
1393 2531 342 46 accompanied
1764 2531 59 47 by
1853 2531 99 40 leaf
1981 2532 117 39 with

99 2586 291 49 descriptive
425 2588 297 46 letterpress.

173 2643 377 49 “Bibliography
581 2642 51 40 of
659 2641 278 47 frequently
965 2640 127 40 cited
1119 2641 93 39 and
1243 2643 176 46 quoted
1449 2643 221 39 sources”
1691 2653 8 29 :
1731 2655 42 36 p.
1803 2642 214 43 315-320.

104 2696 1996 55 © Aug. 3, 1934; 2c. Oct. 13: aff. Oct. 25 : A 75931; Falstaff press. New
169 2759 144 38 York.
385 2754 279 53 (34-36263)

100 2888 351 66 Boardman,
483 2890 207 51 Edwin
723 2889 329 61 Augustus,
1084 2886 170 55 1876-

167 2968 255 53 Poetical
461 2966 323 67 expression
834 2998 12 34 [
850 2965 92 66 by]
988 2965 207 51 Edwin
1239 2967 66 50 A.
1349 2967 344 52 Boardman.
1776 2969 320 66 [Norwood,

101 3045 185 68 Mass.]
321 3045 158 54 Priv.
508 3042 175 68 print.
721 3042 316 69 [Plimpton
1065 3060 173 50 press]
1276 3047 146 50 1934.

166 3118 87 40 viii
280 3128 57 38 p.,
365 3117 24 39 1
452 3149 9 10 l..
487 3117 54 39 75
568 3127 43 37 p.
672 3116 56 41 18½
760 3117 44 22 cm
809 3147 8 8 .

172 3174 161 42 “First
358 3173 183 44 edition
561 3185 8 35 ;
597 3174 79 38 for
702 3172 190 49 private
921 3171 315 41 distribution
1262 3172 84 40 200
1374 3172 201 49 copies.”

169 3231 183 41 Poems.

101 3284 1980 111 © Oct. 26, 1934; 2c. and aff. Oct. 29; A 76784; E. A. Boardman, Marblehead, Mass. (34-36210)
97 3479 324 65 Bonnesen,
453 3482 265 59 Tommy,
754 3475 171 54 1873-

222 3553 1873 70 … Theorie der konvexen körper, von T. Bonnesen und W.
96 3637 258 53 Fenchel.
428 3635 116 52 Mit
577 3638 28 49 8
639 3633 237 68 figuren.
953 3630 218 69 Berlin,
1205 3633 55 54 J.
1301 3634 297 68 Springer,
1637 3639 150 49 1934.

160 3711 81 48 vii,
291 3710 83 40 164
422 3720 42 36 p.
526 3707 179 47 diagrs.
764 3707 58 38 24
824 3709 43 20 cm
873 3738 7 6 .
953 3704 315 49 (Ergebnisse
1314 3709 85 38 der
1446 3709 324 40 mathematik
1817 3712 98 39 und
2019 3723 78 29 ihrer

94 3761 697 52 grenzgebiete … 3. bd.. 1)
163 3817 608 47 “Literaturverzeichnis”
791 3829 8 28 :
832 3827 44 38 p.
911 3816 247 50 [150]-164.

100 3875 1801 58 © Jul, 1, 1934; 1c. Mar. 30; A-Foreign 24313; Julius Springer.
174 3936 277 49 (34-35649)
