<alto xmlns="http://www.loc.gov/standards/alto/ns-v3#" xmlns:xlink="http://www.w3.org/1999/xlink" xmlns:xsi="http://www.w3.org/2001/XMLSchema-instance" xsi:schemaLocation="http://www.loc.gov/standards/alto/ns-v3# http://www.loc.gov/alto/v3/alto-3-0.xsd"><Description>
<MeasurementUnit>pixel</MeasurementUnit>
<sourceImageInformation>
<fileName>1934_v1_Part1.pdf</fileName>
</sourceImageInformation>
<OCRProcessing ID="IdOcr">
<ocrProcessingStep>
<processingDateTime>2019-01-10</processingDateTime>
<processingSoftware>
<softwareCreator>ABBYY</softwareCreator>
<softwareName>ABBYY Recognition Server</softwareName>
<softwareVersion>4.0</softwareVersion>
</processingSoftware>
</ocrProcessingStep>
</OCRProcessing>
</Description>
<Styles>
<ParagraphStyle ID="StyleId-FFFFFFFF-FFFF-FFFF-FFFF-FFFFFFFFFFFF-" ALIGN="Left" LEFT="0." RIGHT="0." FIRSTLINE="0."/>
<ParagraphStyle ID="StyleId-521E1FC6-FE7E-43A4-90E6-A9B61626A263-" ALIGN="Right" LEFT="0." RIGHT="0." FIRSTLINE="0." LINESPACE="13.30000019"/>
<ParagraphStyle ID="StyleId-639B624E-F6F5-47B6-BB1D-34E64B53022F-" ALIGN="Left" LEFT="0." RIGHT="0." FIRSTLINE="-27." LINESPACE="13.43999958"/>
<ParagraphStyle ID="StyleId-100905F9-D385-406B-A5BD-ED5B8FD85431-" ALIGN="Left" LEFT="0." RIGHT="0." FIRSTLINE="0."/>
<ParagraphStyle ID="StyleId-7C9F9BA2-EF3A-4B7F-8486-CCC7B7F49B39-" ALIGN="Left" LEFT="0." RIGHT="0." FIRSTLINE="-27." LINESPACE="18.71999931"/>
<ParagraphStyle ID="StyleId-350780E3-60F2-4605-88F5-BB54F9B87091-" ALIGN="Block" LEFT="0." RIGHT="0." FIRSTLINE="-27." LINESPACE="18.71999931"/>
<ParagraphStyle ID="StyleId-90B16C58-D795-4C77-9B89-30378C515D40-" ALIGN="Left" LEFT="0." RIGHT="0." FIRSTLINE="0." LINESPACE="14.39999962"/>
<ParagraphStyle ID="StyleId-17090E09-AFAF-4086-BD9B-4E99FAE6B057-" ALIGN="Right" LEFT="0." RIGHT="0." FIRSTLINE="-27." LINESPACE="14.39999962"/>
<ParagraphStyle ID="StyleId-8B87B633-89DB-4D72-B1FC-26E4ABD680BC-" ALIGN="Left" LEFT="0." RIGHT="0." FIRSTLINE="-27." LINESPACE="18.47999954"/>
<ParagraphStyle ID="StyleId-42DA7417-CA90-4D71-A57B-06556C38D752-" ALIGN="Left" LEFT="0." RIGHT="0." FIRSTLINE="0." LINESPACE="13.30000019"/>
<ParagraphStyle ID="StyleId-D8EE2A7E-42AE-4E35-98DB-F0F935637AA0-" ALIGN="Block" LEFT="0." RIGHT="0." FIRSTLINE="0." LINESPACE="6.599999905"/>
<ParagraphStyle ID="StyleId-33CD3121-D4F5-43B6-BA96-6382D166E6B8-" ALIGN="Left" LEFT="0." RIGHT="0." FIRSTLINE="0." LINESPACE="15.5"/>
<ParagraphStyle ID="StyleId-1CE52AFA-C319-4DD9-B4B1-F0EBFA2B3F0B-" ALIGN="Block" LEFT="0." RIGHT="0." FIRSTLINE="-21." LINESPACE="18.71999931"/>
<ParagraphStyle ID="StyleId-B74F1B65-92F1-49C5-A5FA-D20442F031F2-" ALIGN="Left" LEFT="0." RIGHT="0." FIRSTLINE="0." LINESPACE="17.70006076"/>
<ParagraphStyle ID="StyleId-79E2924A-215C-40B7-B577-7236BFBAA25E-" ALIGN="Center" LEFT="0." RIGHT="0." FIRSTLINE="0." LINESPACE="7.199999809"/>
</Styles>
<Layout>
<Page ID="Page191" PHYSICAL_IMG_NR="191" HEIGHT="4196" WIDTH="2350">
<TopMargin HEIGHT="465" WIDTH="2350" VPOS="0" HPOS="0">
</TopMargin>
<LeftMargin HEIGHT="3585" WIDTH="100" VPOS="465" HPOS="0">
</LeftMargin>
<RightMargin HEIGHT="3585" WIDTH="144" VPOS="465" HPOS="2206">
</RightMargin>
<BottomMargin HEIGHT="146" WIDTH="2350" VPOS="4050" HPOS="0">
<TextBlock ID="Page191_Block1" HEIGHT="60" WIDTH="108" VPOS="4105" HPOS="1097" LANG="en-US" STYLEREFS="StyleId-842BEF41-58FB-4710-AC3C-5D7FE0966291-">
<TextLine HEIGHT="48" WIDTH="96" VPOS="4111" HPOS="1103">
<String CONTENT="191" HEIGHT="48" WIDTH="96" VPOS="4111" HPOS="1103"/>
</TextLine>
</TextBlock>
</BottomMargin>
<PrintSpace HEIGHT="3585" WIDTH="2106" VPOS="465" HPOS="100">
<TextBlock ID="Page191_Block2" HEIGHT="3585" WIDTH="2106" VPOS="465" HPOS="100" LANG="en-US" CS="1" STYLEREFS="StyleId-AEF6C1CC-090B-4104-A20F-9D3CE466C3D1-">
<TextLine HEIGHT="65" WIDTH="966" VPOS="471" HPOS="156" STYLEREFS="StyleId-5FC929A7-F555-4330-ADBE-F6F26FBFE0A2-">
<String CONTENT="Taylor," HEIGHT="63" WIDTH="229" VPOS="473" HPOS="156"/>
<SP HEIGHT="64" WIDTH="30" VPOS="472" HPOS="386"/>
<String CONTENT="Jacob" HEIGHT="53" WIDTH="179" VPOS="472" HPOS="417"/>
<SP HEIGHT="53" WIDTH="31" VPOS="471" HPOS="597"/>
<String CONTENT="Bacchus," HEIGHT="64" WIDTH="286" VPOS="471" HPOS="629"/>
<SP HEIGHT="61" WIDTH="34" VPOS="474" HPOS="916"/>
<String CONTENT="1898-" HEIGHT="49" WIDTH="171" VPOS="473" HPOS="951"/>
</TextLine>
<TextLine HEIGHT="135" WIDTH="1967" VPOS="545" HPOS="159" STYLEREFS="StyleId-B4D57935-C1D6-411E-A8E2-EE87515B4400-" CS="1">
<String CONTENT="Intermediate" HEIGHT="53" WIDTH="408" VPOS="548" HPOS="227"/>
<SP HEIGHT="33" WIDTH="44" VPOS="568" HPOS="636"/>
<String CONTENT="accounting." HEIGHT="67" WIDTH="354" VPOS="548" HPOS="681"/>
<SP HEIGHT="51" WIDTH="76" VPOS="549" HPOS="1036"/>
<String CONTENT="Volume" HEIGHT="52" WIDTH="241" VPOS="548" HPOS="1113"/>
<SP HEIGHT="35" WIDTH="41" VPOS="564" HPOS="1355"/>
<String CS="1" CONTENT="II." HEIGHT="9" WIDTH="9" VPOS="588" HPOS="1448"/>
<SP HEIGHT="50" WIDTH="78" VPOS="549" HPOS="1458"/>
<String CONTENT="By" HEIGHT="64" WIDTH="90" VPOS="549" HPOS="1537"/>
<SP HEIGHT="66" WIDTH="41" VPOS="547" HPOS="1628"/>
<String CONTENT="Jacob" HEIGHT="55" WIDTH="179" VPOS="545" HPOS="1670"/>
<SP HEIGHT="53" WIDTH="42" VPOS="545" HPOS="1850"/>
<String CONTENT="B." HEIGHT="50" WIDTH="66" VPOS="548" HPOS="1893"/>
<SP HEIGHT="50" WIDTH="42" VPOS="548" HPOS="1960"/>
<String CONTENT="Taylor" HEIGHT="132" WIDTH="1967" VPOS="548" HPOS="159"/>
<SP HEIGHT="31" WIDTH="45" VPOS="648" HPOS="245"/>
<String CS="1" CONTENT="&#8230;"/>
<SP HEIGHT="33" WIDTH="47" VPOS="646" HPOS="345"/>
<String CONTENT="and" HEIGHT="51" WIDTH="110" VPOS="628" HPOS="393"/>
</TextLine>
<TextLine HEIGHT="148" WIDTH="1993" VPOS="624" HPOS="156" STYLEREFS="StyleId-B4D57935-C1D6-411E-A8E2-EE87515B4400-" CS="1">
<String CONTENT="Hermann" HEIGHT="50" WIDTH="299" VPOS="629" HPOS="545"/>
<SP HEIGHT="54" WIDTH="42" VPOS="626" HPOS="845"/>
<String CONTENT="C." HEIGHT="54" WIDTH="61" VPOS="626" HPOS="888"/>
<SP HEIGHT="50" WIDTH="40" VPOS="628" HPOS="950"/>
<String CONTENT="Miller" HEIGHT="53" WIDTH="194" VPOS="625" HPOS="991"/>
<SP HEIGHT="32" WIDTH="45" VPOS="645" HPOS="1186"/>
<String CS="1" CONTENT="&#8230;"/>
<SP HEIGHT="48" WIDTH="81" VPOS="629" HPOS="1288"/>
<String CONTENT="1st" HEIGHT="48" WIDTH="83" VPOS="629" HPOS="1370"/>
<SP HEIGHT="46" WIDTH="36" VPOS="631" HPOS="1454"/>
<String CONTENT="ed." HEIGHT="52" WIDTH="85" VPOS="625" HPOS="1491"/>
<SP HEIGHT="51" WIDTH="76" VPOS="626" HPOS="1577"/>
<String CONTENT="New" HEIGHT="51" WIDTH="137" VPOS="626" HPOS="1654"/>
<SP HEIGHT="51" WIDTH="41" VPOS="626" HPOS="1792"/>
<String CONTENT="York" HEIGHT="53" WIDTH="163" VPOS="624" HPOS="1834"/>
<SP HEIGHT="52" WIDTH="40" VPOS="624" HPOS="1998"/>
<String CONTENT="and" HEIGHT="51" WIDTH="110" VPOS="625" HPOS="2039"/>
<SP/>
<String CONTENT="London," HEIGHT="66" WIDTH="258" VPOS="706" HPOS="156"/>
<SP HEIGHT="64" WIDTH="23" VPOS="708" HPOS="415"/>
<String CONTENT="McGraw-Hill" HEIGHT="56" WIDTH="429" VPOS="704" HPOS="439"/>
<SP HEIGHT="52" WIDTH="25" VPOS="705" HPOS="869"/>
<String CONTENT="book" HEIGHT="52" WIDTH="146" VPOS="704" HPOS="895"/>
<SP HEIGHT="53" WIDTH="26" VPOS="704" HPOS="1042"/>
<String CONTENT="company," HEIGHT="49" WIDTH="294" VPOS="722" HPOS="1069"/>
<SP HEIGHT="65" WIDTH="25" VPOS="705" HPOS="1364"/>
<String CONTENT="inc.," HEIGHT="65" WIDTH="127" VPOS="705" HPOS="1390"/>
<SP HEIGHT="64" WIDTH="26" VPOS="706" HPOS="1518"/>
<String CONTENT="1934." HEIGHT="50" WIDTH="150" VPOS="706" HPOS="1545"/>
</TextLine>
<TextLine HEIGHT="52" WIDTH="1722" VPOS="774" HPOS="223" CS="1">
<String CONTENT="x," HEIGHT="34" WIDTH="44" VPOS="792" HPOS="223"/>
<SP HEIGHT="45" WIDTH="30" VPOS="781" HPOS="268"/>
<String CONTENT="476" HEIGHT="40" WIDTH="86" VPOS="780" HPOS="299"/>
<SP HEIGHT="46" WIDTH="28" VPOS="780" HPOS="386"/>
<String CONTENT="p." HEIGHT="37" WIDTH="41" VPOS="789" HPOS="415"/>
<SP HEIGHT="40" WIDTH="59" VPOS="779" HPOS="457"/>
<String CS="1" CONTENT="23&#189;" HEIGHT="39" WIDTH="53" VPOS="779" HPOS="517"/>
<String STYLE="superscript" CONTENT="cm" HEIGHT="20" WIDTH="43" VPOS="781" HPOS="605"/>
<String CONTENT="." HEIGHT="7" WIDTH="6" VPOS="809" HPOS="654"/>
<SP HEIGHT="46" WIDTH="72" VPOS="780" HPOS="661"/>
<String CONTENT="(Half-title:" HEIGHT="48" WIDTH="298" VPOS="778" HPOS="734"/>
<SP HEIGHT="40" WIDTH="30" VPOS="778" HPOS="1033"/>
<String CONTENT="McGraw-Hill" HEIGHT="41" WIDTH="351" VPOS="776" HPOS="1064"/>
<SP HEIGHT="38" WIDTH="31" VPOS="778" HPOS="1416"/>
<String CONTENT="accounting" HEIGHT="49" WIDTH="290" VPOS="774" HPOS="1448"/>
<SP HEIGHT="37" WIDTH="31" VPOS="786" HPOS="1739"/>
<String CONTENT="series)" HEIGHT="47" WIDTH="174" VPOS="775" HPOS="1771"/>
</TextLine>
<TextLine HEIGHT="52" WIDTH="1995" VPOS="832" HPOS="159" CS="1">
<String CONTENT="&#169;" HEIGHT="51" WIDTH="52" VPOS="833" HPOS="159"/>
<SP HEIGHT="51" WIDTH="27" VPOS="833" HPOS="212"/>
<String CONTENT="Feb." HEIGHT="40" WIDTH="111" VPOS="837" HPOS="240"/>
<SP HEIGHT="38" WIDTH="27" VPOS="838" HPOS="352"/>
<String CONTENT="15," HEIGHT="46" WIDTH="68" VPOS="837" HPOS="380"/>
<SP HEIGHT="45" WIDTH="29" VPOS="838" HPOS="449"/>
<String CS="1" CONTENT="1934;" HEIGHT="40" WIDTH="113" VPOS="835" HPOS="479"/>
<SP HEIGHT="46" WIDTH="31" VPOS="836" HPOS="619"/>
<String CONTENT="2c." HEIGHT="39" WIDTH="65" VPOS="836" HPOS="651"/>
<SP HEIGHT="39" WIDTH="31" VPOS="836" HPOS="717"/>
<String CONTENT="Feb." HEIGHT="38" WIDTH="109" VPOS="836" HPOS="749"/>
<SP HEIGHT="37" WIDTH="30" VPOS="837" HPOS="859"/>
<String CS="1" CONTENT="14;" HEIGHT="38" WIDTH="54" VPOS="836" HPOS="890"/>
<SP HEIGHT="35" WIDTH="32" VPOS="846" HPOS="972"/>
<String CONTENT="aff." HEIGHT="40" WIDTH="80" VPOS="834" HPOS="1005"/>
<SP HEIGHT="40" WIDTH="32" VPOS="834" HPOS="1086"/>
<String CONTENT="Feb." HEIGHT="39" WIDTH="108" VPOS="834" HPOS="1119"/>
<SP HEIGHT="37" WIDTH="30" VPOS="836" HPOS="1228"/>
<String CONTENT="17;" HEIGHT="45" WIDTH="82" VPOS="835" HPOS="1259"/>
<SP HEIGHT="46" WIDTH="31" VPOS="834" HPOS="1342"/>
<!-- cceid BA3A152C-6C64-1014-8713-889FF4349C01 --><String CONTENT="A" HEIGHT="40" WIDTH="42" VPOS="834" HPOS="1374"/>
<SP HEIGHT="40" WIDTH="27" VPOS="834" HPOS="1417"/>
<String CS="1" CONTENT="69475;" HEIGHT="40" WIDTH="143" VPOS="833" HPOS="1445"/>
<SP HEIGHT="46" WIDTH="33" VPOS="834" HPOS="1616"/>
<String CONTENT="McGraw-Hill" HEIGHT="41" WIDTH="350" VPOS="832" HPOS="1650"/>
<SP HEIGHT="39" WIDTH="29" VPOS="834" HPOS="2001"/>
<String CONTENT="book" HEIGHT="39" WIDTH="123" VPOS="834" HPOS="2031"/>
</TextLine>
<TextLine HEIGHT="47" WIDTH="201" VPOS="894" HPOS="225">
<String CONTENT="co.," HEIGHT="37" WIDTH="80" VPOS="904" HPOS="225"/>
<SP HEIGHT="47" WIDTH="29" VPOS="894" HPOS="306"/>
<String CONTENT="inc." HEIGHT="39" WIDTH="90" VPOS="894" HPOS="336"/>
</TextLine>
<TextLine HEIGHT="67" WIDTH="912" VPOS="994" HPOS="156" STYLEREFS="StyleId-5FC929A7-F555-4330-ADBE-F6F26FBFE0A2-">
<String CONTENT="Thieme," HEIGHT="67" WIDTH="258" VPOS="994" HPOS="156"/>
<SP HEIGHT="63" WIDTH="30" VPOS="998" HPOS="415"/>
<String CONTENT="Theodore" HEIGHT="54" WIDTH="301" VPOS="995" HPOS="446"/>
<SP HEIGHT="52" WIDTH="31" VPOS="997" HPOS="748"/>
<String CONTENT="F.," HEIGHT="64" WIDTH="82" VPOS="997" HPOS="780"/>
<SP HEIGHT="61" WIDTH="33" VPOS="1000" HPOS="863"/>
<String CONTENT="1857-" HEIGHT="52" WIDTH="171" VPOS="996" HPOS="897"/>
</TextLine>
<TextLine HEIGHT="148" WIDTH="1977" VPOS="1070" HPOS="154" STYLEREFS="StyleId-B4D57935-C1D6-411E-A8E2-EE87515B4400-" CS="1">
<String CONTENT="A" HEIGHT="52" WIDTH="55" VPOS="1073" HPOS="223"/>
<SP HEIGHT="52" WIDTH="37" VPOS="1073" HPOS="279"/>
<String CONTENT="business" HEIGHT="54" WIDTH="252" VPOS="1072" HPOS="317"/>
<SP HEIGHT="34" WIDTH="38" VPOS="1092" HPOS="570"/>
<String CONTENT="system" HEIGHT="61" WIDTH="208" VPOS="1079" HPOS="609"/>
<SP HEIGHT="34" WIDTH="40" VPOS="1091" HPOS="818"/>
<String CONTENT="of" HEIGHT="52" WIDTH="64" VPOS="1073" HPOS="859"/>
<SP HEIGHT="52" WIDTH="37" VPOS="1073" HPOS="924"/>
<String CONTENT="city" HEIGHT="66" WIDTH="116" VPOS="1074" HPOS="962"/>
<SP HEIGHT="50" WIDTH="39" VPOS="1091" HPOS="1079"/>
<String CONTENT="government" HEIGHT="62" WIDTH="371" VPOS="1079" HPOS="1119"/>
<SP HEIGHT="52" WIDTH="35" VPOS="1073" HPOS="1491"/>
<String CONTENT="by" HEIGHT="67" WIDTH="75" VPOS="1073" HPOS="1527"/>
<SP HEIGHT="49" WIDTH="40" VPOS="1091" HPOS="1603"/>
<String CONTENT="professional" HEIGHT="69" WIDTH="379" VPOS="1070" HPOS="1644"/>
<SP HEIGHT="50" WIDTH="39" VPOS="1074" HPOS="2024"/>
<String CONTENT="experts" HEIGHT="128" WIDTH="1977" VPOS="1090" HPOS="154"/>
<SP HEIGHT="35" WIDTH="38" VPOS="1169" HPOS="309"/>
<String CONTENT="as" HEIGHT="34" WIDTH="60" VPOS="1169" HPOS="348"/>
</TextLine>
<TextLine HEIGHT="69" WIDTH="1710" VPOS="1150" HPOS="447" STYLEREFS="StyleId-B4D57935-C1D6-411E-A8E2-EE87515B4400-">
<String CONTENT="used" HEIGHT="51" WIDTH="135" VPOS="1152" HPOS="447"/>
<SP HEIGHT="51" WIDTH="38" VPOS="1152" HPOS="583"/>
<String CONTENT="throughout" HEIGHT="68" WIDTH="353" VPOS="1151" HPOS="622"/>
<SP HEIGHT="48" WIDTH="36" VPOS="1155" HPOS="976"/>
<String CONTENT="the" HEIGHT="51" WIDTH="96" VPOS="1152" HPOS="1013"/>
<SP HEIGHT="33" WIDTH="39" VPOS="1170" HPOS="1110"/>
<String CONTENT="world" HEIGHT="51" WIDTH="178" VPOS="1152" HPOS="1150"/>
<SP HEIGHT="51" WIDTH="40" VPOS="1152" HPOS="1329"/>
<String CONTENT="versus" HEIGHT="35" WIDTH="192" VPOS="1169" HPOS="1370"/>
<SP HEIGHT="54" WIDTH="37" VPOS="1150" HPOS="1563"/>
<String CONTENT="American" HEIGHT="52" WIDTH="309" VPOS="1150" HPOS="1601"/>
<SP HEIGHT="34" WIDTH="35" VPOS="1169" HPOS="1911"/>
<String CONTENT="system" HEIGHT="62" WIDTH="210" VPOS="1156" HPOS="1947"/>
</TextLine>
<TextLine HEIGHT="67" WIDTH="2001" VPOS="1229" HPOS="154" STYLEREFS="StyleId-B4D57935-C1D6-411E-A8E2-EE87515B4400-">
<String CONTENT="of" HEIGHT="52" WIDTH="64" VPOS="1229" HPOS="154"/>
<SP HEIGHT="52" WIDTH="38" VPOS="1229" HPOS="219"/>
<String CONTENT="spoils," HEIGHT="67" WIDTH="193" VPOS="1229" HPOS="258"/>
<SP HEIGHT="48" WIDTH="40" VPOS="1248" HPOS="452"/>
<String CONTENT="politicians" HEIGHT="67" WIDTH="327" VPOS="1229" HPOS="493"/>
<SP HEIGHT="34" WIDTH="41" VPOS="1248" HPOS="821"/>
<String CONTENT="and" HEIGHT="51" WIDTH="111" VPOS="1230" HPOS="863"/>
<SP HEIGHT="51" WIDTH="41" VPOS="1230" HPOS="975"/>
<String CONTENT="amateurs;" HEIGHT="61" WIDTH="309" VPOS="1234" HPOS="1017"/>
<SP HEIGHT="47" WIDTH="45" VPOS="1248" HPOS="1327"/>
<String CONTENT="a" HEIGHT="33" WIDTH="31" VPOS="1248" HPOS="1373"/>
<SP HEIGHT="47" WIDTH="39" VPOS="1234" HPOS="1405"/>
<String CONTENT="treatise" HEIGHT="54" WIDTH="232" VPOS="1229" HPOS="1445"/>
<SP HEIGHT="36" WIDTH="39" VPOS="1247" HPOS="1678"/>
<String CONTENT="with" HEIGHT="52" WIDTH="138" VPOS="1229" HPOS="1718"/>
<SP HEIGHT="52" WIDTH="41" VPOS="1230" HPOS="1857"/>
<String CONTENT="excerpts" HEIGHT="60" WIDTH="256" VPOS="1235" HPOS="1899"/>
</TextLine>
<TextLine HEIGHT="69" WIDTH="1997" VPOS="1306" HPOS="155" STYLEREFS="StyleId-B4D57935-C1D6-411E-A8E2-EE87515B4400-">
<String CONTENT="of" HEIGHT="52" WIDTH="64" VPOS="1307" HPOS="155"/>
<SP HEIGHT="52" WIDTH="45" VPOS="1307" HPOS="220"/>
<String CONTENT="letters" HEIGHT="51" WIDTH="193" VPOS="1309" HPOS="266"/>
<SP HEIGHT="53" WIDTH="50" VPOS="1307" HPOS="460"/>
<String CONTENT="from" HEIGHT="52" WIDTH="150" VPOS="1307" HPOS="511"/>
<SP HEIGHT="32" WIDTH="47" VPOS="1327" HPOS="662"/>
<String CONTENT="mayors" HEIGHT="48" WIDTH="226" VPOS="1326" HPOS="710"/>
<SP HEIGHT="33" WIDTH="47" VPOS="1326" HPOS="937"/>
<String CONTENT="of" HEIGHT="52" WIDTH="65" VPOS="1307" HPOS="985"/>
<SP HEIGHT="51" WIDTH="44" VPOS="1307" HPOS="1051"/>
<String CONTENT="leading" HEIGHT="68" WIDTH="230" VPOS="1307" HPOS="1096"/>
<SP HEIGHT="49" WIDTH="47" VPOS="1326" HPOS="1327"/>
<String CONTENT="cities" HEIGHT="53" WIDTH="158" VPOS="1307" HPOS="1375"/>
<SP HEIGHT="36" WIDTH="46" VPOS="1324" HPOS="1534"/>
<String CONTENT="of" HEIGHT="52" WIDTH="64" VPOS="1306" HPOS="1581"/>
<SP HEIGHT="53" WIDTH="44" VPOS="1306" HPOS="1646"/>
<String CONTENT="the" HEIGHT="54" WIDTH="96" VPOS="1306" HPOS="1691"/>
<SP HEIGHT="34" WIDTH="46" VPOS="1326" HPOS="1788"/>
<String CONTENT="world," HEIGHT="67" WIDTH="199" VPOS="1308" HPOS="1835"/>
<SP HEIGHT="67" WIDTH="43" VPOS="1308" HPOS="2035"/>
<String CONTENT="b" HEIGHT="53" WIDTH="35" VPOS="1308" HPOS="2079"/>
<String STYLE="subscript" CONTENT="#" HEIGHT="9" WIDTH="10" VPOS="1366" HPOS="2116"/>
<String CONTENT="y" HEIGHT="49" WIDTH="35" VPOS="1326" HPOS="2117"/>
</TextLine>
<TextLine HEIGHT="69" WIDTH="2004" VPOS="1385" HPOS="155" STYLEREFS="StyleId-B4D57935-C1D6-411E-A8E2-EE87515B4400-" CS="1">
<String CONTENT="Theodore" HEIGHT="52" WIDTH="293" VPOS="1386" HPOS="155"/>
<SP HEIGHT="52" WIDTH="33" VPOS="1386" HPOS="449"/>
<String CONTENT="F." HEIGHT="52" WIDTH="64" VPOS="1386" HPOS="483"/>
<SP HEIGHT="52" WIDTH="36" VPOS="1386" HPOS="548"/>
<String CONTENT="Thieme" HEIGHT="51" WIDTH="233" VPOS="1386" HPOS="585"/>
<SP HEIGHT="33" WIDTH="38" VPOS="1404" HPOS="819"/>
<String CS="1" CONTENT="&#8230;"/>
<SP HEIGHT="33" WIDTH="85" VPOS="1418" HPOS="913"/>
<String CONTENT="[Fort" HEIGHT="66" WIDTH="159" VPOS="1385" HPOS="999"/>
<SP HEIGHT="52" WIDTH="30" VPOS="1386" HPOS="1159"/>
<String CONTENT="Wayne," HEIGHT="66" WIDTH="238" VPOS="1386" HPOS="1190"/>
<SP HEIGHT="66" WIDTH="33" VPOS="1386" HPOS="1429"/>
<String CONTENT="Fort" HEIGHT="51" WIDTH="143" VPOS="1386" HPOS="1463"/>
<SP HEIGHT="52" WIDTH="30" VPOS="1386" HPOS="1607"/>
<String CONTENT="Wayne" HEIGHT="67" WIDTH="222" VPOS="1386" HPOS="1638"/>
<SP HEIGHT="49" WIDTH="33" VPOS="1404" HPOS="1861"/>
<String CONTENT="printing" HEIGHT="69" WIDTH="264" VPOS="1385" HPOS="1895"/>
</TextLine>
<TextLine HEIGHT="65" WIDTH="509" VPOS="1466" HPOS="153" STYLEREFS="StyleId-B4D57935-C1D6-411E-A8E2-EE87515B4400-">
<String CONTENT="company," HEIGHT="50" WIDTH="297" VPOS="1481" HPOS="153"/>
<SP HEIGHT="61" WIDTH="37" VPOS="1470" HPOS="451"/>
<String STYLE="superscript" CONTENT="c" HEIGHT="20" WIDTH="16" VPOS="1470" HPOS="489"/>
<String CONTENT="1934]" HEIGHT="64" WIDTH="151" VPOS="1466" HPOS="511"/>
</TextLine>
<TextLine HEIGHT="50" WIDTH="334" VPOS="1536" HPOS="224" CS="1">
<String CONTENT="90" HEIGHT="40" WIDTH="58" VPOS="1537" HPOS="224"/>
<SP HEIGHT="49" WIDTH="25" VPOS="1537" HPOS="283"/>
<String CONTENT="p." HEIGHT="38" WIDTH="43" VPOS="1548" HPOS="309"/>
<SP HEIGHT="39" WIDTH="59" VPOS="1537" HPOS="353"/>
<String CS="1" CONTENT="19&#189;" HEIGHT="41" WIDTH="58" VPOS="1536" HPOS="413"/>
<String STYLE="superscript" CONTENT="cm" HEIGHT="21" WIDTH="45" VPOS="1539" HPOS="500"/>
<String CONTENT="." HEIGHT="9" WIDTH="8" VPOS="1569" HPOS="550"/>
</TextLine>
<TextLine HEIGHT="49" WIDTH="1420" VPOS="1593" HPOS="228" CS="1">
<String CONTENT="&#8220;Reference" HEIGHT="40" WIDTH="293" VPOS="1594" HPOS="228"/>
<SP HEIGHT="28" WIDTH="26" VPOS="1605" HPOS="522"/>
<String CONTENT="material" HEIGHT="40" WIDTH="228" VPOS="1593" HPOS="549"/>
<SP HEIGHT="39" WIDTH="26" VPOS="1594" HPOS="778"/>
<String CONTENT="on" HEIGHT="29" WIDTH="60" VPOS="1604" HPOS="805"/>
<SP HEIGHT="28" WIDTH="26" VPOS="1605" HPOS="866"/>
<String CONTENT="city" HEIGHT="47" WIDTH="98" VPOS="1594" HPOS="893"/>
<SP HEIGHT="38" WIDTH="26" VPOS="1604" HPOS="992"/>
<String CS="1" CONTENT="government&#8221;:" HEIGHT="49" WIDTH="340" VPOS="1593" HPOS="1019"/>
<SP HEIGHT="38" WIDTH="29" VPOS="1604" HPOS="1389"/>
<String CONTENT="p." HEIGHT="37" WIDTH="41" VPOS="1605" HPOS="1419"/>
<SP HEIGHT="40" WIDTH="29" VPOS="1594" HPOS="1461"/>
<String CONTENT="89-90." HEIGHT="41" WIDTH="157" VPOS="1593" HPOS="1491"/>
</TextLine>
<TextLine HEIGHT="51" WIDTH="1994" VPOS="1648" HPOS="159">
<String CONTENT="&#169;" HEIGHT="51" WIDTH="50" VPOS="1648" HPOS="159"/>
<SP HEIGHT="51" WIDTH="38" VPOS="1648" HPOS="210"/>
<String CONTENT="Feb." HEIGHT="39" WIDTH="109" VPOS="1653" HPOS="249"/>
<SP HEIGHT="38" WIDTH="36" VPOS="1654" HPOS="359"/>
<String CONTENT="15," HEIGHT="45" WIDTH="67" VPOS="1653" HPOS="396"/>
<SP HEIGHT="45" WIDTH="38" VPOS="1653" HPOS="464"/>
<String CONTENT="1934;" HEIGHT="41" WIDTH="139" VPOS="1652" HPOS="503"/>
<SP HEIGHT="41" WIDTH="38" VPOS="1652" HPOS="643"/>
<String CONTENT="2c." HEIGHT="39" WIDTH="66" VPOS="1652" HPOS="682"/>
<SP HEIGHT="27" WIDTH="38" VPOS="1664" HPOS="749"/>
<String CONTENT="and" HEIGHT="38" WIDTH="95" VPOS="1653" HPOS="788"/>
<SP HEIGHT="38" WIDTH="36" VPOS="1653" HPOS="884"/>
<String CONTENT="aff." HEIGHT="39" WIDTH="80" VPOS="1652" HPOS="921"/>
<SP HEIGHT="38" WIDTH="39" VPOS="1652" HPOS="1002"/>
<String CONTENT="Feb." HEIGHT="40" WIDTH="109" VPOS="1652" HPOS="1042"/>
<SP HEIGHT="40" WIDTH="38" VPOS="1652" HPOS="1152"/>
<String CONTENT="19;" HEIGHT="48" WIDTH="80" VPOS="1650" HPOS="1191"/>
<SP HEIGHT="46" WIDTH="40" VPOS="1652" HPOS="1272"/>
<!-- cceid BA3AB26F-6C64-1014-8713-889FF4349C01 --><String CONTENT="A" HEIGHT="38" WIDTH="40" VPOS="1652" HPOS="1313"/>
<SP HEIGHT="39" WIDTH="35" VPOS="1652" HPOS="1354"/>
<String CONTENT="69517;" HEIGHT="46" WIDTH="170" VPOS="1651" HPOS="1390"/>
<SP HEIGHT="45" WIDTH="40" VPOS="1652" HPOS="1561"/>
<String CONTENT="T." HEIGHT="39" WIDTH="52" VPOS="1652" HPOS="1602"/>
<SP HEIGHT="39" WIDTH="39" VPOS="1652" HPOS="1655"/>
<String CONTENT="F." HEIGHT="40" WIDTH="50" VPOS="1652" HPOS="1695"/>
<SP HEIGHT="40" WIDTH="37" VPOS="1652" HPOS="1746"/>
<String CONTENT="Thieme," HEIGHT="47" WIDTH="211" VPOS="1652" HPOS="1784"/>
<SP HEIGHT="48" WIDTH="39" VPOS="1651" HPOS="1996"/>
<String CONTENT="Fort" HEIGHT="41" WIDTH="117" VPOS="1651" HPOS="2036"/>
</TextLine>
<TextLine HEIGHT="47" WIDTH="657" VPOS="1709" HPOS="221">
<String CONTENT="Wayne," HEIGHT="46" WIDTH="197" VPOS="1710" HPOS="221"/>
<SP HEIGHT="45" WIDTH="34" VPOS="1711" HPOS="419"/>
<String CONTENT="Ind." HEIGHT="38" WIDTH="103" VPOS="1710" HPOS="454"/>
<SP HEIGHT="46" WIDTH="70" VPOS="1710" HPOS="558"/>
<String CONTENT="(34-4073)" HEIGHT="47" WIDTH="249" VPOS="1709" HPOS="629"/>
</TextLine>
<TextLine HEIGHT="65" WIDTH="502" VPOS="1812" HPOS="158" STYLEREFS="StyleId-5FC929A7-F555-4330-ADBE-F6F26FBFE0A2-">
<String CONTENT="Toksvig," HEIGHT="65" WIDTH="276" VPOS="1812" HPOS="158"/>
<SP HEIGHT="63" WIDTH="28" VPOS="1814" HPOS="435"/>
<String CONTENT="Signe." HEIGHT="64" WIDTH="196" VPOS="1813" HPOS="464"/>
</TextLine>
<TextLine HEIGHT="72" WIDTH="1869" VPOS="1888" HPOS="227" STYLEREFS="StyleId-B4D57935-C1D6-411E-A8E2-EE87515B4400-" CS="1">
<String CONTENT="The" HEIGHT="53" WIDTH="120" VPOS="1888" HPOS="227"/>
<SP HEIGHT="52" WIDTH="27" VPOS="1889" HPOS="348"/>
<String CONTENT="life" HEIGHT="52" WIDTH="106" VPOS="1888" HPOS="376"/>
<SP HEIGHT="35" WIDTH="28" VPOS="1906" HPOS="483"/>
<String CONTENT="of" HEIGHT="53" WIDTH="64" VPOS="1888" HPOS="512"/>
<SP HEIGHT="53" WIDTH="28" VPOS="1888" HPOS="577"/>
<String CONTENT="Hans" HEIGHT="54" WIDTH="166" VPOS="1888" HPOS="606"/>
<SP HEIGHT="55" WIDTH="32" VPOS="1888" HPOS="773"/>
<String CONTENT="Christian" HEIGHT="55" WIDTH="299" VPOS="1888" HPOS="806"/>
<SP HEIGHT="53" WIDTH="29" VPOS="1889" HPOS="1106"/>
<String CONTENT="Andersen," HEIGHT="69" WIDTH="316" VPOS="1889" HPOS="1136"/>
<SP HEIGHT="68" WIDTH="30" VPOS="1890" HPOS="1453"/>
<String CONTENT="by" HEIGHT="69" WIDTH="75" VPOS="1890" HPOS="1484"/>
<SP HEIGHT="70" WIDTH="34" VPOS="1889" HPOS="1560"/>
<String CONTENT="Signe" HEIGHT="70" WIDTH="176" VPOS="1889" HPOS="1595"/>
<SP HEIGHT="52" WIDTH="30" VPOS="1891" HPOS="1772"/>
<String CONTENT="Toksvig" HEIGHT="70" WIDTH="257" VPOS="1890" HPOS="1803"/>
<SP HEIGHT="51" WIDTH="35" VPOS="1909" HPOS="2061"/>
<String CS="1" CONTENT="&#8230;"/>
</TextLine>
<TextLine HEIGHT="72" WIDTH="1580" VPOS="1965" HPOS="156" STYLEREFS="StyleId-B4D57935-C1D6-411E-A8E2-EE87515B4400-">
<String CONTENT="New" HEIGHT="52" WIDTH="136" VPOS="1965" HPOS="156"/>
<SP HEIGHT="52" WIDTH="30" VPOS="1966" HPOS="293"/>
<String CONTENT="York," HEIGHT="68" WIDTH="179" VPOS="1965" HPOS="324"/>
<SP HEIGHT="68" WIDTH="28" VPOS="1965" HPOS="504"/>
<String CONTENT="Harcourt," HEIGHT="69" WIDTH="309" VPOS="1965" HPOS="533"/>
<SP HEIGHT="66" WIDTH="29" VPOS="1968" HPOS="843"/>
<String CONTENT="Brace" HEIGHT="52" WIDTH="179" VPOS="1968" HPOS="873"/>
<SP HEIGHT="34" WIDTH="29" VPOS="1986" HPOS="1053"/>
<String CONTENT="and" HEIGHT="52" WIDTH="112" VPOS="1968" HPOS="1083"/>
<SP HEIGHT="52" WIDTH="29" VPOS="1968" HPOS="1196"/>
<String CONTENT="company" HEIGHT="52" WIDTH="280" VPOS="1985" HPOS="1226"/>
<SP HEIGHT="50" WIDTH="36" VPOS="1987" HPOS="1507"/>
<String STYLE="subscript" CONTENT="[" HEIGHT="34" WIDTH="13" VPOS="2001" HPOS="1544"/>
<String STYLE="superscript" CONTENT="c" HEIGHT="21" WIDTH="18" VPOS="1974" HPOS="1562"/>
<String CONTENT="1934" HEIGHT="50" WIDTH="136" VPOS="1970" HPOS="1585"/>
<String STYLE="subscript" CONTENT="]" HEIGHT="34" WIDTH="12" VPOS="2001" HPOS="1724"/>
</TextLine>
<TextLine HEIGHT="49" WIDTH="959" VPOS="2039" HPOS="226" CS="1">
<String CONTENT="xii," HEIGHT="45" WIDTH="82" VPOS="2039" HPOS="226"/>
<SP HEIGHT="44" WIDTH="27" VPOS="2040" HPOS="309"/>
<String CONTENT="289" HEIGHT="40" WIDTH="85" VPOS="2039" HPOS="337"/>
<SP HEIGHT="47" WIDTH="25" VPOS="2039" HPOS="423"/>
<String CONTENT="p." HEIGHT="37" WIDTH="43" VPOS="2049" HPOS="449"/>
<SP HEIGHT="39" WIDTH="28" VPOS="2040" HPOS="493"/>
<String CONTENT="inch" HEIGHT="40" WIDTH="107" VPOS="2039" HPOS="522"/>
<SP HEIGHT="40" WIDTH="26" VPOS="2039" HPOS="630"/>
<String CONTENT="front.," HEIGHT="48" WIDTH="162" VPOS="2040" HPOS="657"/>
<SP HEIGHT="47" WIDTH="30" VPOS="2041" HPOS="820"/>
<String CONTENT="illus." HEIGHT="39" WIDTH="125" VPOS="2041" HPOS="851"/>
<SP HEIGHT="40" WIDTH="63" VPOS="2039" HPOS="977"/>
<String CS="1" CONTENT="22&#189;" HEIGHT="39" WIDTH="54" VPOS="2039" HPOS="1041"/>
<String STYLE="superscript" CONTENT="cm" HEIGHT="22" WIDTH="44" VPOS="2042" HPOS="1129"/>
<String CONTENT="." HEIGHT="7" WIDTH="8" VPOS="2074" HPOS="1177"/>
</TextLine>
<TextLine HEIGHT="51" WIDTH="677" VPOS="2093" HPOS="229">
<String CONTENT="Illustrated" HEIGHT="43" WIDTH="286" VPOS="2093" HPOS="229"/>
<SP HEIGHT="40" WIDTH="28" VPOS="2096" HPOS="516"/>
<String CONTENT="lining-papers." HEIGHT="48" WIDTH="361" VPOS="2096" HPOS="545"/>
</TextLine>
<TextLine HEIGHT="42" WIDTH="418" VPOS="2150" HPOS="230">
<String CONTENT="&#8220;First" HEIGHT="42" WIDTH="161" VPOS="2150" HPOS="230"/>
<SP HEIGHT="38" WIDTH="27" VPOS="2154" HPOS="392"/>
<String CONTENT="edition.&#8221;" HEIGHT="40" WIDTH="228" VPOS="2152" HPOS="420"/>
</TextLine>
<TextLine HEIGHT="109" WIDTH="1980" VPOS="2206" HPOS="160" CS="1">
<String CONTENT="&#169;" HEIGHT="52" WIDTH="50" VPOS="2206" HPOS="160"/>
<SP HEIGHT="52" WIDTH="32" VPOS="2206" HPOS="211"/>
<String CONTENT="Feb." HEIGHT="40" WIDTH="111" VPOS="2211" HPOS="244"/>
<SP HEIGHT="39" WIDTH="30" VPOS="2212" HPOS="356"/>
<String CONTENT="15," HEIGHT="42" WIDTH="67" VPOS="2211" HPOS="387"/>
<SP HEIGHT="40" WIDTH="32" VPOS="2213" HPOS="455"/>
<String CONTENT="1934;" HEIGHT="39" WIDTH="139" VPOS="2211" HPOS="488"/>
<SP HEIGHT="38" WIDTH="34" VPOS="2212" HPOS="628"/>
<String CONTENT="2c." HEIGHT="39" WIDTH="64" VPOS="2212" HPOS="663"/>
<SP HEIGHT="27" WIDTH="34" VPOS="2223" HPOS="728"/>
<String CONTENT="and" HEIGHT="38" WIDTH="95" VPOS="2213" HPOS="763"/>
<SP HEIGHT="38" WIDTH="32" VPOS="2213" HPOS="859"/>
<String CONTENT="aff." HEIGHT="40" WIDTH="81" VPOS="2212" HPOS="892"/>
<SP HEIGHT="39" WIDTH="33" VPOS="2213" HPOS="974"/>
<String CONTENT="Feb." HEIGHT="39" WIDTH="108" VPOS="2213" HPOS="1008"/>
<SP HEIGHT="39" WIDTH="34" VPOS="2212" HPOS="1117"/>
<String CS="1" CONTENT="21:" HEIGHT="39" WIDTH="45" VPOS="2212" HPOS="1152"/>
<SP HEIGHT="39" WIDTH="36" VPOS="2213" HPOS="1232"/>
<!-- cceid BA3B5360-6C64-1014-8713-889FF4349C01 --><String CONTENT="A" HEIGHT="38" WIDTH="39" VPOS="2213" HPOS="1269"/>
<SP HEIGHT="40" WIDTH="31" VPOS="2212" HPOS="1309"/>
<String CONTENT="69557;" HEIGHT="47" WIDTH="170" VPOS="2212" HPOS="1341"/>
<SP HEIGHT="45" WIDTH="39" VPOS="2214" HPOS="1512"/>
<String CONTENT="S." HEIGHT="40" WIDTH="42" VPOS="2214" HPOS="1552"/>
<SP HEIGHT="39" WIDTH="34" VPOS="2214" HPOS="1595"/>
<String CONTENT="Toksvig," HEIGHT="47" WIDTH="223" VPOS="2214" HPOS="1630"/>
<SP HEIGHT="41" WIDTH="35" VPOS="2215" HPOS="1854"/>
<String CONTENT="Nowtownmountkennedy," HEIGHT="100" WIDTH="1915" VPOS="2215" HPOS="225"/>
</TextLine>
<TextLine HEIGHT="50" WIDTH="1029" VPOS="2268" HPOS="660">
<String CONTENT="County" HEIGHT="48" WIDTH="189" VPOS="2268" HPOS="660"/>
<SP HEIGHT="46" WIDTH="28" VPOS="2270" HPOS="850"/>
<String CONTENT="Wicklow," HEIGHT="42" WIDTH="247" VPOS="2268" HPOS="879"/>
<SP HEIGHT="39" WIDTH="30" VPOS="2271" HPOS="1127"/>
<String CONTENT="Ireland." HEIGHT="39" WIDTH="207" VPOS="2270" HPOS="1158"/>
<SP HEIGHT="46" WIDTH="72" VPOS="2272" HPOS="1366"/>
<String CONTENT="(34-3953)" HEIGHT="46" WIDTH="250" VPOS="2272" HPOS="1439"/>
</TextLine>
<TextLine HEIGHT="68" WIDTH="1073" VPOS="2369" HPOS="158" STYLEREFS="StyleId-5FC929A7-F555-4330-ADBE-F6F26FBFE0A2-">
<String CONTENT="Vachell," HEIGHT="65" WIDTH="258" VPOS="2369" HPOS="158"/>
<SP HEIGHT="62" WIDTH="28" VPOS="2372" HPOS="417"/>
<String CONTENT="Horace" HEIGHT="53" WIDTH="229" VPOS="2372" HPOS="446"/>
<SP HEIGHT="53" WIDTH="35" VPOS="2372" HPOS="676"/>
<String CONTENT="Annesley," HEIGHT="66" WIDTH="313" VPOS="2371" HPOS="712"/>
<SP HEIGHT="61" WIDTH="33" VPOS="2376" HPOS="1026"/>
<String CONTENT="1861-" HEIGHT="49" WIDTH="171" VPOS="2376" HPOS="1060"/>
</TextLine>
<TextLine HEIGHT="149" WIDTH="1997" VPOS="2447" HPOS="155" STYLEREFS="StyleId-B4D57935-C1D6-411E-A8E2-EE87515B4400-" CS="1">
<String CONTENT="The" HEIGHT="52" WIDTH="119" VPOS="2447" HPOS="228"/>
<SP HEIGHT="52" WIDTH="39" VPOS="2450" HPOS="348"/>
<String CONTENT="disappearance" HEIGHT="68" WIDTH="444" VPOS="2448" HPOS="388"/>
<SP HEIGHT="33" WIDTH="38" VPOS="2469" HPOS="833"/>
<String CONTENT="of" HEIGHT="52" WIDTH="64" VPOS="2450" HPOS="872"/>
<SP HEIGHT="53" WIDTH="35" VPOS="2450" HPOS="937"/>
<String CONTENT="Martha" HEIGHT="51" WIDTH="231" VPOS="2452" HPOS="973"/>
<SP HEIGHT="51" WIDTH="39" VPOS="2454" HPOS="1205"/>
<String CONTENT="Penny;" HEIGHT="65" WIDTH="228" VPOS="2454" HPOS="1245"/>
<SP HEIGHT="46" WIDTH="42" VPOS="2471" HPOS="1474"/>
<String CONTENT="a" HEIGHT="33" WIDTH="30" VPOS="2471" HPOS="1517"/>
<SP HEIGHT="34" WIDTH="39" VPOS="2471" HPOS="1548"/>
<String CONTENT="study" HEIGHT="66" WIDTH="170" VPOS="2454" HPOS="1588"/>
<SP HEIGHT="66" WIDTH="43" VPOS="2454" HPOS="1759"/>
<String CONTENT="in" HEIGHT="51" WIDTH="51" VPOS="2454" HPOS="1803"/>
<SP HEIGHT="32" WIDTH="45" VPOS="2473" HPOS="1855"/>
<String CONTENT="revaluations," HEIGHT="136" WIDTH="1968" VPOS="2456" HPOS="155"/>
<SP HEIGHT="65" WIDTH="60" VPOS="2527" HPOS="323"/>
<String CONTENT="by" HEIGHT="67" WIDTH="75" VPOS="2527" HPOS="384"/>
<SP HEIGHT="65" WIDTH="60" VPOS="2529" HPOS="460"/>
<String CONTENT="Horace" HEIGHT="51" WIDTH="223" VPOS="2529" HPOS="521"/>
<SP HEIGHT="51" WIDTH="63" VPOS="2530" HPOS="745"/>
<String CONTENT="Annesley" HEIGHT="67" WIDTH="287" VPOS="2529" HPOS="809"/>
<SP HEIGHT="64" WIDTH="61" VPOS="2532" HPOS="1097"/>
<String CONTENT="Vachell." HEIGHT="53" WIDTH="252" VPOS="2531" HPOS="1159"/>
<SP HEIGHT="51" WIDTH="75" VPOS="2533" HPOS="1412"/>
<String CONTENT="London," HEIGHT="63" WIDTH="257" VPOS="2533" HPOS="1488"/>
<SP HEIGHT="63" WIDTH="64" VPOS="2533" HPOS="1746"/>
<String CONTENT="Hodder" HEIGHT="51" WIDTH="237" VPOS="2533" HPOS="1811"/>
<SP HEIGHT="47" WIDTH="61" VPOS="2538" HPOS="2049"/>
<String CONTENT="A" HEIGHT="47" WIDTH="41" VPOS="2538" HPOS="2111"/>
</TextLine>
<TextLine HEIGHT="70" WIDTH="794" VPOS="2601" HPOS="156" STYLEREFS="StyleId-B4D57935-C1D6-411E-A8E2-EE87515B4400-">
<String CONTENT="Stoughton," HEIGHT="70" WIDTH="342" VPOS="2601" HPOS="156"/>
<SP HEIGHT="59" WIDTH="29" VPOS="2605" HPOS="499"/>
<String CONTENT="limited," HEIGHT="66" WIDTH="239" VPOS="2605" HPOS="529"/>
<SP HEIGHT="58" WIDTH="33" VPOS="2613" HPOS="769"/>
<String CONTENT="1934." HEIGHT="50" WIDTH="147" VPOS="2611" HPOS="803"/>
</TextLine>
<TextLine HEIGHT="49" WIDTH="336" VPOS="2674" HPOS="230" CS="1">
<String CONTENT="352" HEIGHT="41" WIDTH="86" VPOS="2674" HPOS="230"/>
<SP HEIGHT="47" WIDTH="29" VPOS="2676" HPOS="317"/>
<String CONTENT="p." HEIGHT="37" WIDTH="43" VPOS="2686" HPOS="347"/>
<SP HEIGHT="39" WIDTH="58" VPOS="2677" HPOS="391"/>
<String CONTENT="19" HEIGHT="40" WIDTH="56" VPOS="2677" HPOS="450"/>
<String STYLE="superscript" CS="1" CONTENT="cm" HEIGHT="20" WIDTH="14" VPOS="2680" HPOS="509"/>
<String CONTENT="." HEIGHT="8" WIDTH="9" VPOS="2710" HPOS="557"/>
</TextLine>
<TextLine HEIGHT="59" WIDTH="1994" VPOS="2728" HPOS="160" CS="1">
<String CONTENT="&#169;" HEIGHT="52" WIDTH="50" VPOS="2728" HPOS="160"/>
<SP/>
<String CS="1" CONTENT="1c."/>
<SP HEIGHT="38" WIDTH="24" VPOS="2735" HPOS="302"/>
<String CONTENT="Feb." HEIGHT="39" WIDTH="110" VPOS="2735" HPOS="327"/>
<SP HEIGHT="37" WIDTH="24" VPOS="2736" HPOS="438"/>
<String CONTENT="16," HEIGHT="46" WIDTH="67" VPOS="2735" HPOS="463"/>
<SP HEIGHT="45" WIDTH="23" VPOS="2736" HPOS="531"/>
<String CS="1" CONTENT="1934;" HEIGHT="40" WIDTH="114" VPOS="2735" HPOS="555"/>
<SP HEIGHT="42" WIDTH="26" VPOS="2735" HPOS="697"/>
<!-- cceid BA3BF133-6C64-1014-8713-889FF4349C01 --><String CONTENT="A" HEIGHT="39" WIDTH="40" VPOS="2735" HPOS="724"/>
<SP HEIGHT="41" WIDTH="23" VPOS="2735" HPOS="765"/>
<String CONTENT="ad" HEIGHT="38" WIDTH="60" VPOS="2738" HPOS="789"/>
<SP HEIGHT="38" WIDTH="25" VPOS="2738" HPOS="850"/>
<String CONTENT="int." HEIGHT="39" WIDTH="84" VPOS="2738" HPOS="876"/>
<SP HEIGHT="37" WIDTH="26" VPOS="2738" HPOS="961"/>
<String CS="1" CONTENT="18667;" HEIGHT="40" WIDTH="141" VPOS="2737" HPOS="988"/>
<SP HEIGHT="36" WIDTH="26" VPOS="2749" HPOS="1158"/>
<String CONTENT="pubd." HEIGHT="46" WIDTH="142" VPOS="2739" HPOS="1185"/>
<SP HEIGHT="38" WIDTH="26" VPOS="2740" HPOS="1328"/>
<String CONTENT="Jan." HEIGHT="38" WIDTH="108" VPOS="2740" HPOS="1355"/>
<SP HEIGHT="39" WIDTH="26" VPOS="2739" HPOS="1464"/>
<String CONTENT="25;" HEIGHT="46" WIDTH="81" VPOS="2739" HPOS="1491"/>
<SP HEIGHT="45" WIDTH="28" VPOS="2740" HPOS="1573"/>
<String CONTENT="H." HEIGHT="38" WIDTH="58" VPOS="2740" HPOS="1602"/>
<SP HEIGHT="38" WIDTH="28" VPOS="2740" HPOS="1661"/>
<String CONTENT="A." HEIGHT="38" WIDTH="50" VPOS="2740" HPOS="1690"/>
<SP HEIGHT="38" WIDTH="33" VPOS="2740" HPOS="1741"/>
<String CONTENT="Vachell," HEIGHT="46" WIDTH="208" VPOS="2740" HPOS="1775"/>
<SP HEIGHT="46" WIDTH="26" VPOS="2740" HPOS="1984"/>
<String CONTENT="Bath," HEIGHT="47" WIDTH="143" VPOS="2740" HPOS="2011"/>
</TextLine>
<TextLine HEIGHT="50" WIDTH="557" VPOS="2791" HPOS="225">
<String CONTENT="England." HEIGHT="43" WIDTH="235" VPOS="2791" HPOS="225"/>
<SP HEIGHT="46" WIDTH="70" VPOS="2793" HPOS="461"/>
<String CONTENT="(34-5172)" HEIGHT="48" WIDTH="250" VPOS="2793" HPOS="532"/>
</TextLine>
<TextLine HEIGHT="69" WIDTH="953" VPOS="2892" HPOS="163" STYLEREFS="StyleId-5FC929A7-F555-4330-ADBE-F6F26FBFE0A2-">
<String CONTENT="Watson," HEIGHT="66" WIDTH="259" VPOS="2892" HPOS="163"/>
<SP HEIGHT="63" WIDTH="28" VPOS="2895" HPOS="423"/>
<String CONTENT="Thomas" HEIGHT="56" WIDTH="259" VPOS="2893" HPOS="452"/>
<SP HEIGHT="52" WIDTH="26" VPOS="2897" HPOS="712"/>
<String CONTENT="John," HEIGHT="64" WIDTH="173" VPOS="2897" HPOS="739"/>
<SP HEIGHT="60" WIDTH="31" VPOS="2901" HPOS="913"/>
<String CONTENT="1874-" HEIGHT="54" WIDTH="171" VPOS="2897" HPOS="945"/>
</TextLine>
<TextLine HEIGHT="80" WIDTH="1934" VPOS="2966" HPOS="226" STYLEREFS="StyleId-B4D57935-C1D6-411E-A8E2-EE87515B4400-">
<String CONTENT="Men&#8212;minutes&#8212;money;" HEIGHT="77" WIDTH="758" VPOS="2966" HPOS="226"/>
<SP HEIGHT="49" WIDTH="37" VPOS="2993" HPOS="985"/>
<String CONTENT="a" HEIGHT="34" WIDTH="31" VPOS="2993" HPOS="1023"/>
<SP HEIGHT="35" WIDTH="35" VPOS="2993" HPOS="1055"/>
<String CONTENT="collection" HEIGHT="53" WIDTH="295" VPOS="2975" HPOS="1091"/>
<SP HEIGHT="35" WIDTH="33" VPOS="2994" HPOS="1387"/>
<String CONTENT="of" HEIGHT="53" WIDTH="65" VPOS="2976" HPOS="1421"/>
<SP HEIGHT="53" WIDTH="33" VPOS="2976" HPOS="1487"/>
<String CONTENT="excerpts" HEIGHT="64" WIDTH="260" VPOS="2982" HPOS="1521"/>
<SP HEIGHT="55" WIDTH="36" VPOS="2976" HPOS="1782"/>
<String CONTENT="from" HEIGHT="54" WIDTH="153" VPOS="2976" HPOS="1819"/>
<SP HEIGHT="47" WIDTH="34" VPOS="2983" HPOS="1973"/>
<String CONTENT="talks" HEIGHT="54" WIDTH="152" VPOS="2976" HPOS="2008"/>
</TextLine>
<TextLine HEIGHT="79" WIDTH="2000" VPOS="3046" HPOS="157" STYLEREFS="StyleId-B4D57935-C1D6-411E-A8E2-EE87515B4400-">
<String CONTENT="and" HEIGHT="52" WIDTH="112" VPOS="3046" HPOS="157"/>
<SP HEIGHT="53" WIDTH="27" VPOS="3046" HPOS="270"/>
<String CONTENT="messages" HEIGHT="52" WIDTH="278" VPOS="3065" HPOS="298"/>
<SP HEIGHT="51" WIDTH="28" VPOS="3051" HPOS="577"/>
<String CONTENT="delivered" HEIGHT="54" WIDTH="286" VPOS="3050" HPOS="606"/>
<SP HEIGHT="52" WIDTH="28" VPOS="3052" HPOS="893"/>
<String CONTENT="and" HEIGHT="52" WIDTH="113" VPOS="3053" HPOS="922"/>
<SP HEIGHT="52" WIDTH="29" VPOS="3053" HPOS="1036"/>
<String CONTENT="written" HEIGHT="53" WIDTH="229" VPOS="3053" HPOS="1066"/>
<SP HEIGHT="35" WIDTH="28" VPOS="3072" HPOS="1296"/>
<String CONTENT="at" HEIGHT="48" WIDTH="58" VPOS="3059" HPOS="1325"/>
<SP HEIGHT="48" WIDTH="27" VPOS="3059" HPOS="1384"/>
<String CONTENT="various" HEIGHT="53" WIDTH="231" VPOS="3055" HPOS="1412"/>
<SP HEIGHT="48" WIDTH="24" VPOS="3060" HPOS="1644"/>
<String CONTENT="times," HEIGHT="67" WIDTH="184" VPOS="3056" HPOS="1669"/>
<SP HEIGHT="67" WIDTH="26" VPOS="3056" HPOS="1854"/>
<String CONTENT="by" HEIGHT="69" WIDTH="75" VPOS="3056" HPOS="1881"/>
<SP HEIGHT="69" WIDTH="30" VPOS="3056" HPOS="1957"/>
<String CONTENT="Thos." HEIGHT="53" WIDTH="169" VPOS="3055" HPOS="1988"/>
</TextLine>
<TextLine HEIGHT="76" WIDTH="2001" VPOS="3121" HPOS="158" STYLEREFS="StyleId-B4D57935-C1D6-411E-A8E2-EE87515B4400-" CS="1">
<String CONTENT="J." HEIGHT="55" WIDTH="55" VPOS="3121" HPOS="158"/>
<SP HEIGHT="55" WIDTH="39" VPOS="3123" HPOS="214"/>
<String CONTENT="Watson" HEIGHT="56" WIDTH="239" VPOS="3123" HPOS="254"/>
<SP HEIGHT="34" WIDTH="46" VPOS="3144" HPOS="494"/>
<String CS="1" CONTENT="&#8230;"/>
<SP HEIGHT="34" WIDTH="87" VPOS="3161" HPOS="597"/>
<String CONTENT="[New" HEIGHT="67" WIDTH="157" VPOS="3128" HPOS="685"/>
<SP HEIGHT="52" WIDTH="41" VPOS="3130" HPOS="843"/>
<String CONTENT="York," HEIGHT="68" WIDTH="180" VPOS="3129" HPOS="885"/>
<SP HEIGHT="66" WIDTH="40" VPOS="3131" HPOS="1066"/>
<String CONTENT="International" HEIGHT="54" WIDTH="423" VPOS="3131" HPOS="1107"/>
<SP HEIGHT="53" WIDTH="40" VPOS="3133" HPOS="1531"/>
<String CONTENT="business" HEIGHT="55" WIDTH="254" VPOS="3132" HPOS="1572"/>
<SP HEIGHT="35" WIDTH="42" VPOS="3152" HPOS="1827"/>
<String CONTENT="machines" HEIGHT="54" WIDTH="289" VPOS="3133" HPOS="1870"/>
</TextLine>
<TextLine HEIGHT="69" WIDTH="588" VPOS="3204" HPOS="157" STYLEREFS="StyleId-B4D57935-C1D6-411E-A8E2-EE87515B4400-">
<String CONTENT="corporation," HEIGHT="68" WIDTH="381" VPOS="3204" HPOS="157"/>
<SP HEIGHT="61" WIDTH="32" VPOS="3211" HPOS="539"/>
<String STYLE="superscript" CONTENT="c" HEIGHT="21" WIDTH="17" VPOS="3211" HPOS="572"/>
<String CONTENT="1934]" HEIGHT="65" WIDTH="150" VPOS="3208" HPOS="595"/>
</TextLine>
<TextLine HEIGHT="57" WIDTH="1623" VPOS="3273" HPOS="227" CS="1">
<String CONTENT="895" HEIGHT="41" WIDTH="85" VPOS="3273" HPOS="227"/>
<SP HEIGHT="49" WIDTH="24" VPOS="3274" HPOS="313"/>
<String CONTENT="p." HEIGHT="37" WIDTH="42" VPOS="3286" HPOS="338"/>
<SP HEIGHT="38" WIDTH="29" VPOS="3277" HPOS="381"/>
<String CONTENT="inch" HEIGHT="40" WIDTH="107" VPOS="3277" HPOS="411"/>
<SP/>
<String CS="1" CONTENT="front."/>
<SP HEIGHT="46" WIDTH="29" VPOS="3281" HPOS="697"/>
<String CONTENT="(port.)" HEIGHT="47" WIDTH="169" VPOS="3281" HPOS="727"/>
<SP HEIGHT="47" WIDTH="38" VPOS="3281" HPOS="897"/>
<String CONTENT="illus.," HEIGHT="47" WIDTH="140" VPOS="3281" HPOS="936"/>
<SP HEIGHT="45" WIDTH="31" VPOS="3283" HPOS="1077"/>
<String CONTENT="diagrs." HEIGHT="48" WIDTH="179" VPOS="3281" HPOS="1109"/>
<SP HEIGHT="40" WIDTH="58" VPOS="3281" HPOS="1289"/>
<String CONTENT="2" HEIGHT="40" WIDTH="26" VPOS="3281" HPOS="1348"/>
<SP HEIGHT="49" WIDTH="28" VPOS="3281" HPOS="1375"/>
<String CS="1" CONTENT="pl." HEIGHT="37" WIDTH="63" VPOS="3293" HPOS="1404"/>
<SP HEIGHT="29" WIDTH="29" VPOS="3294" HPOS="1468"/>
<String CONTENT="on" HEIGHT="29" WIDTH="61" VPOS="3294" HPOS="1498"/>
<SP HEIGHT="38" WIDTH="28" VPOS="3285" HPOS="1560"/>
<String CONTENT="1" HEIGHT="38" WIDTH="24" VPOS="3285" HPOS="1589"/>
<SP/>
<String CS="1" CONTENT="l."/>
<SP HEIGHT="40" WIDTH="57" VPOS="3283" HPOS="1676"/>
<String CONTENT="22" HEIGHT="40" WIDTH="56" VPOS="3282" HPOS="1734"/>
<String STYLE="superscript" CONTENT="cm" HEIGHT="22" WIDTH="44" VPOS="3285" HPOS="1794"/>
<String CONTENT="." HEIGHT="8" WIDTH="8" VPOS="3318" HPOS="1842"/>
</TextLine>
<TextLine HEIGHT="59" WIDTH="1994" VPOS="3329" HPOS="161">
<String CONTENT="&#169;" HEIGHT="50" WIDTH="52" VPOS="3329" HPOS="161"/>
<SP HEIGHT="50" WIDTH="32" VPOS="3329" HPOS="214"/>
<String CONTENT="Feb." HEIGHT="40" WIDTH="109" VPOS="3334" HPOS="247"/>
<SP HEIGHT="38" WIDTH="34" VPOS="3336" HPOS="357"/>
<String CONTENT="7," HEIGHT="39" WIDTH="37" VPOS="3336" HPOS="392"/>
<SP HEIGHT="39" WIDTH="34" VPOS="3336" HPOS="430"/>
<String CONTENT="1934;" HEIGHT="42" WIDTH="139" VPOS="3336" HPOS="465"/>
<SP HEIGHT="41" WIDTH="36" VPOS="3337" HPOS="605"/>
<String CONTENT="2c." HEIGHT="40" WIDTH="65" VPOS="3337" HPOS="642"/>
<SP HEIGHT="28" WIDTH="35" VPOS="3349" HPOS="708"/>
<String CONTENT="and" HEIGHT="38" WIDTH="94" VPOS="3340" HPOS="744"/>
<SP HEIGHT="38" WIDTH="33" VPOS="3340" HPOS="839"/>
<String CONTENT="aff." HEIGHT="38" WIDTH="79" VPOS="3339" HPOS="873"/>
<SP HEIGHT="37" WIDTH="36" VPOS="3340" HPOS="953"/>
<String CONTENT="Feb." HEIGHT="40" WIDTH="111" VPOS="3340" HPOS="990"/>
<SP HEIGHT="38" WIDTH="34" VPOS="3342" HPOS="1102"/>
<String CONTENT="17;" HEIGHT="44" WIDTH="79" VPOS="3341" HPOS="1137"/>
<SP HEIGHT="43" WIDTH="37" VPOS="3342" HPOS="1217"/>
<!-- cceid BA3C8EB7-6C64-1014-8713-889FF4349C01 --><String CONTENT="A" HEIGHT="38" WIDTH="41" VPOS="3342" HPOS="1255"/>
<SP HEIGHT="39" WIDTH="30" VPOS="3342" HPOS="1297"/>
<String CONTENT="70277;" HEIGHT="47" WIDTH="170" VPOS="3341" HPOS="1328"/>
<SP HEIGHT="44" WIDTH="39" VPOS="3344" HPOS="1499"/>
<String CONTENT="International" HEIGHT="41" WIDTH="358" VPOS="3342" HPOS="1539"/>
<SP HEIGHT="38" WIDTH="36" VPOS="3343" HPOS="1898"/>
<String CONTENT="business" HEIGHT="40" WIDTH="220" VPOS="3342" HPOS="1935"/>
</TextLine>
<TextLine HEIGHT="53" WIDTH="915" VPOS="3391" HPOS="226">
<String CONTENT="machines" HEIGHT="40" WIDTH="244" VPOS="3391" HPOS="226"/>
<SP HEIGHT="29" WIDTH="26" VPOS="3403" HPOS="471"/>
<String CONTENT="corporation." HEIGHT="45" WIDTH="321" VPOS="3395" HPOS="498"/>
<SP HEIGHT="46" WIDTH="71" VPOS="3397" HPOS="820"/>
<String CONTENT="(34-3889)" HEIGHT="47" WIDTH="249" VPOS="3397" HPOS="892"/>
</TextLine>
<TextLine HEIGHT="70" WIDTH="665" VPOS="3478" HPOS="160" STYLEREFS="StyleId-5FC929A7-F555-4330-ADBE-F6F26FBFE0A2-">
<String CONTENT="Wells," HEIGHT="66" WIDTH="193" VPOS="3478" HPOS="160"/>
<SP HEIGHT="61" WIDTH="30" VPOS="3483" HPOS="354"/>
<String CONTENT="Carl" HEIGHT="53" WIDTH="133" VPOS="3483" HPOS="385"/>
<SP HEIGHT="52" WIDTH="27" VPOS="3483" HPOS="519"/>
<String CONTENT="Douglas." HEIGHT="64" WIDTH="278" VPOS="3484" HPOS="547"/>
</TextLine>
<TextLine HEIGHT="78" WIDTH="1869" VPOS="3558" HPOS="290" STYLEREFS="StyleId-B4D57935-C1D6-411E-A8E2-EE87515B4400-" CS="1">
<String CS="1" CONTENT="&#8230;"/>
<SP HEIGHT="51" WIDTH="26" VPOS="3558" HPOS="290"/>
<String CONTENT="The" HEIGHT="53" WIDTH="119" VPOS="3558" HPOS="317"/>
<SP HEIGHT="33" WIDTH="22" VPOS="3578" HPOS="437"/>
<String CONTENT="changing" HEIGHT="71" WIDTH="288" VPOS="3560" HPOS="460"/>
<SP HEIGHT="50" WIDTH="22" VPOS="3581" HPOS="749"/>
<String CONTENT="city" HEIGHT="68" WIDTH="115" VPOS="3563" HPOS="772"/>
<SP HEIGHT="50" WIDTH="22" VPOS="3581" HPOS="888"/>
<String CONTENT="church," HEIGHT="69" WIDTH="228" VPOS="3563" HPOS="911"/>
<SP HEIGHT="66" WIDTH="23" VPOS="3566" HPOS="1140"/>
<String CONTENT="by" HEIGHT="67" WIDTH="74" VPOS="3566" HPOS="1164"/>
<SP HEIGHT="67" WIDTH="22" VPOS="3566" HPOS="1239"/>
<String CONTENT="Carl" HEIGHT="54" WIDTH="136" VPOS="3566" HPOS="1262"/>
<SP HEIGHT="52" WIDTH="23" VPOS="3567" HPOS="1399"/>
<String CONTENT="Douglas" HEIGHT="69" WIDTH="257" VPOS="3567" HPOS="1423"/>
<SP HEIGHT="52" WIDTH="22" VPOS="3568" HPOS="1681"/>
<String CONTENT="Wells" HEIGHT="52" WIDTH="178" VPOS="3568" HPOS="1704"/>
<SP HEIGHT="34" WIDTH="31" VPOS="3585" HPOS="1883"/>
<String CS="1" CONTENT="&#8230;"/>
<SP HEIGHT="52" WIDTH="78" VPOS="3566" HPOS="1969"/>
<String CONTENT="Los" HEIGHT="52" WIDTH="111" VPOS="3566" HPOS="2048"/>
</TextLine>
<TextLine HEIGHT="80" WIDTH="1797" VPOS="3633" HPOS="160" STYLEREFS="StyleId-B4D57935-C1D6-411E-A8E2-EE87515B4400-">
<String CONTENT="Angeles," HEIGHT="70" WIDTH="263" VPOS="3633" HPOS="160"/>
<SP HEIGHT="66" WIDTH="30" VPOS="3637" HPOS="424"/>
<String CONTENT="University" HEIGHT="71" WIDTH="336" VPOS="3637" HPOS="455"/>
<SP HEIGHT="49" WIDTH="32" VPOS="3659" HPOS="792"/>
<String CONTENT="of" HEIGHT="52" WIDTH="62" VPOS="3642" HPOS="825"/>
<SP HEIGHT="54" WIDTH="31" VPOS="3642" HPOS="888"/>
<String CONTENT="Southern" HEIGHT="54" WIDTH="286" VPOS="3642" HPOS="920"/>
<SP HEIGHT="54" WIDTH="33" VPOS="3645" HPOS="1207"/>
<String CONTENT="California" HEIGHT="54" WIDTH="327" VPOS="3645" HPOS="1241"/>
<SP HEIGHT="49" WIDTH="30" VPOS="3664" HPOS="1569"/>
<String CONTENT="press," HEIGHT="49" WIDTH="174" VPOS="3664" HPOS="1600"/>
<SP HEIGHT="63" WIDTH="32" VPOS="3648" HPOS="1775"/>
<String CONTENT="1934." HEIGHT="49" WIDTH="149" VPOS="3648" HPOS="1808"/>
</TextLine>
<TextLine HEIGHT="111" WIDTH="1982" VPOS="3707" HPOS="157" CS="1">
<String CONTENT="4" HEIGHT="38" WIDTH="26" VPOS="3707" HPOS="228"/>
<SP HEIGHT="48" WIDTH="24" VPOS="3707" HPOS="255"/>
<String CONTENT="p." HEIGHT="37" WIDTH="43" VPOS="3718" HPOS="280"/>
<SP HEIGHT="40" WIDTH="26" VPOS="3708" HPOS="324"/>
<String CS="1" CONTENT="l.," HEIGHT="15" WIDTH="7" VPOS="3740" HPOS="386"/>
<SP HEIGHT="45" WIDTH="24" VPOS="3710" HPOS="394"/>
<String CONTENT="39" HEIGHT="40" WIDTH="59" VPOS="3709" HPOS="419"/>
<SP HEIGHT="49" WIDTH="21" VPOS="3709" HPOS="479"/>
<String CONTENT="p." HEIGHT="37" WIDTH="42" VPOS="3721" HPOS="501"/>
<SP HEIGHT="38" WIDTH="54" VPOS="3710" HPOS="544"/>
<String CONTENT="23" HEIGHT="40" WIDTH="53" VPOS="3710" HPOS="599"/>
<String STYLE="superscript" CONTENT="cm" HEIGHT="20" WIDTH="43" VPOS="3714" HPOS="658"/>
<String CONTENT="." HEIGHT="7" WIDTH="8" VPOS="3745" HPOS="706"/>
<SP HEIGHT="46" WIDTH="65" VPOS="3714" HPOS="715"/>
<String CONTENT="(University" HEIGHT="50" WIDTH="306" VPOS="3714" HPOS="781"/>
<SP HEIGHT="36" WIDTH="26" VPOS="3728" HPOS="1088"/>
<String CONTENT="of" HEIGHT="39" WIDTH="51" VPOS="3718" HPOS="1115"/>
<SP HEIGHT="39" WIDTH="26" VPOS="3717" HPOS="1167"/>
<String CONTENT="Southern" HEIGHT="42" WIDTH="240" VPOS="3717" HPOS="1194"/>
<SP HEIGHT="40" WIDTH="28" VPOS="3718" HPOS="1435"/>
<String CONTENT="California." HEIGHT="40" WIDTH="286" VPOS="3718" HPOS="1464"/>
<SP HEIGHT="39" WIDTH="58" VPOS="3718" HPOS="1751"/>
<String CONTENT="School" HEIGHT="40" WIDTH="170" VPOS="3718" HPOS="1810"/>
<SP HEIGHT="39" WIDTH="28" VPOS="3720" HPOS="1981"/>
<String CONTENT="of" HEIGHT="39" WIDTH="51" VPOS="3720" HPOS="2010"/>
<SP HEIGHT="39" WIDTH="25" VPOS="3720" HPOS="2062"/>
<String CONTENT="research" HEIGHT="74" WIDTH="1982" VPOS="3731" HPOS="157"/>
<SP HEIGHT="39" WIDTH="19" VPOS="3766" HPOS="328"/>
<String CONTENT="studies," HEIGHT="40" WIDTH="199" VPOS="3768" HPOS="348"/>
<SP HEIGHT="28" WIDTH="59" VPOS="3780" HPOS="548"/>
<String CONTENT="no." HEIGHT="30" WIDTH="74" VPOS="3780" HPOS="608"/>
<SP HEIGHT="40" WIDTH="19" VPOS="3769" HPOS="683"/>
<String CONTENT="2)" HEIGHT="49" WIDTH="50" VPOS="3769" HPOS="703"/>
</TextLine>
<TextLine HEIGHT="54" WIDTH="732" VPOS="3822" HPOS="229">
<String CONTENT="Social" HEIGHT="42" WIDTH="159" VPOS="3822" HPOS="229"/>
<SP HEIGHT="39" WIDTH="25" VPOS="3825" HPOS="389"/>
<String CONTENT="science" HEIGHT="42" WIDTH="185" VPOS="3825" HPOS="415"/>
<SP HEIGHT="29" WIDTH="26" VPOS="3838" HPOS="601"/>
<String CONTENT="series," HEIGHT="48" WIDTH="164" VPOS="3828" HPOS="628"/>
<SP HEIGHT="35" WIDTH="26" VPOS="3841" HPOS="793"/>
<String CONTENT="no." HEIGHT="30" WIDTH="72" VPOS="3841" HPOS="820"/>
<SP HEIGHT="39" WIDTH="27" VPOS="3832" HPOS="893"/>
<String CONTENT="5." HEIGHT="39" WIDTH="40" VPOS="3832" HPOS="921"/>
</TextLine>
<TextLine HEIGHT="58" WIDTH="1877" VPOS="3880" HPOS="230" CS="1">
<String CONTENT="Portions" HEIGHT="42" WIDTH="226" VPOS="3880" HPOS="230"/>
<SP HEIGHT="30" WIDTH="21" VPOS="3893" HPOS="457"/>
<String CONTENT="of" HEIGHT="40" WIDTH="51" VPOS="3883" HPOS="479"/>
<SP HEIGHT="40" WIDTH="22" VPOS="3883" HPOS="531"/>
<String CONTENT="thesis" HEIGHT="40" WIDTH="154" VPOS="3885" HPOS="554"/>
<SP HEIGHT="46" WIDTH="27" VPOS="3885" HPOS="709"/>
<String CS="1" CONTENT="(PH." HEIGHT="46" WIDTH="106" VPOS="3885" HPOS="737"/>
<SP HEIGHT="28" WIDTH="26" VPOS="3898" HPOS="844"/>
<String CS="1" CONTENT="D.)&#8212;University" HEIGHT="50" WIDTH="389" VPOS="3888" HPOS="903"/>
<SP HEIGHT="37" WIDTH="24" VPOS="3901" HPOS="1293"/>
<String CONTENT="of" HEIGHT="40" WIDTH="52" VPOS="3891" HPOS="1318"/>
<SP HEIGHT="39" WIDTH="25" VPOS="3891" HPOS="1371"/>
<String CONTENT="Southern" HEIGHT="41" WIDTH="241" VPOS="3891" HPOS="1397"/>
<SP HEIGHT="41" WIDTH="24" VPOS="3890" HPOS="1639"/>
<String CONTENT="California," HEIGHT="48" WIDTH="287" VPOS="3890" HPOS="1664"/>
<SP HEIGHT="44" WIDTH="28" VPOS="3894" HPOS="1952"/>
<String CONTENT="1931." HEIGHT="40" WIDTH="126" VPOS="3892" HPOS="1981"/>
</TextLine>
<TextLine HEIGHT="59" WIDTH="1875" VPOS="3938" HPOS="232" CS="1">
<String CONTENT="&#8220;Originally" HEIGHT="50" WIDTH="298" VPOS="3938" HPOS="232"/>
<SP HEIGHT="38" WIDTH="25" VPOS="3952" HPOS="531"/>
<String CONTENT="published" HEIGHT="48" WIDTH="255" VPOS="3942" HPOS="557"/>
<SP HEIGHT="39" WIDTH="28" VPOS="3945" HPOS="813"/>
<String CONTENT="as" HEIGHT="30" WIDTH="55" VPOS="3955" HPOS="842"/>
<SP HEIGHT="29" WIDTH="26" VPOS="3956" HPOS="898"/>
<String CONTENT="articles" HEIGHT="42" WIDTH="198" VPOS="3946" HPOS="925"/>
<SP HEIGHT="39" WIDTH="27" VPOS="3948" HPOS="1124"/>
<String CONTENT="in" HEIGHT="38" WIDTH="47" VPOS="3948" HPOS="1152"/>
<SP HEIGHT="38" WIDTH="31" VPOS="3948" HPOS="1200"/>
<String CONTENT="&#8216;Sociology" HEIGHT="50" WIDTH="264" VPOS="3947" HPOS="1232"/>
<SP HEIGHT="36" WIDTH="28" VPOS="3959" HPOS="1497"/>
<String CONTENT="and" HEIGHT="39" WIDTH="96" VPOS="3949" HPOS="1526"/>
<SP HEIGHT="39" WIDTH="30" VPOS="3949" HPOS="1623"/>
<String CONTENT="social" HEIGHT="40" WIDTH="148" VPOS="3949" HPOS="1654"/>
<SP HEIGHT="39" WIDTH="30" VPOS="3949" HPOS="1803"/>
<String CONTENT="research&#8217;" HEIGHT="41" WIDTH="238" VPOS="3950" HPOS="1834"/>
<SP HEIGHT="39" WIDTH="34" VPOS="3950" HPOS="2073"/>
<String CS="1" CONTENT="&#8230;"/>
</TextLine>
<TextLine HEIGHT="55" WIDTH="1213" VPOS="3995" HPOS="160">
<String CONTENT="herewith" HEIGHT="42" WIDTH="236" VPOS="3995" HPOS="160"/>
<SP HEIGHT="39" WIDTH="28" VPOS="3998" HPOS="397"/>
<String CONTENT="reprinted," HEIGHT="47" WIDTH="260" VPOS="4000" HPOS="426"/>
<SP HEIGHT="36" WIDTH="30" VPOS="4011" HPOS="687"/>
<String CONTENT="slightly" HEIGHT="49" WIDTH="199" VPOS="4001" HPOS="718"/>
<SP HEIGHT="35" WIDTH="28" VPOS="4014" HPOS="918"/>
<String CONTENT="revised.&#8221;&#8212;Pref." HEIGHT="42" WIDTH="426" VPOS="4004" HPOS="947"/>
</TextLine>
</TextBlock>
</PrintSpace>
</Page>
</Layout>
</alto>