2350 4196
1174 3997 98 49 162

233 383 219 64 Bailey,
481 382 246 65 Liberty
755 384 187 63 Hyde,
975 386 168 49 1858-

297 458 340 55 Gardener’s
673 458 321 68 handbook,
1031 477 279 34 successor
1346 464 58 47 to
1441 458 121 52 The
1600 456 304 70 gardener;
1944 456 154 53 brief
230 455 1965 134 indications
543 536 93 52 for
670 536 95 53 the
799 537 262 67 growing
1094 535 64 53 of
1191 549 255 39 common
1481 535 235 67 flowers,
1752 534 318 69 vegetables
2107 533 114 54 and

234 613 170 54 fruits
428 614 59 52 in
509 614 94 52 the
625 614 215 68 garden
863 614 113 53 and
999 613 172 53 about
1192 613 95 52 the
1311 614 180 66 home,
1514 613 75 68 by
1611 612 64 52 L.
1700 612 77 52 H.
1803 611 219 70 Bailey.
2082 612 139 53 New

233 690 176 69 York,
436 692 121 52 The
584 692 331 52 Macmillan
945 709 295 50 company,
1271 692 150 51 1934.

298 777 720 49 3 p. l., 292 p. illus. 24cm.
233 846 50 51 ©
311 850 109 38 Feb.
447 850 68 45 13,
543 849 138 46 1934;
710 849 66 39 2c.
804 851 94 37 and
926 848 79 40 aff.
1033 849 109 39 Feb.
1171 849 80 40 14;
1281 848 40 38 A
1348 847 168 40 69428:
1548 847 281 40 Macmillan
1856 859 65 28 co.

309 905 249 49 (34-3900)

234 1022 284 64 Barbour,
549 1022 188 63 Ralph
769 1024 222 62 Henry,
1027 1022 167 53 1870-

302 1098 369 55 Southworth
709 1117 196 49 scores,
941 1100 74 66 by
1051 1099 189 66 Ralph
1278 1099 202 66 Henry
1517 1097 289 66 Barbour;
1845 1097 378 54 illustrations

230 1177 72 67 by
336 1177 128 52 Neil
502 1176 284 54 O’Keeffe.
863 1177 136 51 New
1037 1176 178 66 York,
1249 1176 256 66 London,
1540 1177 71 51 D.
1646 1175 578 69 Appleton-Century

229 1272 295 50 company,
563 1254 415 67 incorporated,
1019 1257 149 48 1934.

301 1332 941 49 4 p. l., 269 p. front., illus. 19½cm.
304 1389 162 41 “First
496 1388 259 50 printing.”

235 1457 50 51 ©
320 1462 109 39 Feb.
462 1462 68 46 23,
565 1461 139 47 1934;
739 1461 66 39 2c.
841 1461 108 39 Feb.
984 1461 81 45 26;
1101 1461 52 39 aff
1216 1461 110 39 Feb.
1361 1461 80 46 27;
1479 1461 40 38 A
1552 1460 168 47 69630;
1758 1461 56 39 D.
300 1460 1906 105 Appleton-Century

439 1528 80 37 co.,
548 1520 90 38 inc.
709 1518 249 48 (34-3726)

238 1633 205 64 Beard,
475 1634 244 55 Charles
749 1634 237 65 Austin,
1020 1634 169 53 1874-

301 1712 120 51 The
451 1711 126 52 idea
606 1710 64 54 of
696 1712 256 51 national
983 1712 232 52 interest;
1275 1730 71 34 an
1376 1711 308 68 analytical
1713 1712 170 67 study
1912 1714 60 51 in
232 1712 1967 129 American
363 1788 224 68 foreign
615 1789 204 67 policy,
843 1789 74 67 by
944 1789 234 54 Charles
1204 1789 70 52 A.
1302 1790 205 65 Beard,
1533 1788 138 54 with
1697 1790 95 52 the
1817 1788 406 54 collaboration

232 1866 64 53 of
340 1866 68 54 G.
455 1867 76 52 IT.
579 1867 66 51 E.
696 1865 204 55 Smith.
977 1867 137 51 New
1161 1866 178 67 York,
1384 1867 119 52 The
1550 1867 332 53 Macmillan
1929 1884 295 50 company,

234 1948 148 51 1934.

303 2017 652 48 ix p., 1 l., 583 p. 22½cm.
236 2084 50 51 ©
329 2089 108 39 Feb.
479 2089 68 41 20,
588 2089 113 39 1934;
770 2090 66 38 2c.
878 2090 93 38 and
1013 2089 79 39 aff.
1136 2089 107 39 Feb.
1286 2089 53 38 21;
1409 2090 41 38 A
1491 2089 143 39 69554;
1745 2121 6 6 C.
1794 2090 52 39 A.
1891 2090 172 46 Beard,
2106 2089 116 39 New

303 2146 214 44 Milford,
545 2146 146 39 Conn.
765 2146 249 48 (34-3511)

238 2262 280 65 Bernard,
547 2264 226 53 Luther
799 2266 132 62 Lee,
963 2269 169 49 1881-
1343 2267 84 52 ed.

302 2341 120 51 The
479 2340 158 54 fields
698 2343 112 51 and
868 2343 257 52 methods
1183 2342 63 52 of
1303 2343 301 68 sociology,
1663 2342 187 54 edited
1906 2343 75 67 by
2036 2343 64 53 L.
2157 2343 65 52 L.

234 2419 276 65 Bernard,
643 2462 8 8 PH.
736 2461 9 9 D.;
822 2421 379 51 contributors
1221 2439 9 32 :
1276 2421 158 53 Read
1480 2421 168 66 Bain,
1691 2421 255 52 Howard
1992 2420 231 67 Becker,

232 2495 1993 71 Jessie Bernard … [and others] New York city, R. Long &
233 2574 66 51 R.
331 2574 67 53 R.
432 2573 206 68 Smith,
668 2575 106 52 inc.
810 2578 191 63 [c1934]

303 2647 94 48 xvi,
437 2647 84 40 529
556 2657 43 38 p.
659 2647 145 41 23½cm.

305 2704 347 48 Bibliography
694 2707 52 37 at
786 2706 90 38 end
920 2706 51 39 of
1011 2706 118 39 each
1170 2707 224 45 chapter;
1442 2706 441 48 “Bibliographical
1923 2705 298 49 appendix”:

233 2772 42 37 p.
308 2760 215 41 505-512.

236 2828 51 51 ©
313 2833 107 39 Jan.
446 2834 68 41 31,
541 2834 112 39 1934;
709 2834 65 38 2c.
801 2835 94 37 and
921 2834 53 38 aff.
1030 2834 108 39 Feb.
1166 2835 50 38 2:
1246 2834 40 38 A
1312 2834 168 45 70112;
1512 2835 104 47 Ray
1644 2836 131 47 Long
1801 2837 94 38 and
1924 2834 214 40 Richard
2166 2834 53 39 R.

304 2889 169 42 Smith,
502 2891 89 38 inc.
664 2890 248 47 (34-2615)

235 3007 239 65 Besant,
507 3009 98 52 Sir
635 3008 242 64 Walter,
911 3011 324 52 1836-1901.

309 3084 94 55 Sir
433 3086 220 52 Walter
684 3087 213 50 Besant
903 3085 37 53 ’s
973 3086 303 53 ‘Bourbon’
1309 3087 245 68 journal,
1584 3088 246 68 August,
1864 3092 149 48 1863.
235 3088 1966 140 London,
394 3164 212 51 Besant
634 3166 46 49 &
707 3182 96 47 co.,
832 3164 122 66 ltd.,
986 3167 150 49 1933.

304 3235 1917 52 vi p., 1 l., 9-53, [1] p. incl. illus., 2 port. (incl. front.) map, facsim.
234 3294 114 39 19cm.

307 3349 144 41 “Now
482 3351 253 47 published
764 3351 49 38 in
842 3351 63 40 its
936 3352 231 47 complete
1194 3352 127 40 form
1351 3353 78 40 for
1459 3355 81 39 the
1569 3354 107 40 first
1707 3354 516 42 time.”—Publisher’s

233 3410 123 39 note.

236 3476 1985 56 © 1c. Jan. 13, 1934; A ad int. 18643; pubd. Nov. 17, 1933; Besant & co.,
301 3538 83 38 ltd.
457 3538 249 47 (34-3931)

305 3651 173 55 Birth
526 3653 185 67 clinic,
758 3674 31 32 a
835 3656 180 56 novel,
1062 3656 73 65 by
1182 3657 93 52 the
1322 3658 206 51 author
1574 3657 63 53 of
1685 3658 239 68 “Illegal
1972 3657 246 54 doctor”.

230 3729 136 52 New
397 3730 177 59 York,
603 3731 88 52 W.
723 3730 262 65 Godwin,
1016 3732 124 64 inc.,
1173 3735 148 51 1934.

299 3803 613 48 3 p. l., 9-264 p. 19½cm.
233 3867 1982 57 © Feb. 16, 1934 : 2c. Feb. 23 : aff. Feb. 20; A 70366; William Godwin, inc.
309 3929 248 45 (34-3731)
