2350 4196
1087 4007 131 49 1067

164 351 298 65 Dunning,
491 352 347 57 Katherine.

234 442 120 53 The
399 442 204 69 spring
648 444 195 68 begins
896 445 109 66 [by]
1058 444 316 53 Katherine
1420 445 296 66 Dunning.
1800 447 136 52 New
1986 446 178 67 York,

167 522 64 54 E.
262 523 66 52 P.
358 522 225 53 Dutton
612 525 46 51 &
687 542 97 47 co.,
814 523 106 52 inc.
996 524 151 65 [c1934]

235 607 85 40 315
349 618 43 37 p.
449 606 55 41 19½
536 609 45 21 cm
585 640 7 7 .

237 677 161 40 “First
428 677 228 42 edition.”

170 744 1996 52 © Aug. 20, 1934; 2c. Aug. 22; aff. Aug. 21; A 74624; Rhona Katherine
236 805 242 47 Dunning,
513 805 65 41 St.
611 805 430 47 Leonard-on-Sea,
1076 805 190 42 Sussex,
1298 805 235 47 England.

246 861 280 49 (34-24356)

162 964 321 66 Edgerton,
516 967 253 53 Edward
800 969 114 62 Ira,
949 968 169 52 1877-

293 1042 1871 68 … A second course in the new mathematics, by Edward I.
163 1120 2003 70 Edgerton … and Perry A. Carpenter … Kev. ed. Boston,
160 1199 137 53 New
330 1199 161 53 York
544 1204 118 62 [etc.]
697 1200 180 68 Allyn
908 1201 111 52 and
1049 1201 192 51 Bacon
1277 1233 13 33 [
1295 1206 16 20 c
1318 1202 136 49 1934
1457 1233 12 33 ]

233 1283 64 48 ix,
335 1283 85 40 394
457 1294 44 37 p.
560 1283 163 49 front.,
762 1284 142 44 illus.,
943 1283 178 47 diagrs.
1181 1281 55 41 19½
1269 1285 43 20 cm
1319 1315 8 7 .
1397 1282 200 49 (Junior
1633 1283 117 48 high
1785 1282 163 41 school
163 1285 1983 103 mathematics,

381 1342 72 39 ed.
485 1341 60 47 by
576 1340 44 42 J.
652 1341 63 40 M.
750 1340 167 49 Glass)

235 1398 324 47 “Protractor,
593 1399 144 47 ruler,
770 1399 96 38 and
897 1396 203 49 square”
1133 1398 94 39 and
1259 1398 136 39 three
1426 1397 162 40 leaves
1621 1396 51 42 of
1702 1396 284 43 coordinate
2014 1408 151 39 paper

162 1456 49 39 in
241 1455 173 48 pocket
443 1456 53 39 at
525 1457 105 40 end.

168 1524 1995 51 © June 11, 1934 : 2c. July 5: aff. July 25 : A 74309: Allyn and Bacon.
244 1583 280 49 (34-24495)

159 1689 121 52 The
328 1687 446 64 Encyclopaedia
821 1688 338 52 britannica.
1245 1688 130 51 14th
1424 1688 84 52 ed.
1595 1688 299 55 Canadian
229 1693 1911 125 centennials

406 1766 226 67 private
660 1766 231 52 edition.
956 1765 54 52 A
1035 1783 123 35 new
1186 1783 206 50 survey
1419 1764 64 53 of
1511 1764 289 54 universal
1829 1765 334 69 knowledge

291 1842 1869 70 … Toronto, The Encyclopaedia brittannica of Canada, ltd.;
230 1921 258 68 London,
525 1922 120 52 The
681 1922 439 68 Encyclopaedia
1156 1921 323 53 britannica
1515 1938 299 52 company,
1850 1922 134 67 ltd.;
2024 1921 140 53 New

232 2000 179 69 York,
446 2000 439 67 Encyclopaedia
918 1999 337 68 britannica,
1289 2000 107 52 inc.
1436 2032 13 34 [
1455 2006 16 20 c
1477 2002 137 49 1934
1616 2032 14 34 ]

233 2073 56 38 24
320 2084 40 29 v.
422 2073 126 39 illus.
580 2073 131 48 (incl.
743 2073 175 47 music)
945 2073 157 47 plates
1133 2073 132 47 (part
1295 2072 113 45 col.;
1441 2073 24 38 1
1498 2072 197 48 double)
1723 2082 137 38 maps
1889 2072 136 49 (part
163 2074 1987 102 double)
289 2131 227 45 facsims.,
546 2130 178 47 diagrs.
789 2129 56 40 28½
878 2132 43 21 cm
926 2161 8 8 .

234 2199 285 41 Illustrated
549 2200 348 48 lining-papers
925 2200 49 40 in
1002 2200 143 41 color.

233 2256 125 40 Vols.
387 2256 115 40 2-24
532 2268 83 29 are
646 2257 163 40 issued
841 2257 206 40 without
1079 2258 81 38 the
1190 2257 183 41 edition
1403 2259 112 38 note
1549 2255 282 42 “Canadian
1863 2257 301 40 centennials

163 2312 189 48 private
381 2313 212 41 edition”
624 2325 60 28 on
714 2316 97 45 t.-p.
872 2314 119 40 This
1019 2315 112 39 note
1159 2314 40 39 is
1230 2314 205 40 lettered
1467 2325 59 28 on
1556 2315 81 39 the
1669 2323 140 31 cover
1840 2314 50 40 of
1921 2315 118 39 each
164 2313 1983 97 volume.

236 2425 40 39 J.
310 2426 50 41 L.
394 2426 196 47 Garvin,
619 2428 157 39 editor
806 2428 50 38 in
887 2427 155 46 chief;
1078 2426 51 40 F.
1163 2426 59 40 H.
1254 2426 206 48 Hooper,
1495 2426 256 40 American
1787 2427 182 47 editor;
2006 2426 72 43 W.
2110 2426 54 42 E.

164 2481 112 47 Cox,
303 2486 78 37 art
406 2484 225 39 director.

165 2552 1993 52 © July 13, 1934: 2c. July 16; aff. Aug. 22; A 74644; Encyclopaedia
234 2613 288 43 britannica,
553 2613 87 39 inc.
711 2613 278 48 [Copyright
1020 2614 40 37 is
1089 2613 201 39 claimed
1321 2625 60 28 on
1411 2624 104 29 new
1545 2616 193 45 matter]

242 2670 279 48 (34-24867)

156 2772 244 53 Federal
452 2777 272 64 reporter.
802 2771 218 55 Second
1070 2773 182 52 series.
1330 2772 169 55 Cases
1551 2775 215 66 argued
1817 2774 112 51 and
227 2773 1910 130 determined

447 2851 58 52 in
537 2853 94 50 the
662 2851 217 54 United
913 2851 188 54 States
1134 2852 220 54 Circuit
1384 2856 188 49 courts
1603 2853 63 51 of
1698 2853 251 67 appeals,
1982 2852 181 54 Court

226 2930 64 52 of
320 2931 233 67 appeals
583 2930 65 53 of
675 2929 93 54 the
799 2930 247 53 District
1070 2929 63 55 of
1164 2931 317 66 Columbia,
1510 2932 218 54 United
1762 2930 186 54 States
1982 2930 179 54 Court

226 3009 63 52 of
314 3015 244 48 customs
585 3010 112 51 and
723 3014 198 62 patent
948 3012 249 65 appeals,
1221 3009 139 52 with
1385 3009 108 68 key
1518 3010 236 52 number
1781 3009 379 54 annotations.

226 3105 49 34 v.
325 3091 63 49 69
423 3088 127 68 (2d)
635 3087 369 68 April-May,
1054 3091 146 49 1934.
1280 3088 81 55 St.
1410 3091 165 54 Paul,
1621 3090 162 52 West
1827 3088 335 69 publishing

226 3186 96 48 co.,
353 3170 149 50 1934.

232 3242 148 46 xxvii,
412 3242 112 38 1111
556 3252 42 36 p.
630 3240 106 40 incl.
768 3240 149 40 front,
948 3240 158 47 (map)
1176 3239 55 41 26½
1264 3243 43 20 cm
1314 3273 7 7 .

166 3309 50 51 ©
246 3314 81 39 July
389 3312 66 40 10.
486 3312 139 39 1934:
656 3311 64 40 2c.
756 3312 125 47 Sept.
911 3312 51 45 8;
994 3311 80 39 aff.
1107 3311 124 47 Sept.
1262 3312 81 41 10;
1375 3313 40 37 A
1445 3312 169 39 74850:
1648 3313 134 38 West
1811 3312 108 47 pub.
1952 3322 66 29 co.

160 3417 245 64 Fruchs,
440 3416 295 53 Mordecai
769 3416 218 54 lethoc.

233 3509 122 52 The
395 3526 122 34 new
559 3507 254 65 bastille;
857 3507 282 53 economic
1181 3508 281 67 planning
1504 3507 111 52 and
1657 3508 95 51 the
1794 3506 203 52 second

167 3524 1969 115 germination
489 3585 64 53 of
599 3584 337 66 feudalism;
986 3585 424 67 untouchables,
1456 3586 112 51 and
1613 3585 96 52 the
1754 3585 298 67 ignominy
2098 3583 65 53 of

165 3662 1935 69 hereditary unemployment, by Mordecai lethoc Fruchs …
166 3744 231 65 Boston,
434 3742 121 52 The
593 3740 376 68 Christopher
1005 3741 336 68 publishing
1372 3742 174 52 house
1586 3774 13 34 [
1604 3748 16 20 c
1626 3744 136 49 1934
1767 3775 11 32 ]

232 3816 60 48 vi,
324 3815 86 40 254
439 3826 43 37 p.
544 3813 52 40 21
602 3816 43 21 cm
650 3845 9 9 .

167 3884 50 51 ©
252 3889 118 46 Aug.
405 3888 38 40 6,
479 3886 138 46 1934;
654 3885 65 40 2c.
756 3885 116 47 Aug.
910 3885 80 41 16;
1030 3884 81 41 aff.
1145 3885 116 48 Aug.
1298 3887 81 45 17;
1418 3887 39 37 A
1492 3885 169 47 73921;
1701 3885 317 48 Christopher
2052 3888 110 47 pub.

233 3945 163 39 house.
467 3942 279 44 (34-24807)
