2350 4196
1141 4007 131 46 1376

219 391 313 64 Vallentin,
566 392 319 64 Antonina,
921 394 168 49 1893-

293 511 53 9 ...
387 469 141 51 Poet
565 468 57 51 in
659 468 141 52 exile;
868 468 94 51 the
999 466 104 52 life
1142 464 65 53 of
1241 462 281 53 Heinrich
1558 460 203 56 Heine,
1799 459 72 65 by
1909 457 294 53 Antonina

221 546 291 51 Vallentin
545 588 54 8 ...
665 545 256 53 London,
948 545 70 51 V.
1048 541 288 62 Gollancz,
1364 540 122 54 ltd.,
1516 541 148 49 1934.

289 617 85 41 320
403 629 44 37 p.
510 617 115 40 22cm.

290 676 60 38 At
378 675 119 40 head
527 674 52 40 of
603 673 105 41 title;
764 672 292 41 Translated
1084 672 60 46 by
1171 667 240 43 Harrison
1441 667 187 39 Brown.

224 729 50 51 ©
309 736 15 35 3
338 747 35 25 c.
409 733 99 39 Oct.
542 733 66 38 11.
645 731 108 40 1934;
817 733 37 36 A
890 733 60 37 ad
981 731 86 40 int.
1102 728 141 40 19430;
1307 727 141 46 pubd.
1485 726 97 39 Oct.
1619 726 17 37 1;
1707 724 178 46 Viking
1918 734 146 37 press,
2098 724 90 38 inc.,

290 790 115 37 New
433 789 144 39 York.
647 788 254 48 (34-35682)

216 863 347 64 Volkmann,
596 862 255 55 Richard
883 878 131 49 von,
1049 864 321 52 1830-1889.

221 929 1963 153 The rusted knight and other stories < Träumereien an französischen kaminen>
905 1015 74 67 by
1032 1013 253 53 Richard
1337 1029 110 34 von
1560 1009 268 53 Volkmann
1893 1006 310 70 (“Richard

220 1094 320 67 Leander”)
598 1093 313 54 translated
963 1092 149 53 from
1163 1091 93 52 the
1305 1088 250 55 German
1605 1088 73 68 by
1727 1086 257 54 William
2036 1084 169 70 Kelly

220 1172 290 67 Prentice;
562 1172 138 52 with
751 1170 327 54 silhouettes
1125 1168 73 70 by
1248 1167 187 51 Marte
1484 1164 411 69 Landsberger.
1976 1163 231 52 Boston.

221 1247 832 70 В. Humphries, inc. [ c 1933]
289 1322 84 40 135
403 1333 40 37 p.
544 1322 87 39 illus.
695 1321 144 41 23½cm.

296 1378 327 48 Head-pieces.

226 1433 50 52 ©
343 1449 93 28 June
467 1436 67 40 10.
568 1436 112 40 1934;
742 1436 64 37 2c.
843 1438 98 37 Oct.
976 1436 25 36 4;
1066 1445 79 27 aff.
1181 1433 100 40 Oct.
1314 1432 52 38 12;
1431 1432 39 38 A
1506 1432 167 45 75754;
1710 1432 155 38 Bruce
1899 1427 307 50 Humphries,

295 1495 88 38 inc.
455 1491 277 49 (34-34595)

219 1569 196 63 Webb,
448 1569 208 53 Allena
684 1568 196 63 Joyce.

290 1644 148 52 Lure
466 1643 63 53 of
555 1644 92 52 the
675 1644 154 52 land,
855 1643 73 53 by
956 1643 204 51 Aliena
1191 1641 173 53 Joyce
1391 1638 195 55 Webb.
1652 1637 217 55 Dallas.
1897 1638 119 52 The
2038 1637 132 55 Story

224 1722 143 51 book
396 1741 155 48 press
585 1754 12 34 [
603 1727 17 21 c
626 1724 149 64 1934]

292 1791 912 50 5 p. l., 202 p. incl. illus.. pl. 24cm.
289 1851 286 39 Illustrated
609 1849 359 48 lining-papers.

226 1902 1928 55 © Sept. 30. 1934; 2c. Oct 19; aff. Oct. 18; A 75858; Story book press.
305 1965 278 44 (34-34592)

225 2038 191 63 Weils,
449 2039 257 53 Herbert
740 2040 244 62 George,
1020 2040 169 51 1866-

292 2114 373 67 Experiment
706 2116 56 50 in
803 2113 454 69 autobiography;
1331 2113 335 54 discoveries
1708 2113 110 52 and
1862 2110 348 54 conclusions

225 2192 63 53 of
332 2211 29 33 a
405 2211 134 49 very
585 2192 274 69 ordinary
903 2192 163 52 brain
1125 2191 174 68 (since
1347 2190 161 66 1866)
1564 2191 75 69 by
1685 2190 76 54 H.
1808 2189 68 55 G.
1922 2190 179 53 Wells
2151 2231 57 10 ...

225 2288 49 35 у.
318 2276 42 47 1.
434 2271 258 56 London,
730 2273 69 51 Y.
839 2272 288 53 Gollancz.
1166 2270 100 56 ltd.
1308 2271 106 51 and
1460 2271 116 52 The
1619 2271 221 55 Cresset
1878 2289 173 48 press,
2090 2269 120 52 ltd..

226 2352 147 48 1934.

292 2424 85 37 414
403 2434 41 36 p.
500 2423 162 39 front.,
692 2423 124 38 illus.
848 2423 263 45 (facsims.)
1146 2429 145 41 ports.
1349 2421 114 40 20cm.

229 2475 50 51 ©
308 2481 64 38 1c.
401 2480 100 39 Oct.
529 2479 67 42 10.
624 2478 112 41 1934;
792 2480 39 37 A
859 2480 60 38 ad
947 2479 84 40 int.
1061 2476 139 42 19422;
1256 2479 142 47 pubd.
1429 2478 98 40 Oct.
1558 2480 28 39 S;
1641 2479 56 39 H.
1727 2477 52 41 G.
1808 2478 163 40 Wells.
2001 2477 210 41 London.

307 2535 277 49 (34-35671)

225 2610 255 65 Wenter,
511 2611 185 64 Josef,
727 2614 168 49 1880-

294 2687 220 54 Laikan;
585 2687 94 53 the
720 2693 155 60 story
915 2690 63 50 of
1018 2708 29 32 a
1087 2688 233 55 salmon,
1361 2691 73 66 by
1471 2690 216 68 Joseph
1727 2691 260 63 Wenter;
226 2694 1962 125 translated
407 2766 149 53 from

585 2765 93 55 the
708 2765 246 55 German
985 2766 74 67 by
1088 2766 234 55 Charles
1351 2767 280 68 Ashleigh;
1694 2767 137 52 with
1867 2786 26 33 a
1928 2765 281 54 foreword

225 2845 73 66 by
331 2844 191 66 Major
556 2844 53 53 J.
650 2842 56 56 S.
741 2845 270 66 Egerton.
1086 2843 257 69 London,
1377 2845 145 53 Rich
1557 2848 46 50 &
1637 2844 229 55 Cowan,
1903 2846 121 66 ltd.,
2064 2848 146 49 1934.

300 2915 748 49 vii. 240. [1] p. front. 19cm.
229 2966 1963 106 © 1c. Oct. 12. 1934.; A ad int. 19441; pubd. Aug. 16; J. Wenter. Innsbruck. Austria. (34-35704)
221 3104 303 65 Williams,
554 3107 135 53 Mrs.
719 3106 142 52 Effie
889 3108 131 50 Mae
1053 3107 262 65 (Hency)

293 3183 118 52 The
442 3184 213 67 change
687 3183 58 52 in
780 3181 344 70 Smithville,
1153 3184 73 69 by
1256 3184 138 54 Effie
1422 3185 79 52 M.
1534 3185 286 55 Williams
1859 3230 54 7 ...
224 3186 1966 128 Anderson.
369 3262 148 52 Ind.

547 3259 210 70 Gospel
787 3268 253 62 trumpet
1070 3280 278 51 company
1424 3267 150 64 [c1934]

294 3335 56 40 95
384 3346 41 36 p.
516 3335 113 40 18½cm.

230 3384 1978 60 © June 19. 1934; 2c· June 23; aff. June 22; A 72964; Gospel trumpet со.
307 3449 277 47 (34-35135)

225 3518 233 63 Wilson,
491 3519 207 55 Albert
730 3520 331 55 Frederick.

293 3596 225 68 Higher
551 3596 137 53 than
724 3598 97 52 the
854 3598 154 52 wind
1044 3616 101 34 can
1179 3598 164 57 blow,
1379 3600 73 52 by
1488 3599 206 54 Albert
1728 3601 307 52 Frederick
225 3600 1959 128 Wilson

356 3719 51 8 ...
441 3674 318 55 illustrated
785 3676 75 66 by
888 3674 134 55 Carl
1050 3674 246 56 Schmitt
1324 3721 54 8 ...
1460 3679 136 52 New
1623 3679 179 67 York,
1828 3679 189 65 Dodd,
2041 3677 169 54 Mead

223 3754 111 52 and
362 3769 295 49 company,
687 3757 148 49 1934.

295 3824 63 46 ix,
391 3823 83 40 184
504 3833 42 37 p.
608 3824 126 42 illus.
794 3825 143 40 20½cm.

233 3879 52 51 ©
319 3883 98 40 Oct.
450 3882 68 40 38.
551 3881 111 41 1934;
725 3883 65 40 2c.
824 3887 96 37 and
954 3896 77 28 aff.
1069 3885 99 40 Oct.
1201 3885 55 38 20;
1320 3887 39 39 A
1392 3888 142 39 76663;
1594 3890 54 39 A.
1688 3889 46 40 F.
1770 3889 196 39 Wilson,
2003 3887 209 41 Ormond

299 3938 172 41 Beach.
504 3938 98 40 Fla.
676 3937 276 51 (34-34434)
