2350 4196
1100 3988 133 54 1107

239 426 85 42 317
353 439 43 36 p.
455 428 163 47 front.,
648 430 170 46 plates,
849 430 148 46 ports.
1058 427 115 38 24cm.

243 486 23 14 “
287 484 275 48 ‘Fred’—by
602 485 75 40 bis
715 486 166 39 father
930 486 113 47 (Mr.
1086 484 43 40 S.
1171 483 48 38 F.
1260 484 150 46 Perry
1448 483 94 39 fills
1580 483 48 38 in
1668 493 130 29 some
1836 493 117 37 gaps
1993 483 46 39 in
2079 484 75 39 bis

170 541 125 39 son's
324 541 223 48 story)”:
578 553 42 37 p.
648 541 215 41 271-291.

170 596 1989 50 0 1c. Aug 20,. 1934: A ad int. 19293; pubd. June 22: F. J. Perry.
240 657 280 46 Brentham,
552 656 187 48 Baling,
772 657 234 44 England.
1078 653 277 49 (34-29125)

164 746 190 63 Peter,
390 747 264 55 Charles.

235 821 137 53 Two
410 823 59 50 in
509 840 120 50 one,
668 842 29 33 a
736 824 127 51 well
903 822 271 53 balanced
1215 820 279 53 fertilizer
1535 820 357 54 conditioner
1934 820 92 54 for
2067 821 96 53 the

165 899 103 51 soil
304 900 111 52 and
452 899 136 53 food
626 900 93 52 for
753 902 94 52 the
883 901 179 67 plant.
1134 898 125 55 Salt
1294 897 155 54 Lake
1487 898 153 69 City,
1676 898 179 69 Utah,
1895 898 61 55 C.
1994 900 170 51 Peter

171 1009 12 33 [
189 983 17 20 c
212 979 134 50 1934
349 1010 13 34 ]

234 1048 67 49 29,
385 1071 10 29 [1]
430 1061 45 37 p.
535 1049 145 43 18½cm.

235 1107 126 41 Title
391 1108 171 39 within
591 1109 291 47 descriptive
912 1109 184 39 border.

236 1165 99 39 The
363 1166 179 39 author
568 1167 328 38 recommends
921 1166 79 39 the
1032 1176 82 28 use
1142 1165 50 39 of
1219 1165 190 39 treated
1440 1166 104 38 coal
1574 1175 53 30 as
1658 1175 27 29 a
1715 1163 253 42 fertilizer.

171 1219 50 51 ©
252 1225 115 46 July
396 1224 67 40 20.
495 1223 140 46 1934;
666 1226 66 37 2c.
764 1226 92 37 and
889 1237 80 27 aff.
1001 1225 118 46 Aug.
1149 1225 52 44 4;
1236 1224 40 38 A
1306 1224 142 39 74417:
1510 1223 49 41 C.
1592 1225 155 38 Peter.
1812 1223 280 49 [Copyright
2122 1225 42 39 is

237 1281 203 39 claimed
471 1292 60 28 on
561 1281 271 39 additional
864 1282 222 38 research
1119 1282 129 46 data]
1325 1278 280 51 (34-28990)

163 1370 264 65 Phillips,
459 1372 176 51 Ethel
666 1372 254 54 Calvert.

235 1444 431 55 Jeanne-Marie
704 1448 110 52 and
853 1447 98 52 her
988 1447 204 68 golden
1229 1446 148 68 bird,
1413 1446 76 69 by
1524 1445 173 54 Ethel
1736 1445 234 55 Calvert
169 1446 1973 145 Phillips;
337 1524 139 53 with

505 1524 379 53 illustrations
912 1524 150 52 from
1091 1524 270 69 figurines
1388 1524 76 69 by
1490 1524 185 53 Helen
1704 1524 180 54 Blair.
1949 1525 218 54 Boston

168 1602 110 51 and
308 1603 137 52 New
473 1602 179 68 York,
681 1603 314 68 Houghton
1026 1602 201 52 Mifflin
1258 1620 297 51 company,
1586 1604 150 54 1934.

236 1677 26 36 4
292 1686 40 37 p.
384 1708 22 14 l.,
437 1674 98 49 112,
568 1677 40 48 [1]
656 1686 43 37 p.
759 1677 162 42 front.,
954 1676 168 47 plates.
1181 1674 57 40 21
1242 1676 44 22 cm
1290 1707 9 9 .

172 1730 1993 52 © Aug. 28. 1934: 2c. and aff. Sept. 4: A 75135; E. C. Phillips, Nutley,
239 1792 53 39 N.
323 1792 41 38 J.
437 1791 279 47 (34-25931)

170 1867 184 63 Poole,
389 1868 237 63 Ernest,
664 1871 168 48 1880-

168 1942 1999 147 One of us, by Ernest Poole. New York. The Macmillan company, 1934.
238 2095 25 37 4
294 2104 42 37 p.
403 2126 8 10 l..
441 2094 85 40 285
557 2104 42 37 p.
660 2092 145 43 20½cm.

175 2149 50 51 ©
260 2153 126 47 Sept.
415 2154 39 37 4.
486 2153 139 41 1934;
659 2153 65 38 2c.
756 2154 95 37 and
883 2152 81 40 aff.
997 2152 125 47 Sept.
1156 2153 50 40 5;
1241 2153 39 37 A
1310 2152 169 47 74758;
1515 2154 52 40 E.
1599 2154 158 47 Poole,
1790 2154 117 39 New
1937 2155 143 39 York.

252 2209 278 49 (34-25934)

166 2287 186 62 Potts,
383 2284 297 53 Philmore
711 2286 81 62 P.,
823 2286 193 65 pseud.

248 2362 156 53 Gone
444 2369 59 46 to
546 2366 115 61 pot,
704 2380 28 32 a
776 2361 223 67 catalog
1041 2360 63 52 of
1145 2360 223 53 famous
1411 2361 263 55 chamber
1716 2368 144 62 pots,
1904 2362 266 53 collected

177 2441 70 60 by
276 2440 290 53 Philmoro
596 2440 62 51 P.
690 2441 193 64 Potts;
914 2439 115 53 also
1056 2457 148 35 some
1233 2439 63 52 of
1322 2440 95 52 the
1448 2440 472 68 correspondence
1950 2441 218 54 carried

176 2537 70 34 on
271 2520 73 65 by
370 2518 107 51 Mr.
507 2518 164 53 Potts
694 2518 59 51 in
781 2516 236 68 making
1041 2516 114 54 this
1182 2517 294 53 collection
1501 2518 63 52 of
1591 2518 271 67 antiques.
1926 2520 244 69 Detroit,

178 2597 189 66 Mich.,
396 2597 291 52 Philmore
717 2595 331 67 publishing
1075 2613 275 51 company
1383 2631 12 33 [
1401 2602 16 21 c
1424 2599 135 48 1934
1563 2629 13 34 ]

246 2668 26 40 3
301 2679 41 37 p.
408 2700 8 15 l.,
450 2668 159 48 [9]-46,
642 2668 53 49 [1]
726 2679 42 36 p.
862 2668 89 40 illus.
1009 2668 116 41 21cm.

175 2726 50 51 ©
255 2730 118 47 Aug.
402 2730 68 46 17,
499 2728 140 41 1934;
672 2728 64 39 2c.
768 2728 118 47 Aug.
917 2727 54 39 20;
1031 2727 81 40 aff.
1146 2728 126 48 Sept.
1301 2728 81 47 10;
1416 2729 40 39 A
1485 2728 170 49 73933;
1689 2730 248 41 Philmore
1963 2732 108 47 pub.
2104 2742 66 30 co.

255 2785 278 50 (34-28940)

169 2861 253 65 Powers,
453 2862 236 53 Samuel
719 2858 209 65 Ralph,
961 2860 169 54 1887-

176 2938 1992 134 … This changing world, by Samuel Ralph Powers … Elsie Flint Neuner … and
175 3016 1993 148 Herbert Bascom Bruner … Boston, New York [etc.] Ginn and company [ c 1934]
249 3170 95 45 xiv,
383 3170 82 39 561
503 3180 41 36 p.
579 3168 111 39 incl.
723 3168 143 47 illus.,
971 3198 8 16 pl.,
1017 3167 176 47 diagrs.
1256 3169 83 38 col.
1380 3168 150 42 front.
1592 3169 145 40 20½cm.
1807 3169 63 47 (A
1910 3181 175 39 survey
2122 3176 51 38 of

178 3227 184 39 science
389 3227 79 38 for
495 3226 165 47 junior
687 3225 115 47 high
830 3225 202 39 schools,
1142 3224 14 44 II)

250 3283 272 47 “Readings
551 3284 48 37 in
630 3281 212 41 science”:
900 3291 42 37 p.
971 3280 214 42 529-534.

178 3338 50 51 ©
257 3343 119 46 Aug.
402 3341 68 46 15,
498 3339 140 41 1934:
668 3340 66 39 2c.
762 3339 118 48 Aug.
909 3339 81 40 28:
1021 3338 79 40 aff.
1129 3340 117 47 Aug.
1276 3339 81 48 27;
1387 3341 41 38 A
1455 3340 170 48 75080;
1660 3342 42 40 S.
1734 3341 55 41 R.
1818 3344 208 48 Powers,
2056 3346 118 39 New

245 3400 143 43 York,
421 3398 131 39 Elsie
580 3397 133 39 Flint
742 3396 206 45 Neuner,
979 3397 171 38 Mount
1177 3397 206 46 Vernon,
1415 3398 55 38 N.
1501 3397 68 47 Y.,
1603 3398 93 39 and
1728 3400 211 40 Herbert
1970 3402 204 39 Bascom

246 3457 202 44 Bruner,
482 3455 116 38 New
630 3454 144 38 York.
845 3451 278 49 (34-28980)

175 3533 348 62 Proskauer,
556 3529 194 54 Julien
782 3529 53 54 J.

246 3609 239 54 Suckers
544 3608 94 65 all,
694 3607 75 67 by
824 3605 198 56 Julien
1078 3608 54 53 J.
1190 3607 339 53 Proskauer.
1621 3610 140 53 New
1816 3611 179 67 York,
2052 3614 121 51 The

174 3690 302 65 Macaulay
506 3703 280 50 company
821 3717 12 33 [
840 3690 16 21 c
862 3687 135 49 1934
1001 3717 11 33 ]

246 3761 87 41 318
366 3772 42 38 p.
469 3760 128 39 illus.
658 3757 144 40 19½cm.

252 3819 70 40 On
351 3828 166 30 cover:
545 3817 101 39 The
671 3815 87 40 life
783 3814 51 40 of
859 3814 187 39 Honest
1073 3813 124 40 John
1226 3814 156 48 Kelly,
1409 3825 54 30 as
1487 3817 102 39 told
1615 3816 128 41 from
1769 3817 76 41 his
1872 3819 196 43 diaries.

180 3874 50 52 ©
260 3878 120 47 Aug.
410 3877 68 46 21,
509 3873 139 47 1934;
682 3871 65 40 2c.
780 3871 95 40 and
906 3870 81 40 aff.
1019 3871 117 47 Aug.
1168 3871 81 47 24;
1282 3872 41 38 A
1353 3872 171 46 75006;
1558 3874 261 48 Macaulay
1848 3886 68 30 co.

258 3930 278 53 (34-28578)
