2350 4296
1089 3992 100 49 425

155 354 210 68 Aiken,
398 357 210 64 Ralph.

229 433 119 52 The
393 433 170 69 ghost
607 433 252 67 hunters,
903 433 75 68 by
1022 433 192 68 Ralph
1260 433 206 53 Aiken.
1549 432 139 53 New
1737 431 178 68 York,
1958 433 70 51 R.
2083 432 72 52 M.

159 510 272 53 McBride
461 514 46 50 &
536 530 295 50 company,
862 514 151 50 1934.

225 583 621 50 3 p. l. , 9-257 p. 19½ cm .
161 652 49 51 ©
241 658 120 38 Mar.
389 655 68 48 19,
486 656 113 40 1934
617 668 8 35 ;
655 657 64 39 2c.
750 658 95 38 and
873 656 82 40 aff.
983 656 113 46 Apr.
1125 657 53 38 17
1197 667 8 35 ;
1236 656 41 38 A
1303 656 171 46 71274;
1506 657 55 41 R.
1590 657 169 42 Aiken.
1789 657 116 39 New
1936 656 218 43 Orleans.

237 713 250 48 (34-8577)

151 831 316 54 American
501 832 193 63 public
727 832 242 53 welfare
1004 832 375 65 association,
1415 832 268 66 Chicago.

229 906 150 55 Poor
413 907 167 54 relief
613 908 165 67 laws;
816 927 30 33 a
881 906 185 69 digest
1100 908 62 52 of
1195 906 247 69 existing
1475 912 144 50 state
1654 907 340 69 legislation,

156 926 1976 125 prepared
369 1004 58 35 as
464 1004 70 33 an
570 986 93 52 aid
699 991 56 47 to
792 991 282 63 statutory
1107 987 246 51 revision
1385 986 74 67 by
1493 986 95 51 the
1620 985 304 53 American
1959 985 193 68 public

156 1061 1995 70 welfare association … Chicago, Ill., Public administration
156 1141 225 67 service,
414 1143 149 49 1934.

152 1211 1983 108 3 p. l. , 25 p. 26½ cm . ([Public administration service, Chicago] Publication no. 37) $0.25
158 1341 51 51 ©
243 1345 110 40 Feb.
387 1346 67 40 13.
489 1346 139 41 1934;
664 1346 66 40 2c.
765 1348 94 38 and
894 1346 78 38 aff.
1009 1346 110 39 Feb.
1153 1346 54 40 23
1226 1357 8 35 ;
1271 1347 40 37 A
1344 1346 170 41 69587;
1552 1347 168 40 Public
1755 1348 399 40 administration

225 1403 195 39 service.
493 1402 250 48 (34-8691)

148 1516 331 66 Anderson,
511 1521 247 54 Charles
783 1522 237 63 Joseph,
1051 1523 171 51 1880-

220 1596 103 68 My
359 1603 399 62 government;
800 1619 30 33 a
866 1604 121 47 text
1023 1598 147 53 book
1203 1599 63 52 in
1300 1597 322 56 Wisconsin
1660 1598 187 69 civics,
1882 1599 75 68 by
1996 1601 62 54 C.
2095 1602 56 53 J.

149 1673 2005 72 Anderson … [and] George A. Hillier … Pictures by the
150 1752 229 55 Bureau
418 1753 64 53 of
519 1753 184 53 visual
743 1754 298 53 education
1081 1754 64 53 of
1180 1754 96 53 the
1316 1755 315 53 Extension
1670 1755 249 54 division
1955 1757 65 51 of
2056 1758 97 52 the

149 1830 336 68 University
543 1831 63 52 of
661 1833 337 53 Wisconsin.
1074 1833 403 68 Minneapolis,
1533 1832 361 69 Milwaukee,
1950 1837 67 51 E.
2074 1835 77 52 H.

150 1909 150 52 Hale
331 1910 114 52 and
476 1928 296 50 company,
808 1913 149 50 1934.

220 1983 28 38 2
272 1994 42 36 p.
378 2015 8 16 l.,
414 1983 163 48 vii-ix,
604 1984 87 39 278
717 1995 43 36 p.
787 1984 109 40 incl.
922 1985 162 46 front.,
1112 1984 141 48 illus.,
1283 1985 152 48 diagr.
1497 1985 57 41 19½
1585 1988 43 20 cm
1635 2019 8 7 .

157 2051 51 51 ©
242 2056 121 39 Mar.
395 2056 38 45 1,
467 2055 139 47 1934;
641 2056 67 39 2c.
742 2056 121 39 Mar.
895 2056 81 46 26;
1012 2055 81 40 aff.
1127 2057 120 38 Mar.
1280 2057 84 46 233
1399 2057 40 38 A
1470 2058 169 47 71139;
1677 2060 48 37 E.
1763 2059 60 38 M.
1859 2059 125 39 Hale
2018 2060 36 39 &
2087 2071 66 28 co.

234 2112 250 49 (34-8329)

147 2229 476 66 Anker-Larsen,
654 2232 318 64 Johannes,
1007 2231 170 53 1874-

151 2310 1974 145 … Ich will, was ich soil, roman; einzig berechtigte übersetzung
151 2389 1972 144 von Cläre Schmid Romberg. Bremen, C. Schünemann [ c 1933]
225 2540 98 46 311,
355 2540 55 48 [1]
439 2550 42 37 p.
539 2539 54 40 20
595 2541 46 22 cm
646 2572 8 7 .

224 2596 63 40 At
313 2597 126 39 head
465 2597 51 39 of
544 2596 135 40 title:
709 2596 43 40 J.
780 2596 163 40 Anker
971 2596 198 40 Larsen.

226 2653 83 38 “In
345 2653 281 39 Danemark
661 2655 145 37 unter
838 2654 106 38 dem
981 2652 134 41 titel:
1153 2653 160 49 König
1347 2654 124 40 Lear
1505 2665 93 29 von
1636 2654 279 49 Svendborg
1949 2655 203 40 erschie-

153 2710 134 39 nen.”

152 2777 1998 52 © Nov. 3, 1933 ; 1c. Mar. 5, 1934; A-Foreign 23902; Carl Schünemann.
234 2838 250 49 (34-9204)

152 2956 372 52 Association
555 2957 62 51 of
646 2956 105 51 life
782 2957 311 52 insurance
1125 2958 244 51 medical
1401 2957 307 56 directors.

219 3032 274 53 Abstract
546 3034 62 51 of
661 3034 96 51 the
809 3034 368 68 proceedings
1232 3033 64 53 of
1347 3035 96 51 the
1496 3034 390 68 forty-fourth
1941 3039 210 49 annual

146 3112 249 68 meeting
427 3112 63 52 of
520 3111 96 53 the
648 3113 361 51 Association
1041 3112 62 51 of
1135 3112 104 52 life
1270 3114 299 52 insurance
1601 3113 241 53 medical
1876 3115 275 53 directors

146 3190 1978 147 of America … Vol. xx. New York city, Press of Recording & statistical corporation, 1934.
226 3343 100 47 viii,
356 3343 84 40 360
470 3354 43 36 p.
639 3374 7 15 pl.,
678 3342 178 48 diagrs.
914 3343 54 39 23½
1003 3345 43 20 cm
1053 3375 7 8 .

158 3410 51 51 ©
243 3415 108 38 Jan.
382 3414 69 46 31,
485 3413 139 46 1934;
659 3413 65 39 2c.
759 3413 108 38 Feb.
902 3413 80 45 23;
1020 3412 79 40 aff.
1133 3414 114 45 May
1278 3414 52 44 3;
1366 3413 40 38 A
1438 3412 170 47 70408;
1644 3414 307 40 Association
1983 3416 53 38 of
2068 3415 87 40 life

226 3471 258 39 insurance
513 3470 205 39 medical
749 3469 235 40 directors
1015 3470 53 39 of
1095 3469 235 47 America,
1362 3469 223 49 Newark,
1617 3471 54 39 N.
1704 3471 42 39 J.

152 3590 234 64 Austin,
419 3589 218 54 Frank.

226 3664 1932 72 The sheriff rides, by Frank Austin … New York, Dodd,
154 3746 170 52 Mead
354 3747 46 50 &
429 3761 296 51 company,
759 3745 151 50 1934.

223 3815 565 52 3 p. l. , 299 p. 19½c m .
155 3874 50 51 ©
234 3879 120 37 Mar.
383 3877 67 45 14,
474 3874 144 46 1934;
648 3874 67 39 2c.
744 3874 121 38 Mar.
893 3873 81 46 16;
1005 3872 82 39 aff.
1117 3873 121 38 Mar.
1267 3873 81 45 17;
1380 3873 39 38 A
1447 3873 171 49 72055;
1650 3876 153 50 Dodd,
1834 3879 141 40 Mead
2005 3880 35 39 &
2069 3891 82 38 co.,

224 3934 88 39 inc.
388 3931 250 43 (34-8353)
