2350 4196
1171 4012 63 48 406

214 372 241 63 Greene,
486 372 270 64 Dorothy
785 373 87 56 W.

280 447 120 52 The
427 448 192 66 junior
647 450 294 66 gardener,
967 449 75 67 by
1069 452 262 68 Dorothy
1359 456 88 52 W.
1480 455 215 54 Greene
1725 458 111 51 and
1866 458 234 52 Eosetta
2131 459 61 54 C.

212 525 354 68 Goldsmith;
621 526 323 54 illustrated
996 530 111 51 and
1158 530 234 53 lettered
1442 532 74 66 by
1568 532 199 67 Sylvia
1816 528 164 60 Weil.
2056 537 136 51 New

210 602 178 68 York,
416 604 118 51 The
563 605 316 65 Vanguard
908 623 174 49 press,
1112 610 147 51 1934.

286 675 84 49 [64]
401 686 42 37 p.
507 674 127 41 illus.
694 675 56 39 22
753 678 44 21 cm
802 708 8 8 .

285 745 286 40 Illustrated
600 745 361 50 lining-papers.

215 811 1982 60 © Mar. 21, 193-4; 2c. Mar. 26; aff. Mar. 23; A 70813; Vanguard press,
283 872 88 40 inc.
444 873 247 47 (34-7798)

208 990 261 66 Gundry,
499 991 202 65 Inglis.

280 1067 119 53 The
441 1071 272 51 countess’
753 1087 206 50 penny,
998 1089 30 34 a
1067 1073 164 51 novel
1268 1073 74 66 by
1382 1073 185 67 Inglis
1605 1073 258 68 Gundry.
1938 1076 257 66 London,

209 1145 55 54 J.
295 1147 181 66 Long,
505 1146 223 54 limited
764 1152 170 63 [1934]

280 1219 608 48 5 p. l., 13-286 p. 19cm.
213 1284 50 51 ©
290 1290 66 38 1c.
383 1290 121 38 Mar.
531 1290 68 45 17,
627 1289 139 47 1934;
795 1290 41 38 A
863 1291 58 38 ad
949 1290 83 39 int.
1061 1292 140 39 18743;
1259 1292 140 47 pubd.

1430 1292 109 42 Jan.
1567 1291 80 49 19;
1678 1294 37 38 I.
1746 1292 212 50 Gundry,
1987 1293 210 39 London.

293 1345 248 48 (34-9211)

210 1464 271 65 Harrold,
515 1466 243 54 Charles
790 1467 333 56 Frederick.

338 1541 1862 71 … Carlyle and German thought: 1819-1834, by Charles
208 1619 1987 73 Frederick Harrold … New Haven, Yale university press;
206 1697 255 65 London,
489 1696 76 53 H.
595 1696 264 69 Milford,
890 1697 228 55 Oxford
1147 1699 315 68 university
1492 1718 174 49 press,
1696 1703 149 52 1934.

275 1769 82 48 xii,
388 1770 87 40 346
503 1781 42 37 p.
605 1770 54 40 23
664 1773 43 20 cm
713 1802 7 7 .
792 1769 142 47 (Yale
964 1772 184 40 studies
1177 1773 49 38 in
1257 1772 214 47 English,
1715 1773 13 47 LXXXII)

276 1827 347 48 Bibliography
641 1838 9 29 :
688 1838 43 37 p.
771 1827 246 51 [325]-331.

211 1894 1985 56 © Mar. 31, 1934; 2c. and aff. Apr. 4; A 70901; C. E. Harrold. Ypsilanti,
278 1956 140 39 Mich.
491 1956 250 48 (34-7431)

205 2074 275 65 Hérama,
510 2076 146 52 Paul
685 2077 34 52 d'

338 2143 1861 78 … Fille de nomades, roman. Gap, Éditions “Alpes et Midi”,
209 2230 148 51 1933.

274 2299 361 50 254 p. 18 ½ cm .
211 2369 1984 53 © Dec. 8, 1933; 1c Feb. 8, 1934; A- Foreign 23728; Paul Caillaud,
275 2431 209 39 Marsais
526 2430 583 48 (Charente-Inférieure)
1149 2431 196 39 France.
1418 2431 248 48 (34-9192)

212 2546 278 66 Hethum,
518 2548 195 68 prince
737 2550 67 66 -of
830 2548 286 67 Korghos,
1146 2567 75 35 ca.
1254 2552 251 51 1235-ca.
1537 2552 149 51 1314.

274 2624 83 52 La
385 2624 104 52 flor
515 2625 66 51 de
609 2625 82 52 las
718 2625 243 68 ystorias
989 2626 67 51 de
1085 2623 220 69 Orient,
1331 2625 75 69 by
1432 2625 257 69 Hayton,
1717 2625 195 68 prince
1940 2624 63 54 of
2031 2624 162 55 Gori-

205 2719 127 50 gos;
372 2703 189 52 edited
600 2701 152 53 from
789 2703 95 52 the
922 2702 206 68 unique
1165 2721 101 49 ms,
1306 2702 258 53 Escorial
1603 2701 198 70 Z-I-2,
1840 2703 139 51 with
206 2701 1964 145 introduction,
488 2780 407 68 bibliography

931 2781 112 51 and
1077 2786 176 61 notes,
1289 2781 76 67 by
1399 2780 227 68 Wesley
1663 2780 317 52 Eobertson
2016 2780 179 68 Long.

207 2857 268 65 Chicago,
505 2858 114 66 Ill.,
650 2858 120 52 The
801 2858 337 66 University
1170 2857 63 52 of
1267 2857 249 69 Chicago
1551 2876 158 49 press
1766 2860 150 63 [1934]

274 2930 62 48 ix,
366 2931 98 46 223,
501 2931 54 49 [1]
585 2940 43 38 p.
688 2931 136 40 front.
867 2931 233 48 (facsim.)
1143 2931 150 46 diagr.
1354 2930 56 40 19½
1443 2932 44 21 cm
1491 2962 8 8 .

277 2986 128 41 “The
448 2988 148 39 codex
637 2987 151 40 forms
834 2998 27 28 a
904 2987 187 40 volume
1136 2987 51 39 of
1229 2987 82 41 the
1353 2986 250 41 collection
1647 2986 51 40 of
1741 2985 254 41 historical
2038 2986 157 39 works

207 3042 1971 96 translated into the Aragonese vernacular for Johan Ferrandez de Heredia …
392 3100 49 38 in
469 3100 81 39 the
576 3101 98 39 last
701 3100 132 39 third
861 3100 51 39 of
936 3101 81 38 the
1044 3099 282 40 fourteenth
1354 3098 505 48 century.”—Introd.,
1887 3108 44 38 p.
1959 3099 99 40 3-4.

278 3155 355 47 “Manuscripts
664 3157 117 38 used
813 3156 50 39 in
892 3155 318 48 establishing
1241 3156 81 39 the
1353 3156 189 39 French
1572 3157 95 38 and
1700 3153 145 42 Latin
1877 3157 131 38 texts
2038 3154 156 40 which

207 3210 122 41 have
357 3212 115 39 been
504 3214 252 45 compared
785 3213 119 39 with
933 3212 62 38 Z”
1015 3222 7 28 :
1053 3222 43 37 p.
1125 3210 142 40 44-45;
1327 3211 348 48 Bibliography
1692 3222 9 29 :
1734 3222 43 37 p.
1811 3210 246 51 [215]-223.

209 3280 1981 50 © Feb. 27. 1934; 2c. and aff. Mar. 10; A 69795; University of Chicago,
276 3340 220 47 Chicago.
564 3336 71 52 [©
664 3341 207 46 preface,
902 3339 342 46 introduction,
1278 3342 149 44 notes,
1462 3342 94 38 and
1588 3341 350 48 bibliography]

285 3396 248 49 (34-7572)

208 3515 269 64 Howard,
510 3516 226 63 George
767 3513 297 66 Franklin,
1099 3517 168 50 1858-

275 3591 261 55 Outlines
584 3592 58 52 in
691 3593 134 52 civil
871 3599 366 61 government
1288 3591 92 52 for
1433 3591 180 55 South
1663 3591 226 56 Dakota
1940 3590 112 53 and
2099 3589 96 53 the

203 3668 1991 70 United States, by Geo. F. Howard … 6th ed. Mapleton,
201 3749 202 65 Minn.,
430 3755 19 21 c
454 3751 148 49 1934.

268 3821 565 48 2 p. l., 3-80 p. 22 cm .
207 3888 50 51 ©
290 3894 119 38 Mar.
439 3892 68 41 22.
538 3892 138 39 1934;
709 3893 66 39 2c.
807 3894 92 37 and
931 3892 80 41 aff.
1044 3893 118 37 Mar.
1193 3891 82 42 26;
1310 3892 37 37 A
1379 3891 167 40 70807:
1584 3892 51 39 G.
1669 3891 48 39 F.
1751 3889 227 49 Howard,
277 3886 1893 104 Mapleton.

400 3950 147 38 Minn.
618 3949 248 47 (34-7632)
