2350 4196
1101 4003 129 46 1279

185 350 373 67 Gerstäcker,
592 352 306 55 Friedrich
931 353 270 55 Wilhelm
1235 352 324 67 Christian,
1595 355 325 55 1816-1872.

257 431 117 53 Das
403 432 465 67 geheimnisvolle
897 432 134 54 dorf;
1092 431 181 55 retold
1304 432 152 52 from
1486 434 96 50 the
1613 432 249 55 German
1893 433 64 52 of
191 434 1969 127 Friedrich

354 509 1795 70 Gerstäcker and edited by Stella M . Hinz. Adding 70
192 587 179 53 words
401 589 110 51 and
541 592 66 48 26
635 588 205 53 idioms
870 589 62 51 of
962 587 262 68 frequent
1252 607 329 34 occurrence
1610 595 58 46 to
1696 589 93 53 the
1822 594 149 51 1,110
2000 591 183 51 words

189 666 111 52 and
335 669 102 49 202
469 665 204 54 idioms
706 668 135 52 used
874 668 55 51 in
964 667 172 52 books
1170 671 125 60 1-7;
1334 668 139 51 total;
1538 671 151 62 1,180
1724 669 184 51 words
1939 670 109 51 and
2082 673 101 48 228

191 744 199 54 idioms
425 745 131 51 used
589 744 58 54 in
679 745 173 53 books
887 751 97 48 1-8
1021 789 53 8 ...
1158 744 267 68 Chicago,
1540 788 29 24 Ill.,
1601 746 119 52 The
1760 746 327 67 University
2122 748 61 50 of

188 821 250 68 Chicago
470 840 157 49 press
662 827 171 63 [1934]

260 892 1917 54 viii, So, [1] p. 17 cm . (Half-title ; Graded German readers ... [book 8])
190 948 50 51 ©
270 954 113 45 May
411 952 67 47 15,
509 951 114 40 1934;
680 953 65 40 2c.
778 954 116 47 July
922 954 81 46 16;
1036 953 79 39 aff.
1148 953 113 47 July
1293 953 80 46 33;
1407 953 40 38 A
1477 954 169 46 73451;
1683 953 282 47 University
1995 955 51 40 of
254 954 1915 103 Chicago,
415 1009 221 49 Chicago.
710 1010 280 50 (34-32685)

180 1098 265 65 Gervais,
477 1100 228 55 Albert.

252 1177 1928 68 Medicine man in China, try A . Gervais; translated from the
183 1256 221 51 French
439 1255 74 68 by
548 1255 246 55 Vincent
829 1257 234 54 Sheean.
1140 1258 136 51 New
1317 1258 176 64 York,
1532 1258 306 51 Frederick
1875 1259 68 51 A.
1982 1258 201 54 Stokes

184 1351 294 50 company,
512 1338 148 50 1934.

254 1406 712 48 4 p. l., 336 p. illus. 21 cm .
256 1463 197 39 Illustrat
486 1465 57 38 ed
581 1465 348 47 lining-papers

186 1517 49 51 ©
269 1522 127 47 Sept.
424 1523 39 45 4,
493 1521 115 41 1934;
666 1524 64 38 2c.
766 1523 126 48 Sept.
924 1523 81 46 29;
1038 1523 80 39 aff.
1151 1522 98 40 Oct.
1282 1524 51 39 1;
1366 1524 39 37 A
1434 1522 144 40 76264;
1638 1524 51 37 A.
1722 1523 216 44 Gervais,
1972 1524 154 40 Paris.

262 1578 279 49 (34-32693)

179 1667 255 67 Halleck,
467 1671 242 52 Reuben
742 1672 161 64 Post,
938 1674 170 49 1859-

252 1788 53 9 ...
353 1747 245 68 History
639 1748 64 52 of
744 1767 104 35 our
889 1752 258 64 country,
1189 1749 94 52 for
1322 1749 205 67 higher
1570 1750 220 66 grades,
1832 1750 74 65 by
1949 1751 230 51 Reuben

175 1825 139 53 Post
347 1825 245 54 Halleck
631 1870 54 8 ...
766 1828 138 51 New
938 1827 179 68 York,
1153 1828 325 55 Cincinnati
1520 1833 138 61 [etc.]
1696 1826 306 55 American
2037 1829 144 51 book

176 1922 278 50 company
490 1938 12 34 [
509 1911 16 20 c
532 1908 135 50 1934
671 1938 12 34 ]

250 1979 59 47 vi,
336 1978 97 47 544,
459 1978 288 40 vii-xxxviii
775 1990 41 36 p.
871 1978 84 41 col.
981 1980 163 46 front.,
1171 1979 141 48 illus.,
1338 1981 85 38 col.
1449 1979 170 49 plates,
1645 1989 136 38 maps
1816 1980 136 47 (part
1975 1979 198 49 double)

178 2035 82 40 204
265 2036 43 22 cm
315 2067 6 7 .
392 2034 271 48 (Halleck’s
692 2035 258 41 American
979 2036 190 48 history
1196 2035 175 49 series)

279 2091 318 41 “References”
628 2093 50 38 at
707 2093 90 39 end
826 2093 51 39 of
905 2093 118 39 each
1051 2093 214 46 chapter.

184 2146 49 51 ©
266 2150 127 47 Sept.
420 2148 67 48 29,
546 2149 85 39 1934;
687 2149 67 40 2c.
783 2149 94 39 and
906 2149 80 41 aff.
1019 2150 100 40 Oct.
1148 2149 24 39 2;
1231 2152 40 36 A
1301 2150 141 40 75563;
1502 2151 157 39 Amer,
1691 2151 123 39 book
1843 2161 65 30 со.
260 2206 278 49 (34-32551)

178 2295 256 67 Hansen,
465 2298 176 52 Alvin
672 2299 260 63 Harvey,
965 2297 172 54 1887-

255 2420 54 8 ...
344 2378 55 50 A
426 2394 269 49 program
726 2375 93 53 for
847 2376 460 67 unemployment
1341 2376 291 53 insurance
1660 2378 110 50 and
1805 2376 162 52 relief
1997 2377 53 50 in
2086 2377 89 50 the

182 2453 208 53 United
433 2454 205 66 States,
672 2455 74 65 by
781 2453 178 53 Alvin
993 2455 76 52 H.
1104 2456 237 50 Hansen
1381 2499 54 8 ...
1474 2454 226 53 Merrill
1734 2454 65 54 G.
1835 2456 237 64 Murray
2117 2498 52 8 ...

181 2532 222 53 Russell
439 2533 69 52 A.
549 2532 310 55 Stevenson
902 2577 53 8 ...
1005 2533 147 66 [and]
1196 2535 183 63 Bryce
1414 2533 77 52 M.
1533 2533 245 54 Stewart
1820 2576 54 7 ...
180 2533 1970 145 Minneapolis,

407 2611 120 52 The
557 2610 338 68 University
923 2610 64 52 of
1016 2610 323 53 Minnesota
1368 2628 173 50 press,
1576 2614 148 49 1934.

252 2683 99 43 viii,
384 2683 83 39 201
500 2694 41 36 p.
604 2682 177 48 diagrs.
843 2683 54 40 23½
930 2685 43 20 cm
982 2716 6 6 .

251 2740 63 39 At
341 2741 124 38 head
493 2740 49 39 of
570 2740 107 39 title;
739 2741 330 46 Employment
1100 2740 331 39 stabilization
1461 2741 223 38 research
1714 2739 238 45 institute,
182 2740 1980 104 University
308 2797 52 39 of
390 2797 289 39 Minnesota.

182 2850 49 51 ©
263 2855 126 47 Sept.
417 2854 38 42 8,
484 2853 113 41 1934;
655 2856 65 39 2c.
753 2856 125 45 Sept.
908 2855 81 45 28;
1020 2855 80 40 aff.
1133 2855 124 47 Sept.
1288 2855 80 42 27;
1400 2856 37 37 A
1467 2855 168 40 75535;
1669 2853 281 47 University
1978 2856 50 38 of
248 2855 1911 100 Minnesota,
462 2912 332 47 Minneapolis.
871 2911 278 48 (34-32547)

175 3000 251 66 Harlow,
459 3002 191 64 Ralph
683 3001 243 65 Volney,
961 3005 172 50 1884-

243 3082 54 50 A
335 3080 218 64 history
594 3081 62 50 of
694 3081 95 51 the
829 3080 217 54 United
1088 3082 205 66 States,
1331 3082 74 66 by
1443 3082 192 66 Ralph
1676 3081 220 66 Volney
1936 3080 239 53 Harlow

180 3200 52 8 ...
312 3157 138 52 New
484 3157 175 67 York,
688 3160 77 53 H.
795 3158 146 52 Holt
971 3160 112 50 and
1113 3176 278 50 company
1427 3193 12 32 [
1446 3166 16 21 c
1467 3161 152 63 1934]

246 3229 1763 51 xiv, 760, liii p., 1 l. incl. front., illus. maps (part fold.) 20½ cm .
249 3289 431 47 “Supplementary
715 3287 255 47 readings”
1007 3291 49 47 at;
1090 3289 87 38 end
1213 3288 50 39 of
1297 3290 118 38 each
1448 3289 214 46 chapter.

184 3342 49 51 ©
265 3347 125 46 Sept.
419 3347 67 39 28.
545 3345 83 39 1934;
684 3346 63 38 2c.
779 3347 93 36 and
902 3345 80 39 aff.
1011 3345 100 40 Oct.
1139 3345 51 41 2;
1220 3346 40 38 A
1287 3346 141 39 75573;
1487 3347 168 45 Henry
1685 3345 117 38 Holt
1831 3344 37 39 &
1895 3354 80 37 со.,
2004 3344 90 40 inc.

257 3403 278 47 (34-32552)

177 3476 225 66 Higbie,
433 3480 205 62 Нету
667 3476 239 64 Harold,
940 3480 169 49 1882-

246 3557 280 68 Lighting
563 3556 387 66 calculations,
985 3556 76 67 by
1098 3555 77 52 H.
1213 3556 77 52 H.
1329 3555 216 69 Higbie
1588 3598 54 9 ...
1723 3555 138 52 New
1900 3553 179 67 York,
2117 3553 54 54 J.

178 3635 183 68 Wiley
397 3638 45 49 &
477 3654 145 47 sons,
658 3636 103 51 inc.;
832 3635 258 65 London,
1130 3633 300 69 Chapman
1465 3637 45 49 &
1544 3634 161 66 Hall,
1742 3633 239 66 limited,
2021 3634 150 51 1934.

253 3709 62 47 xi,
349 3709 83 40 503
464 3719 42 37 p.
539 3709 109 39 incl.
683 3709 141 44 illus.,
858 3709 167 38 tables,
1060 3708 177 47 diagrs.
1299 3709 54 37 23½
1387 3711 14 20 cm
1436 3741 6 6 .
1563 3707 128 45 $5.00

253 3765 128 40 Four
408 3766 163 39 folded
606 3767 312 45 transparent
949 3765 161 38 sheets
1140 3765 279 48 containing
1450 3776 25 28 a
1509 3765 130 39 table
1670 3764 95 39 and
1796 3764 136 39 three
187 3766 1971 95 protractors
313 3824 98 38 laid
442 3824 61 38 in.

185 3875 48 50 ©
262 3880 124 48 Sept.
415 3880 68 48 28,
510 3879 113 40 1934;
679 3879 64 39 2c.
772 3880 94 38 and
894 3879 78 39 aff.
1003 3879 99 40 Oct.
1132 3880 21 37 1;
1210 3880 39 38 A
1276 3879 142 40 76272;
1475 3880 59 38 H.
1564 3879 59 39 H.
1652 3878 189 46 Higbie,
1870 3879 107 37 Ann
2004 3878 166 39 Arbor.

260 3937 276 48 (34-32733)
