2350 4296
1081 3985 135 54 1697

148 357 244 65 Abbott,
426 359 225 53 Wilbur
685 361 225 60 Cortez,
947 364 170 48 1869-

218 433 94 52 An
350 434 389 53 introduction
776 440 59 47 to
871 435 97 52 the
1008 435 329 51 documents
1375 433 249 69 relating
1662 439 58 47 to
1758 433 95 53 the
149 433 1970 130 international

368 516 180 49 status
588 512 64 53 of
692 512 315 67 Gibraltar,
1050 511 326 67 1704-1934,
1414 511 74 68 by
1528 511 233 52 Wilbur
1803 509 63 55 C.
1908 509 235 53 Abbott.

147 588 136 52 New
315 589 178 67 York,
520 590 120 52 The
668 590 329 53 Macmillan
1030 607 297 50 company,
1358 591 150 50 1934.

217 662 45 38 vi
292 672 40 36 p.,
429 662 41 41 [1].,
500 662 84 39 112
612 673 39 35 p.
718 663 55 37 22
778 665 42 21 cm
827 694 6 5 .

302 718 194 40 Half-title:
530 718 193 41 Bureau
755 720 51 39 of
836 718 344 41 international
1217 719 236 41 research.
1486 717 227 40 Harvard
1750 717 266 46 university
2052 718 90 37 and

151 760 234 55 Radcliffe
419 775 190 46 college.

220 829 234 41 “General
490 832 334 47 bibliography
859 832 50 40 of
943 831 161 47 books,
1140 832 287 46 pamphlets,
1465 831 210 46 articles,
1714 833 100 45 etc.,
1855 830 207 47 relating
2100 834 45 36 to

149 885 305 42 Gibraltar”:
485 898 43 37 p.
558 889 156 40 18-94.

151 941 50 51 ©
239 947 108 38 Dec.
386 947 67 45 11,
491 946 138 42 1924;
668 948 66 38 2c.
773 949 94 38 and
905 960 79 27 aff.
1027 949 105 38 Dec.
1171 947 79 40 12;
1290 948 39 37 A
1364 946 169 46 77626;
1574 948 195 39 Bureau
1807 948 51 39 of
1894 948 248 39 internati,

218 1003 237 41 research.
491 1004 229 39 Harvard
756 1004 125 38 univ.
917 1005 93 38 and
1093 1003 194 40 Radcliffe
1321 1004 191 46 college,
1549 1003 300 47 Cambridge,
1886 1004 145 38 Mass.

229 1059 279 48 (34-42116)

148 1148 197 64 Adler,
373 1150 264 53 Herman
665 1152 234 55 Morris,
930 1153 170 52 1876-

277 1227 1873 67 … The incidence of delinquency in Berkeley, 1928-1932,
146 1303 73 68 by
268 1303 261 52 Herman
579 1303 197 68 Adler,
829 1305 246 52 Frances
1130 1303 162 54 Cahn
1386 1305 131 64 [and]
1576 1304 293 53 Johannes
1926 1301 215 54 Stuart.

147 1383 293 66 Berkeley,
482 1382 195 68 Calif.,
717 1384 337 66 University
1096 1383 63 52 of
1199 1381 325 56 California
1566 1399 174 50 press,
1784 1385 149 50 1934.

217 1464 41 36 x,
287 1453 83 39 102
395 1465 41 35 p.
494 1454 161 43 front.,
687 1456 126 39 illus.
844 1457 182 45 (maps)
1065 1438 177 56 diagrs.
1303 1454 57 39 24
1363 1455 43 22 cm
1411 1486 6 7 .
1487 1454 356 48 (Publications
1871 1454 50 39 of
1952 1454 191 38 Bureau

146 1510 52 38 of
222 1510 160 49 public
411 1511 411 47 administration,
852 1512 281 45 University
1163 1512 50 39 of
1242 1511 296 48 California)

221 1567 235 41 “Errata”
487 1568 90 47 slip
604 1571 226 39 mounted
860 1580 58 29 on
947 1579 42 37 p.
1019 1569 66 39 iii.

221 1623 1926 49 “The study which forms the basis of this report … was originally
149 1681 301 40 undertaken
483 1692 55 29 as
571 1685 111 44 part
714 1682 52 39 of
796 1694 28 29 a
856 1684 195 46 general
1085 1683 345 47 investigation
1465 1683 51 38 of
1549 1683 80 40 the
1664 1682 396 39 administration
2097 1681 50 38 of

149 1737 219 41 criminal
407 1739 177 47 justice
622 1742 50 37 in
703 1739 287 48 California,
1026 1740 158 39 which
1217 1750 100 29 was
1354 1741 260 45 sponsored
1653 1740 59 45 by
1751 1740 81 39 the
1871 1739 189 40 Bureau
2099 1738 50 40 of

150 1794 160 46 public
344 1796 398 40 administration
778 1799 50 38 at
863 1798 82 39 the
978 1797 280 46 University
1292 1797 50 39 of
1378 1795 510 41 California.”—Pref.

153 1849 51 51 ©
243 1855 113 37 Nov.
396 1855 67 43 19,
501 1856 138 40 1934;
679 1856 65 38 2c.
781 1857 116 38 Nov.
935 1858 80 38 27:
1055 1856 80 39 aff.
1173 1857 108 38 Dec.
1323 1856 78 40 10;
1441 1856 41 38 A
1521 1855 167 40 77590:
1729 1856 211 48 Regents
1978 1856 50 38 of
2069 1856 77 39 the

220 1911 280 47 University
529 1913 50 39 of
610 1912 285 42 California,
928 1914 247 46 Berkeley.
1204 1913 143 40 Calif.
1420 1912 280 47 (34-42368)

171 2001 304 66 [Alington,
506 1987 330 95 Argentine
871 2004 241 52 Francis]
1168 2009 169 48 1898-

224 2077 125 68 Gay
383 2096 206 51 pagan,
621 2078 72 68 by
725 2079 180 67 Hugh
937 2079 207 52 Talbot
1235 2079 155 53 [pseud.]
1490 2078 136 52 New
1664 2077 160 53 York
1858 2078 112 53 and
151 2078 1972 138 London,
310 2156 230 67 Harper
569 2158 45 49 &
641 2156 275 66 brothers,
950 2159 148 48 1934.

220 2227 99 46 viii,
341 2226 85 41 300
448 2237 42 38 p.
551 2227 55 40 20
610 2229 15 21 cm
660 2260 7 8 .

219 2283 162 40 “First
402 2284 226 40 edition.”

153 2339 50 52 ©
235 2346 108 38 Dec.
376 2345 67 42 10,
475 2344 139 45 1934;
648 2345 66 38 2c.
747 2346 110 38 Dec.
889 2347 81 37 20:
1004 2344 79 40 aff.
1115 2346 108 38 Dec.
1257 2346 47 37 11
1330 2356 7 29 :
1373 2346 38 37 A
1445 2345 135 39 76021
1606 2356 7 27 :
1651 2345 262 45 Argentine
1949 2346 199 38 Francis

219 2402 241 45 Alington,
497 2402 200 45 Oxford,
734 2402 232 46 England.
1040 2401 280 50 (34-42417)

148 2476 186 65 Allen,
369 2478 231 52 Arthur
630 2478 333 64 Augustus,
997 2483 170 49 1885-

222 2554 300 52 American
552 2553 129 54 bird
710 2553 379 68 biographies,
1121 2553 326 69 containing
1479 2555 92 50 the
1601 2555 272 67 complete
155 2553 1969 132 life-histories

360 2631 63 52 of
460 2631 256 53 familiar
750 2631 158 53 birds
944 2634 223 50 written
1206 2634 61 51 in
1303 2632 531 68 autobiographical
1873 2631 167 67 form,
2076 2632 74 67 by

154 2709 1969 145 Arthur A. Allen … with ten color plates and ten wash drawings
321 2787 73 67 by
438 2787 220 67 George
698 2785 225 53 Miksch
968 2786 205 54 Sutton
1219 2788 112 51 and
1376 2791 98 48 190
1518 2788 391 68 photographs
1951 2788 62 52 of
2054 2788 96 53 the

154 2864 155 57 birds
340 2867 60 52 in
433 2870 201 46 nature
666 2864 74 67 by
770 2864 95 52 the
897 2864 221 54 author.
1193 2865 219 69 Ithaca,
1446 2865 68 53 N.
1552 2865 89 69 Y.,
1677 2865 300 54 Comstock
151 2865 1973 145 publishing
395 2960 296 49 company,
717 2941 107 52 inc.
861 2975 13 33 [
879 2948 18 22 c
902 2944 134 49 1934
1041 2975 13 33 ]

220 3013 1248 49 ix, 238 p., 1 l. illus., plates (part col.) 25 cm .
220 3071 290 40 Illustrated
537 3070 365 47 lining-papers.

152 3127 50 52 ©
230 3133 110 39 Dec.
369 3132 39 46 3,
437 3129 140 47 1934;
608 3129 65 41 2c.
704 3129 95 40 and
828 3128 80 41 aff.
940 3130 108 39 Dec.
1080 3130 51 45 6;
1166 3131 38 38 A
1234 3131 169 46 78441;
1437 3130 255 41 Comstock
1724 3133 107 46 pub.
1864 3144 80 28 co.,
1976 3133 89 39 inc.

228 3187 279 49 (34-42149)

152 3263 206 66 Arkin,
385 3263 278 54 Herbert.

279 3338 1875 70 … An outline of statistical methods as applied to economics,
149 3421 270 64 business,
450 3416 319 66 education,
799 3415 173 54 social
1001 3416 113 52 and
1144 3416 260 66 physical
1432 3416 260 67 sciences,
1721 3423 100 47 etc.
1859 3418 108 67 [by]
148 3419 1981 131 Herbert

301 3492 1851 72 Arkin … [and] Raymond R. Colton … with a preface by
150 3570 1981 70 Justin H. Moore … New York, Barnes & Noble, inc. [ c 1934]
222 3639 1462 53 6 p. l. 177 p. diagrs. 21 cm . (College outline series)
220 3702 264 40 Published
512 3699 102 40 also
641 3699 153 39 under
820 3698 133 40 title:
987 3696 275 41 Statistical
1288 3698 235 40 methods.

223 3758 228 41 “Sixteen
481 3756 237 41 standard
745 3753 313 41 textbooks”:
1092 3753 83 41 5th
1202 3754 187 48 prelim,
1420 3754 112 41 leaf.
1593 3754 349 52 Bibliography
1975 3760 52 39 at
2057 3759 91 39 end

152 3817 51 38 of
230 3816 118 40 each
377 3814 215 46 chapter.

154 3871 51 51 ©
237 3875 126 46 Sept.
392 3872 69 46 26,
490 3870 140 41 1934:
661 3869 64 40 2c.
757 3870 94 38 and
880 3868 81 41 aff.
992 3868 101 41 Oct.
1124 3870 51 45 1;
1206 3869 42 39 A
1276 3868 170 47 76202;
1478 3870 186 40 Barnes
1694 3872 35 39 &
1756 3872 163 43 Noble,
1952 3874 89 39 inc.

232 3928 280 50 (34-42375)
