2350 4196
1114 4002 99 50 309

183 350 271 67 Meynell,
484 353 301 53 Laurence
812 354 109 66 W.,
952 357 172 50 1899-

257 431 120 52 The
404 432 317 68 gentlemen
752 449 71 50 go
850 432 91 67 by,
973 432 169 68 being
1173 450 69 36 an
1272 434 251 68 exciting
1554 435 282 56 interlude
1865 438 57 52 in
1953 440 95 53 the
2076 439 103 54 life

187 508 62 50 of
274 526 30 34 a
327 526 192 50 young
543 526 149 50 man,
717 510 76 66 by
816 512 289 51 Laurence
1126 511 88 55 W.
1240 512 269 69 Meynell.
1584 514 426 69 Philadelphia,

187 507 1969 155 London,
345 587 52 53 J.
427 589 65 50 B.
523 585 339 69 Lippincott
889 604 296 51 company,
1219 593 147 50 1934.

287 658 245 47 302 p. 19 cm.
188 711 50 51 ©
268 717 118 38 Mar.
415 716 66 46 14,
511 716 140 46 1934;
680 717 67 40 2c.
776 717 95 39 and
900 717 80 39 aff.
1009 717 122 40 Mar.
1159 718 80 46 24;
1271 717 35 39 A
1338 719 170 46 70803;
1539 720 49 38 L.
1618 720 71 40 W.
1720 720 221 49 Meynell,
1973 723 211 41 London.

265 771 251 51 (34-0043)

182 874 299 66 Michigan
511 877 283 63 academy
823 877 62 53 of
913 876 246 64 science,
1186 881 132 49 arts
1343 880 115 51 and
1487 880 229 56 letters.

250 948 1935 84 Papers … Editors, Eugene S. McCartney … [and] Peter
181 1026 2002 85 Okkelberg … Volume XIX … Ann Arbor, University of
179 1110 299 70 Michigan
505 1129 174 51 press,
713 1114 149 52 1934.

253 1176 1935 69 3 p. l., v-xii, 662, ix p. illus., plates, maps (part fold.) diagrs. (part
181 1242 143 46 fold.)
390 1243 55 38 24
449 1245 43 19 cm
499 1276 6 6 .

186 1291 1996 69 © Mar. 14, 1934; 2c. Mar. 22; aff. Mar. 29; A 71074; Graduate school,
255 1356 139 40 Univ.
425 1355 51 40 of
505 1355 259 49 Michigan.
795 1357 108 38 Ann
932 1356 168 40 Arbor.
1977 1359 117 42 1997

185 1458 337 66 Montague,
553 1461 307 62 Margaret
889 1461 290 64 Prescott,
1212 1463 170 51 1878-

254 1537 203 56 Closed
495 1539 197 65 doors;
731 1537 214 54 studies
982 1538 63 52 of
1081 1537 134 55 deaf
1251 1539 113 52 and
1401 1539 164 53 blind
1603 1539 276 69 children,
1915 1541 74 66 by

179 1530 1976 166 Margaret
367 1618 257 52 Prescott
651 1617 328 66 Montague.
1058 1618 136 51 New
1221 1618 111 52 and
1361 1617 106 52 enl.
1497 1619 82 51 ed.
1657 1620 216 51 Boston
1901 1619 110 52 and
2039 1621 135 51 New

180 1692 179 69 York,
387 1693 320 69 Houghton
736 1693 205 54 Mifflin
969 1711 297 51 company,
1296 1698 151 51 1934.

255 1775 42 32 x.
332 1767 68 49 [1],
432 1766 97 47 217,
562 1767 54 49 [1]
648 1777 40 36 p.
751 1766 144 42 19½cm.

534 1823 184 46 CONTENTS.—Why
761 1823 38 39 it
842 1832 100 31 was
984 1820 586 52 W-on-the-eyes.—Cain,
1614 1825 79 39 the
1735 1823 268 49 key.—Red
2047 1826 131 47 Bird,

187 1881 55 36 he
269 1889 89 31 can
387 1879 254 42 see.—The
669 1880 128 40 little
825 1880 106 47 sign
961 1880 77 40 for
1064 1878 523 50 friend.—Something
1615 1880 89 48 big,
1735 1881 95 39 like
1858 1882 100 39 Red
1988 1883 189 39 Bird.—

186 1935 146 42 What
371 1937 88 39 Mr.
502 1936 124 48 Grey
667 1935 121 42 said.
805 1960 57 4 —
881 1936 202 41 Marked
1124 1936 79 41 for
1243 1938 80 39 the
1364 1936 313 51 unexpected.
1695 1961 58 4 —
1771 1937 100 41 The
1910 1938 267 42 enchanted

184 1992 229 47 princess.

182 2046 50 51 ©
265 2051 119 38 Mar.
414 2051 67 46 14,
512 2050 116 41 1934;
684 2051 64 39 2c.
782 2052 93 39 and
907 2062 24 28 aff
939 2051 48 40 .
1019 2052 120 39 Mar.
1171 2051 80 46 22;
1285 2052 41 39 A
1355 2049 170 49 69909;
1559 2053 62 38 M.
1652 2053 49 39 P.
1734 2053 274 49 Montague,
248 2040 1912 119 Richmond;
477 2105 251 51 (34-5968)

181 2198 269 62 Morrow,
477 2201 138 51 Mrs.
645 2197 237 55 Honoré
914 2198 275 66 (McCue)
1225 2197 241 57 Willsie.

245 2275 118 52 The
398 2275 243 55 Lincoln
674 2275 200 55 stories
908 2277 64 51 of
1005 2277 236 54 Honoré
1274 2278 280 66 Morrow;
1592 2275 333 68 containing
1958 2279 214 52 Dearer

179 2353 137 52 than
363 2354 93 66 all,
505 2352 249 56 Benefits
803 2354 193 68 forgot
1044 2356 111 52 and
1202 2356 121 51 The
1368 2356 109 52 lost
1523 2354 198 68 speech
1770 2354 64 53 of
1876 2355 294 54 Abraham

177 2430 256 69 Lincoln,
467 2433 141 52 with
643 2451 30 33 a
709 2431 250 70 portrait
990 2433 78 66 by
1100 2434 198 52 Harvé
1338 2433 158 56 Stein
1538 2433 111 53 and
1683 2431 380 56 illustrations
2096 2433 75 66 by

176 2507 235 55 Charles
448 2511 65 52 E.
552 2508 372 70 Cartwright.
1001 2511 138 53 New
1175 2511 178 67 York,
1388 2512 89 54 W.
1513 2512 249 52 Morrow
1798 2513 44 49 &
1876 2526 295 52 company,

183 2590 146 50 1934.

250 2648 1725 70 3 p. l., 56, [1] p. incl. front, (col. mounted port.) illus. 19½cm.
179 2698 1944 78 © Feb. 7, 1934; 2c. and aff. Feb. 14; A 69895; Honoré Morrow, ℅
247 2773 216 42 William
488 2775 210 39 Morrow
723 2774 36 40 &
784 2786 79 35 co.,
891 2776 104 46 inc.,
1023 2776 117 38 New
1164 2775 144 41 York.
1381 2773 250 51 (34-5967)

178 2864 182 64 Nock,
392 2864 207 54 Albert
629 2866 132 64 Jay.

243 2942 53 51 A
347 2941 228 68 journal
629 2942 63 52 of
742 2943 154 54 these
950 2944 156 66 days,
1159 2943 149 53 June
1364 2938 479 59 1932-December
1897 2941 150 66 1933,
2096 2940 73 67 by

172 3018 204 53 Albert
409 3018 117 69 Jay
561 3019 176 54 Nock.
813 3020 139 54 New
987 3019 180 69 York,
1200 3022 90 53 W.
1326 3021 249 52 Morrow
1610 3021 45 50 &
1688 3034 295 52 company,
2023 3020 148 50 1934.

244 3103 29 28 x
318 3093 86 39 309
433 3104 29 36 p
536 3093 54 39 22
594 3096 43 20 cm

178 3144 50 51 ©
262 3150 107 38 Mar.
414 3150 67 41 14.
514 3149 140 42 1934;
688 3151 65 39 2c.
787 3151 122 40 Mar.
941 3150 81 47 16;
1058 3151 80 40 aff.
1172 3151 120 39 Mar.
1326 3152 80 44 17;
1441 3150 40 40 A
1512 3148 169 46 70696;
1717 3149 51 38 A.
1803 3149 41 40 J.
1877 3147 147 44 Nock,
2056 3147 116 40 New

245 3206 145 40 York.
462 3206 251 50 (34-6072)

169 3295 345 55 Oklahoma.
589 3299 183 65 Laws,
801 3304 257 61 statutes,
1089 3306 97 47 etc.

237 3373 285 54 Harlow’s
554 3376 362 69 supplement
944 3381 58 47 to
1035 3377 94 51 the
1162 3375 321 58 Oklahoma
1513 3376 255 64 statutes,
1804 3376 149 49 1931.

170 3360 1975 157 Contains
361 3455 76 50 all
481 3454 227 61 general
751 3456 137 51 laws
931 3455 111 52 and
1084 3454 386 54 amendments
1511 3457 57 46 to
1611 3455 143 49 state
1797 3451 110 51 and
1949 3449 216 55 United

170 3530 187 55 States
402 3530 399 57 constitutions
844 3531 234 55 enacted
1123 3551 60 34 or
1228 3530 248 71 adopted
1519 3529 148 53 since
1709 3528 349 69 publication
2103 3530 63 48 of

167 3608 320 56 Oklahoma
540 3612 256 64 statutes,
849 3613 148 49 1931.
1075 3611 173 66 Fully
1300 3605 324 59 annotated.
1703 3603 298 71 Compiled
2054 3605 107 52 and

169 3687 308 54 annotated
510 3689 73 65 by
621 3689 60 54 C.
715 3690 90 53 IV.
843 3690 129 52 Van
1008 3690 189 52 Eaton
1234 3687 111 53 and
1380 3684 253 58 Richard
1672 3685 59 54 C.
1768 3684 151 65 Hoy.
167 3671 1971 159 Oklahoma
373 3767 154 66 City,
566 3766 150 65 Okl.,
754 3767 239 53 Harlow
1031 3765 335 71 publishing
1402 3779 296 53 company,
1738 3764 147 50 1934.

237 3839 97 47 xix,
364 3839 86 42 886
476 3851 41 36 p.
575 3840 58 39 26
634 3842 43 20 cm
684 3873 7 7 .

171 3892 50 52 ©
248 3897 108 40 Feb.
384 3896 68 47 23,
479 3895 139 46 1934;
648 3897 64 38 2c.
741 3897 94 39 and
862 3895 82 42 aff.
971 3898 122 38 Mar.
1120 3897 52 45 2;
1200 3896 41 38 A
1267 3893 169 46 70439;
1466 3892 200 42 Harlow
1694 3891 107 48 pub.
1830 3900 65 29 co.
