2350 4196
1193 4008 126 48 1586

259 384 210 64 Bauer,
500 384 173 62 John,
707 387 168 50 1881-

324 459 203 54 Public
551 459 196 68 utility
771 460 294 53 valuation
1091 460 90 53 for
1207 477 271 50 purposes
1504 458 63 54 of
1591 463 119 49 rate
1735 460 234 65 control,
1995 460 72 65 by
2092 459 155 54 John

260 540 185 50 Bauer
483 580 53 7 ...
576 538 109 51 and
720 537 306 52 Nathaniel
1060 537 147 54 Gold
1248 583 54 7 ...
1382 537 136 51 New
1554 536 177 67 York,
1764 536 119 53 The
1916 537 331 52 Macmillan

258 632 294 50 company,
585 617 149 49 1934.

327 688 118 47 xxii,
472 689 86 39 477
587 699 42 37 p.
688 688 56 39 22
747 690 45 21 cm
797 721 7 7 .

335 744 288 40 “Published
664 745 152 39 under
857 745 81 39 the
978 744 219 47 auspices
1239 744 49 39 of
1327 744 81 39 the
1450 742 246 41 Columbia
1743 743 267 47 university
2053 743 192 41 Council

260 802 76 39 for
368 802 224 38 research
625 801 48 38 in
706 802 80 39 the
818 800 148 41 social
999 801 222 40 sciences.
1256 801 163 38 James
1452 799 48 40 C.
1535 799 281 48 Bonbright,
1849 799 304 47 editor."—p.
2206 812 25 27 [v]

332 857 245 41 “Selected
614 854 363 51 bibliography";
1042 867 41 37 p.
1118 856 214 39 467-468.
1399 856 175 39 “Table
1609 855 50 40 of
1692 865 134 30 cases
1860 856 152 39 cited”;
2076 867 28 36 p
259 856 1991 97 469-471.

265 967 51 50 ©
343 970 100 41 Oct.
471 969 67 40 30.
567 970 113 39 1934;
737 970 64 39 2c.
832 971 94 37 and
957 969 80 41 aff.
1068 968 99 40 Oct.
1197 970 53 37 31;
1309 969 38 36 A
1379 968 139 39 76855;
1580 969 279 38 Macmillan
1888 979 65 29 со.

341 1025 278 48 (34-39697)

262 1100 185 64 Berle,
481 1099 179 54 Adolf
693 1101 330 63 Augustus,
1060 1103 168 49 1895-

332 1177 210 68 Liquicl
585 1176 195 53 claims
824 1177 111 52 and
978 1176 255 53 national
1277 1176 233 66 wealth;
1559 1195 71 33 an
1673 1176 365 67 exploratory
2083 1177 130 52 study

260 1256 58 51 in
348 1255 95 52 the
474 1254 199 67 theory
705 1254 64 52 of
798 1255 288 67 liquidity,
1219 1254 187 51 Adolf
1433 1254 71 51 A.
1537 1254 184 67 Berle,
1750 1254 71 67 jr.
1854 1255 112 52 and
1995 1255 257 52 Victoria

258 1333 55 53 J.
355 1333 300 52 Pederson.
732 1332 138 53 New
910 1332 179 60 York,
1130 1332 118 51 The
1288 1331 332 53 Macmillan
1660 1350 296 49 company,
1997 1336 149 48 1934.

330 1407 96 46 xvi,
458 1406 86 40 248
571 1417 41 36 p.
675 1405 178 49 diagrs.
913 1406 143 39 22½cm.

334 1463 162 39 “Done
528 1465 52 37 at
612 1464 82 38 the
722 1462 115 39 Law
868 1463 162 40 school
1061 1463 50 39 of
1143 1461 248 42 Columbia
1422 1462 283 48 university,
1739 1464 152 38 under
1922 1463 81 40 the
2034 1462 220 48 auspices

262 1521 50 38 of
338 1521 80 39 the
444 1519 249 41 Columbia
719 1519 271 47 university
1016 1519 197 40 Council
1236 1519 78 39 for
1339 1518 225 40 research
1589 1519 49 38 in
1663 1520 82 39 the
1769 1518 149 41 social
1942 1517 314 42 sciences.”—

305 1595 89 31 p. [v]
332 1632 349 48 Bibliography;
740 1643 41 37 p.
811 1630 214 42 239-244.

268 1686 51 50 ©
347 1691 117 39 Nov.
490 1690 68 46 13,
585 1688 115 41 1934;
758 1689 63 39 2c.
853 1688 93 39 and
976 1688 79 40 aff.
1085 1689 116 38 Nov.
1230 1689 54 37 14;
1343 1689 36 37 A
1411 1688 142 40 78074;
1612 1690 277 38 Macmillan
1922 1702 63 27 со.
345 1746 278 47 (34-39701)

271 1821 114 59 Bie,
415 1821 276 55 Richard.

332 1897 207 55 Stefan
597 1896 238 70 George,
895 1897 209 53 richter
1162 1899 97 51 der
1319 1897 356 53 zeit-künder
1736 1899 94 51 des
1889 1898 197 53 reichs.
2147 1918 108 34 von

266 1976 254 52 Richard
550 1977 120 52 Bie.
747 1977 215 65 Berlin,
992 1979 46 49 F
1044 1977 338 67 rundsberg-
1388 1978 197 67 verlag
1612 1996 50 49 g.
1692 1996 72 36 m.
1794 1978 51 51 b.
1874 1978 54 51 h.
1965 1981 169 63 [1934]

336 2050 68 47 56,
433 2050 54 49 [1]
516 2060 42 37 p.
613 2048 55 41 19
670 2052 45 20 cm
721 2081 7 7 .
795 2049 275 49 (Half-title;
1118 2049 90 40 Die
1235 2050 231 40 deutsche
1494 2049 367 48 Innerlichkeit)

270 2103 51 50 ©
363 2108 125 38 June
529 2108 67 38 20.
640 2106 139 42 1934;
825 2108 65 38 1c.
936 2107 99 39 Oct.
1082 2107 24 37 2;
1178 2107 308 47 A-Foreign
1531 2108 142 40 25852;
1747 2108 507 47 Frundsberg-verlag.

337 2175 39 33 g.
410 2175 57 29 m.
533 2194 5 7 b.
570 2165 43 37 h.
685 2163 278 46 (34-40117)

272 2238 340 66 Bonsirven,
641 2238 238 65 Joseph.

340 2360 53 8 ...
431 2318 106 53 Les
568 2317 148 52 idées
745 2315 182 68 juives
961 2336 69 33 au
1062 2322 180 61 temps
1274 2318 67 51 de
1373 2318 500 67 Notre-Seigneur,
1904 2337 105 48 par
2041 2319 213 67 Joseph

265 2392 333 68 Bonsirven,
658 2438 8 8 S.
732 2437 8 8 J.
823 2394 200 67 [Paris]
1056 2395 186 52 Bloud
1269 2398 45 49 &
1340 2395 129 68 Gay
1499 2400 170 63 [1934]

339 2468 25 37 2
401 2476 43 37 p.
518 2500 7 7 l.,
569 2465 173 50 [7]-220
781 2477 41 37 p.
884 2466 115 40 19cm.
1069 2465 362 50 (Bibliothèque
1469 2468 274 48 catholique
1781 2469 83 39 des
1904 2469 209 39 sciences
264 2469 1976 101 religieuses)

340 2581 333 39 "Indications
699 2580 470 48 bibliographiques”;
1226 2592 40 37 p.
1297 2581 156 42 14-18.

272 2633 51 50 ©
350 2638 110 46 Apr.
488 2637 67 39 25.
582 2637 113 40 1934;
810 2672 6 6 1c.
844 2638 113 45 July
985 2637 54 38 30;
1095 2639 98 36 A-
1198 2638 203 47 Foreign
1430 2638 143 39 25175;
1632 2641 153 38 Bloud
1815 2642 34 38 &
1986 2673 6 5 Gay.
350 2693 277 47 (34-39545)

268 2752 250 66 Boyton,
548 2756 151 63 Neil,
733 2759 170 49 1884-

337 2831 120 53 The
501 2833 215 52 blessed
767 2832 190 55 friend
1005 2834 62 51 of
1111 2836 193 64 youth.
1352 2836 164 55 Saint
1563 2838 152 53 John
1766 2840 196 64 Bosco,
2007 2838 72 65 by
2130 2837 123 53 Neil

265 2909 242 68 Boyton,
564 2954 7 7 S.
637 2955 7 7 J.;
705 2911 138 53 with
868 2930 28 33 a
924 2911 282 55 foreword
1234 2914 72 65 by
1332 2915 149 52 Hon.
1509 2915 209 52 Alfred
1745 2917 65 51 E.
1840 2916 203 54 Smith.
2120 2916 134 51 Rev.

265 3003 82 33 ed.
424 2987 137 52 New
590 2988 178 58 York,
797 2989 119 52 The
944 2989 332 53 Macmillan
1304 3009 294 51 company,
1630 2997 149 49 1934.

338 3058 84 40 219
452 3069 41 36 p.
555 3060 147 40 front.
763 3061 144 39 20½cm.

274 3112 50 50 ©
356 3116 101 40 Oct.
484 3118 68 38 30.
583 3116 112 41 1934;
754 3120 64 38 2c.
852 3120 92 37 and
976 3118 78 39 aff.
1090 3119 99 39 Oct.
1219 3122 48 38 31;
1334 3123 42 37 A
1405 3122 141 40 76852;
1607 3123 279 38 Macmillan
1918 3135 64 26 со.
352 3172 277 48 (34-39546)

271 3231 241 67 Carroll,
549 3236 178 64 Ruth,
763 3240 169 49 1899-

341 3311 226 51 Bounce
613 3313 111 51 and
773 3313 95 53 the
911 3314 254 68 bunnies,
1209 3316 72 66 by
1328 3317 157 51 Ruth
1537 3316 239 54 Carroll.
1896 3318 133 49 [New
2081 3317 175 64 York]

269 3386 220 65 Reynal
515 3389 46 50 &
589 3388 337 70 Hitchcock,
955 3391 106 54 inc.
1096 3425 13 34 [
1113 3398 18 22 c
1136 3395 150 64 1934]

340 3459 84 50 [48]
461 3470 41 37 p.
564 3460 127 41 illus.
721 3461 134 49 (part
889 3464 111 45 col.)
1072 3464 113 40 26cm.

341 3515 287 41 Illustrated
656 3520 95 44 t.-p.
780 3521 94 38 and
903 3520 345 46 lining-papers
1276 3522 48 38 in
1353 3523 167 39 colors.

274 3565 53 51 ©
363 3570 116 40 Nov.
518 3573 38 45 1,
594 3572 139 47 1934;
774 3574 66 42 2c.
877 3576 115 38 Nov.
1033 3577 24 38 5;
1125 3576 80 40 aff.
1246 3577 115 39 Nov.
1402 3577 53 39 19;
1524 3579 37 37 A
1603 3579 140 40 78363;
1812 3579 52 37 R.
1904 3578 202 45 Carroll,
2144 3578 112 38 New

340 3627 142 39 York.
554 3628 278 50 (34-39749)

270 3685 323 70 Chalmers,
621 3692 222 54 Robert
875 3694 185 64 Scott,
1093 3697 170 49 1882-

337 3763 118 53 The
495 3767 292 53 Christian
825 3770 103 53 life
969 3770 63 54 of
1070 3769 167 60 faith,
1273 3774 142 64 love,
1452 3776 112 50 and
1601 3775 143 64 duty
1787 3817 54 7 ...
1883 3774 72 64 by
1991 3774 93 49 the
2120 3773 135 51 Rev.

265 3839 209 55 Robert
506 3843 55 55 S.
596 3845 293 55 Chalmers
927 3894 54 8 ...
1065 3847 356 57 Milwaukee,
1453 3850 158 55 Wis..
1642 3852 337 50 Morehouse
263 3849 1973 132 publishing
390 3937 95 44 со.,
517 3925 147 50 1934.
