2350 4196
1108 4005 97 50 693

179 356 316 66 Michigan.
569 361 277 65 Supreme
884 366 172 47 court.

246 434 1928 70 Michigan reports. Cases decided … May 16 to June 29,
180 510 149 54 1933.
405 513 253 53 Richard
705 516 88 54 W.
845 516 236 66 Cooper,
1127 519 144 49 state
1318 519 271 62 reporter,
1666 531 50 38 v.
1763 517 117 49 263.
1958 518 85 49 1st
2089 516 84 52 ed.

178 591 268 68 Chicago,
478 592 321 68 Callaghan
832 594 112 51 and
976 610 293 50 company,
1303 595 149 49 1934.

251 665 171 47 xxxiii,
451 665 87 40 783
564 677 42 36 p.
662 666 114 40 23cm.

185 718 51 51 ©
269 723 124 39 June
424 722 69 47 20,
525 722 140 47 1934;
701 723 66 39 2c.
798 724 94 38 and
925 722 81 40 aff.
1041 722 125 39 June
1196 722 82 46 22;
1314 722 41 38 A
1387 720 143 41 72956;
1594 721 168 39 Frank
1792 722 57 40 D.
1884 722 291 48 Fitzgerald,

250 781 245 45 secretary
522 779 51 40 of
597 781 131 38 state
751 780 79 39 for
856 781 81 38 the
963 781 130 38 state
1117 778 50 40 of
1192 777 260 49 Michigan,
1479 778 228 47 Lansing,
1736 778 141 40 Mich.

181 882 293 55 Missouri.
548 885 184 66 Laws,
761 890 255 61 statutes,
1046 890 98 46 etc.

245 960 270 53 Missouri
564 966 237 48 statutes
852 961 322 52 annotated.
1258 964 346 49 Permanent
1651 961 83 51 ed.
1819 962 156 66 May,
2025 964 150 64 1934,

177 1038 344 53 cumulative
556 1041 313 66 pamphlet.
943 1039 350 68 Containing
1328 1040 96 51 the
1458 1039 135 52 laws
1631 1038 64 54 of
1731 1058 30 33 a
1798 1043 229 63 general
2063 1040 112 52 and

176 1123 337 61 permanent
545 1124 202 46 nature
781 1118 63 52 of
879 1120 95 51 the
1010 1117 130 53 57th
1175 1118 245 55 General
1457 1117 276 68 assembly
1769 1123 161 47 extra
1966 1119 210 52 session

177 1199 56 47 to
280 1196 260 67 January
592 1200 80 64 11,
721 1199 151 64 1934,
920 1196 139 52 with
1108 1196 362 51 annotations
1518 1195 332 68 construing
1897 1197 95 52 the
2038 1198 136 53 laws

179 1273 1998 69 and with cumulative tables and index … St. Paul, West
176 1351 335 69 publishing
544 1371 77 33 co.;
687 1354 225 51 Kansas
947 1352 151 67 City,
1132 1353 232 52 Vernon
1396 1352 109 52 law
1538 1352 148 52 book
1719 1371 78 35 co.
1913 1356 117 63 [c1934]

252 1426 88 40 260
364 1437 41 37 p.
462 1427 146 39 23½cm.

183 1479 51 51 ©
265 1485 112 45 May
407 1484 69 46 18,
507 1484 140 46 1934;
679 1484 67 40 2c.
776 1484 128 38 June
932 1483 81 46 20;
1046 1482 82 40 aff.
1159 1482 125 39 June
1315 1482 81 47 21;
1430 1482 40 38 A
1501 1482 170 47 72905;
1705 1483 193 39 Vernon
1928 1484 94 38 law
2054 1483 123 40 book

250 1552 65 28 co.
343 1541 94 39 and
462 1541 134 39 West
621 1541 107 47 pub.
756 1551 65 29 co.

177 1630 239 66 Morrill,
444 1632 249 53 Warren
722 1632 189 63 Pearl,
944 1632 170 54 1877-

246 1706 1867 69 The hospital manual of operation, by Warren P. Morrill …
176 1785 137 52 New
343 1785 179 68 York,
550 1785 278 53 Lakeside
855 1785 334 69 publishing
1217 1802 281 52 company
1532 1787 192 64 [c1934]

247 1857 824 50 xi p., 2 l., 315 p. illus. 23½cm.
250 1914 235 41 “General
530 1915 364 47 bibliography”;
968 1924 44 38 p.
1058 1913 201 41 301-305;
1336 1913 338 48 bibliography
1722 1916 52 38 at
1821 1915 92 40 end
1960 1914 53 40 of
2057 1915 118 40 each

178 1971 213 47 chapter.

181 2025 50 52 ©
261 2030 111 47 Apr.
400 2030 67 41 18.
496 2030 114 39 1934;
667 2030 65 40 2c.
762 2031 94 38 and
885 2029 80 40 aff.
995 2030 112 47 May
1133 2029 82 40 29:
1246 2029 41 38 A
1312 2028 170 48 72532;
1514 2029 239 40 Lakeside
1780 2029 110 48 pub.
1919 2039 67 31 co.

258 2087 280 49 (34-15238)

175 2178 234 52 Mother
440 2178 206 56 Goose.

243 2255 120 53 The
393 2254 292 68 “pop-up”
713 2254 229 53 Mother
972 2254 208 68 Goose;
1214 2254 139 53 with
1384 2253 292 69 “pop-up”
1704 2254 382 54 illustrations
2115 2254 61 54 in

176 2334 108 52 full
312 2333 152 53 color
489 2333 75 68 by
592 2333 225 53 Harold
847 2335 66 51 B.
941 2334 194 51 Lentz.
1209 2332 139 53 New
1376 2333 181 66 York,
1584 2333 146 51 Blue
1755 2332 202 53 ribbon
1984 2333 192 67 books,

172 2413 105 53 inc.
321 2415 192 64 [c1933]

246 2486 56 40 96
329 2497 43 37 p.
401 2488 110 39 incl.
539 2487 164 47 front.,
734 2487 129 40 illus.
892 2485 136 49 (part
1054 2486 112 47 col.)
1369 2519 9 9 22½cm.

248 2545 287 38 Illustrated
565 2543 349 48 lining-papers
946 2544 50 39 in
1027 2545 167 39 colors.

181 2596 51 51 ©
269 2600 101 40 Oct.
405 2601 67 46 15,
510 2601 140 42 1933;
687 2601 66 39 2c.
789 2601 114 47 Apr.
938 2601 39 47 9,
1012 2601 139 40 1934;
1189 2600 82 40 aff.
1308 2601 128 39 June
1468 2602 52 46 7;
1559 2600 41 39 A
1636 2600 169 47 71995;
1845 2600 124 41 Blue
2005 2599 170 40 ribbon

246 2658 160 46 books,
448 2657 90 40 inc.
604 2652 67 54 [©
716 2658 140 39 black
900 2658 94 39 and
1037 2657 147 41 white
1226 2656 344 48 illustrations,
1615 2658 190 39 colored
1849 2657 91 39 end
1984 2665 189 39 papers,

246 2716 190 38 colored
476 2725 176 37 pop-up
691 2714 342 47 illustrations,
1074 2715 60 46 by
1175 2714 187 40 Harold
1403 2714 53 40 B.
1497 2713 150 40 Lentz
1686 2715 97 39 and
1823 2712 256 41 selections
2120 2723 54 29 as

250 2773 240 46 arranged
519 2772 60 47 by
610 2772 133 39 Ruth
774 2771 145 48 Lane]
992 2770 277 48 (34-15308)

174 2863 276 52 National
480 2879 279 47 congress
786 2862 63 53 of
877 2865 246 60 parents
1148 2862 112 53 and
1288 2862 293 55 teachers.

246 2940 123 55 Our
398 2940 193 67 public
622 2941 234 52 schools.
930 2940 401 67 Washington,
1364 2940 72 53 D.
1470 2938 82 67 C.,
1583 2938 122 54 The
1737 2937 275 53 National
174 2955 1974 132 congress

356 3019 64 52 of
446 3023 234 63 parents
705 3018 112 53 and
846 3019 251 52 teachers
1205 3021 118 64 [c1934]

241 3092 63 45 ix,
330 3092 86 41 208
442 3103 42 37 p.
546 3092 126 40 illus.
702 3091 130 48 (incl.
860 3091 148 48 port.)
1044 3090 151 49 cliagr.
1256 3093 144 39 16½cm.

245 3149 128 40 “The
406 3149 225 47 chapters
667 3148 50 39 in
753 3147 97 41 this
886 3148 189 43 volume
1110 3158 125 30 were
1268 3148 198 40 written
1502 3149 61 46 by
1599 3148 145 40 noted
1781 3148 257 39 educators
2075 3148 94 38 and

174 3207 187 39 leaders
391 3206 50 38 in
470 3205 256 40 American
755 3203 121 41 civic
903 3204 89 39 life
1023 3205 94 39 and
1148 3204 234 48 compiled
1414 3205 152 39 under
1598 3204 80 40 the
1711 3205 107 39 able
1850 3204 237 40 direction
2118 3203 52 40 of

224 3260 1204 43 … Miss Chari Ormond Williams.”—Foreword.
243 3321 224 38 Includes
494 3316 390 50 bibliographies.

177 3372 54 51 ©
266 3378 115 45 May
415 3377 39 45 8,
492 3374 140 47 1934;
671 3374 65 39 2c.
774 3374 126 39 June
935 3374 52 46 7;
1026 3372 81 41 aff.
1146 3374 125 40 June
1307 3374 51 47 6;
1398 3374 42 38 A
1475 3373 170 48 721669;
1686 3373 130 41 Natl,
1856 3382 225 37 congress
2119 3371 51 40 of

241 3436 198 45 parents
473 3433 94 38 and
598 3432 232 39 teachers.
904 3429 278 49 (34-15282)

168 3523 143 53 New
344 3523 162 52 York
540 3522 376 66 supplement.
993 3520 167 54 Cases
1194 3521 215 67 argued
1444 3521 113 51 and
1592 3520 352 52 determined
1977 3519 59 51 in
2071 3518 96 50 the

240 3599 180 53 Court
459 3600 63 51 of
562 3600 250 67 appeals,
856 3599 274 66 Supreme
1172 3600 110 51 and
1322 3600 171 51 lower
1532 3602 187 49 courts
1762 3596 63 53 of
1865 3596 197 53 record
2103 3594 63 53 of

236 3678 138 52 New
427 3677 163 54 York
640 3683 160 61 state,
852 3676 140 52 with
1042 3677 107 67 key
1197 3678 238 51 number
1488 3676 379 52 annotations,
1943 3691 49 34 v.
2045 3675 118 52 268.

236 3755 518 68 January-March,
790 3758 147 48 1934.
1018 3754 81 54 St.
1134 3757 161 66 Paul,
1325 3758 162 52 West
1515 3754 336 68 publishing
1882 3771 96 48 co.,
2012 3754 150 48 1934.

237 3830 133 47 xxxi,
398 3828 127 47 1023,
559 3829 98 49 [37],
687 3828 53 40 55
769 3839 41 37 p.
868 3828 144 40 23½cm.

172 3882 50 52 ©
253 3889 113 45 May
394 3886 69 46 29,
493 3886 140 41 1934;
666 3885 66 39 2c.
762 3885 129 39 June
913 3884 83 47 20;
1028 3884 81 41 aff.
1140 3885 125 40 June
1294 3885 82 46 21;
1409 3885 40 37 A
1479 3883 169 45 72923;
1682 3883 134 40 West
1845 3881 108 48 pub.
1984 3891 66 29 co.
