2350 4196
1151 3987 133 48 1134

212 378 202 65 Gould,
445 380 226 62 Rupert
699 378 273 57 Thomas,

288 454 120 51 The
444 454 154 51 Loch
636 453 139 53 Ness
812 460 248 46 monster
1099 453 111 52 and
1249 453 188 51 others
1503 452 70 68 [by]
1637 451 346 53 Lt.-Comdr.
2028 453 64 52 R.
2136 453 65 51 T.

218 530 1068 67 Gould … London, G. Bles [1934]
287 603 81 47 xii,
398 603 86 40 228
512 613 44 37 p.
615 603 161 46 front.,
810 603 141 47 illus.,
983 604 168 46 plates.
1211 601 143 40 22½cm.

287 658 138 48 Maps
458 670 59 29 on
551 659 359 47 lining-papers.

223 714 1963 106 © 1c. Aug. 15, 1934: A ad int. 19277 : pubd. June 20; B. T. Gould, Downside. Woodfield. Asbstead, Surrey. England. (34-29876)
214 861 246 54 Goulding,
552 864 221 53 Robert
804 865 132 63 Lee,
971 866 170 49 1892-

219 939 1959 225 … The development of teacher training in Florida, by Robert Lee Goulding … Nashville, Tenn., George Peabody college for teachers. 1934.
294 1170 56 39 10
385 1179 42 36 p.
487 1169 116 39 23cm.
673 1169 225 48 ([George
935 1168 222 47 Peabody
1190 1168 179 46 college
1405 1166 77 40 for
1521 1168 234 46 teachers,
1792 1167 266 50 Nashville]
225 1169 1965 96 Abstract
405 1228 51 37 of
484 1225 338 41 Contribution
848 1228 48 37 to
921 1225 268 47 education,
1215 1235 74 29 no.
1317 1224 108 47 129)

297 1282 229 40 Abstract
566 1284 51 37 of
657 1283 153 39 thesis
862 1284 105 46 (PH,
1043 1282 102 46 D.)—
1149 1281 180 47 George
1371 1282 224 46 Peabody
1637 1282 176 47 college
1854 1281 78 40 for
1974 1284 232 43 teachers,

225 1337 127 46 1933.

227 1393 51 51 ©
316 1399 117 45 Aug.
472 1397 38 40 3.
548 1396 139 40 1934:
726 1398 66 39 2c.
829 1398 119 46 Aug.
985 1397 56 38 16
1059 1408 8 27 :
1107 1396 79 39 aff.
1225 1397 118 46 Aug.
1383 1396 24 39 6;
1474 1397 42 37 A
1555 1397 140 39 74555
1715 1408 7 28 :
1766 1396 180 48 George
1985 1396 223 48 Peabody

294 1456 176 45 college
504 1454 78 38 for
618 1454 233 39 teachers.
922 1452 277 49 (34-29852)

222 1543 308 63 Guaranty
560 1546 160 49 trust
752 1558 302 48 company,
1085 1545 137 50 New
1255 1543 175 52 York.

292 1617 137 52 New
471 1617 161 52 York
672 1622 176 48 estate
882 1624 98 46 tax
1018 1619 127 65 law,
1185 1617 198 53 article
1423 1617 139 54 10-C
1606 1617 62 53 of
1708 1618 95 53 the
1842 1622 99 47 tax
1982 1619 128 67 law,
2151 1636 60 34 as

224 1694 1987 63 amended … [New York, etc.] Guaranty trust company of New
226 1772 160 52 York
423 1776 191 63 [c1934]

294 1845 53 38 71
383 1856 41 36 p.
486 1846 114 38 17cm.

229 1900 1980 51 © July 18. 1934: 2c. Aug. 29: aff. Sept. 15 : A 75102: Guaranty trust co.
300 1961 50 38 of
382 1962 116 37 New
531 1961 140 38 York.
749 1959 275 48 (34-29511)

223 2047 316 67 Hamilton,
574 2049 206 53 Edwin
812 2048 295 66 Timothy,
1143 2054 168 48 1898-

297 2128 192 51 Prizes
541 2129 111 51 and
702 2134 252 60 presents
1004 2146 166 49 every
1219 2129 113 67 girl
1383 2147 103 33 can
1534 2129 180 65 make,
1764 2130 75 65 by
1888 2129 209 51 Edwin
2146 2130 63 50 T.

231 2205 326 66 Hamilton;
594 2206 325 51 illustrated
955 2206 74 67 by
1066 2205 68 54 G.
1173 2206 158 51 Ruth
1369 2207 230 67 Taylor.
1672 2207 138 51 New
1847 2207 179 66 York,
229 2208 1959 127 Harcourt.
436 2285 178 49 Brace
645 2283 110 51 and
786 2301 278 48 company
1116 2286 170 63 [c1934]

301 2354 1134 49 xxi p., 1 l., 257 p. incl. front., illus. 23½cm.
234 2409 50 51 ©
318 2416 118 41 Aug.
467 2413 67 45 23,
567 2412 138 39 1934:
741 2412 64 39 2c.
841 2414 94 37 and
969 2412 79 40 aff.
1082 2413 116 47 Aug.
1232 2414 55 39 25;
1349 2415 39 37 A
1423 2415 141 39 74650;
1628 2417 50 37 E.
1715 2417 48 37 T.
1799 2416 265 48 Hamilton,
2098 2418 118 39 New

300 2471 143 38 York.
514 2468 277 47 (34-27250)

226 2561 293 63 Hannum,
550 2562 137 50 Mrs.
720 2560 246 52 Alberta
996 2559 260 57 Pierson.

297 2636 1915 67 The hills step lightly, by Alberta Pierson H annum. New
229 2713 176 54 York.
433 2714 88 53 W.
549 2713 250 51 Morrow
825 2714 45 50 &
897 2731 77 33 co.,
1024 2716 149 50 1934.

303 2773 720 60 4 p. l., 3-280 p., 1 l. 19½cm.
235 2839 51 51 ©
312 2845 116 45 Aug.
455 2844 67 39 28.
548 2842 139 41 1934:
715 2842 65 40 2c.
808 2844 94 38 and
928 2843 80 40 aff.
1039 2843 126 48 Sept.
1191 2844 80 47 20;
1299 2846 41 38 A
1367 2846 168 40 75441:
1562 2847 53 38 A.
1643 2848 48 37 P.
1721 2848 243 47 Hannum,
305 2848 1892 97 Moundsville,
525 2931 6 6 W.
564 2900 87 39 Va.
721 2898 276 48 (34-27268)

229 2974 217 63 Hayes,
477 2974 302 64 Marjorie.

300 3052 119 51 The
454 3051 148 53 little
637 3052 171 51 house
841 3070 70 33 on
947 3052 219 62 wheels,
1200 3053 74 67 by
1308 3055 277 66 Marjorie
1620 3058 222 66 Hayes;
1882 3056 139 52 with
229 3057 1960 123 illustrations
531 3129 74 65 by
666 3130 219 66 George
947 3130 110 51 and
1118 3131 170 53 Doris
1348 3133 286 52 Hanman.
1728 3137 233 64 Boston,
2021 3136 194 65 Little,

231 3207 227 56 Brown,
487 3207 111 52 and
627 3224 294 50 company,
952 3210 147 50 1934.

309 3276 81 41 xii,
420 3276 82 40 235
529 3287 40 36 p.
596 3277 109 38 incl.
733 3275 162 49 front.,
923 3277 140 47 illus.,
1093 3279 168 46 plates.
1317 3281 114 41 21cm.

309 3334 137 45 Maps
474 3343 60 28 on
559 3333 360 46 lining-papers.

239 3390 50 50 ©
325 3394 125 46 Sept.
482 3395 36 38 7.
551 3392 111 40 1934
681 3404 7 27 :
722 3392 62 40 2c.
819 3394 93 38 and
945 3392 80 40 aff.
1061 3393 124 47 Sept.
1218 3396 51 37 11
1290 3407 7 28 :
1333 3398 40 37 A
1405 3396 141 40 75245;
1609 3400 62 38 M.
1704 3400 177 46 Haves,
1917 3399 298 48 Cambridge,

306 3451 144 38 Mass.
524 3448 276 48 (34-29563)

233 3523 283 64 Bestand,
548 3523 188 52 David
767 3524 135 62 Mal,
935 3528 168 48 1887-

311 3599 1906 71 Cancer; its cause, its cure, by David M. Hestand … Houston,
243 3677 152 67 Tex.,
424 3677 119 52 The
573 3677 258 52 Hestand
864 3677 181 67 clinic,
1077 3681 147 51 1934.

309 3748 54 38 56
392 3758 41 37 p.
490 3747 127 39 illus.
647 3747 169 47 (port.)
882 3748 143 40 19½cm.

311 3805 69 38 On
414 3814 137 29 cover
570 3816 7 27 :
611 3804 113 39 1934
753 3805 186 39 revised
971 3805 192 40 edition.

241 3861 50 50 ©
318 3865 126 39 June
469 3865 67 45 16,
564 3863 139 40 1934:
732 3864 63 40 2c.
825 3866 94 37 and
946 3864 82 40 aff.
1055 3865 114 46 July
1196 3866 24 39 6;
1278 3868 39 38 A
1344 3868 167 47 73305;
1542 3870 55 40 D.
1627 3872 60 37 M.
1716 3871 235 40 Hestand.
1980 3871 236 38 Houston.

320 3919 277 49 (34-20594)
