2350 4296
1115 3999 27 45 1

158 358 242 64 Agnew,
429 357 156 52 Kate
616 357 67 55 E.

226 426 1929 78 Baby animals on the farm, by Kate E. Agnew … and
156 505 1634 76 Margaret Coble … illustrated by Bernice Oehler.
152 507 2001 152 Yonkers-on-Hudson, N. Y., World book company [ c 1933]
257 695 7 11 v.
305 684 70 29 [1],
413 664 83 39 153
533 673 42 37 p.
642 664 85 39 col.
766 663 126 39 illus.
959 661 114 40 19cm.

157 717 51 51 ©
236 722 110 38 Dec.
375 720 70 47 28,
473 720 140 46 1933;
643 719 67 40 2c.
741 721 96 38 and
940 752 8 7 aff.
976 719 110 40 Jan.
1115 719 40 38 2,
1183 718 142 47 1934;
1357 720 40 36 A
1425 718 171 46 68699;
1627 717 169 41 World
1825 716 123 40 book
1975 728 69 29 co.

231 777 220 47 (34-481)

155 867 311 54 American
497 867 225 63 society
752 867 62 51 of
844 866 247 65 heating
1120 868 112 50 and
1265 865 358 65 ventilating
1654 866 331 64 engineers.

281 938 1871 77 … Guide, 1926-1929, containing design and specification
153 1023 135 50 data
318 1020 192 54 useful
541 1023 59 50 in
630 1021 97 54 the
757 1022 283 68 planning
1071 1022 112 51 and
1214 1023 388 51 construction
1635 1021 63 52 of
1727 1020 237 52 modern
152 1021 1976 147 heating

288 1101 111 52 and
435 1099 346 70 ventilating
815 1099 402 69 installations,
1254 1100 284 68 prepared
1574 1098 154 54 from
1763 1099 95 51 the
1895 1098 256 69 society’s

163 1178 408 69 Transactions,
599 1176 436 71 investigations
1064 1178 63 52 of
1153 1178 73 52 its
1253 1178 259 54 research
1539 1176 347 71 laboratory,
1916 1177 113 53 and
2055 1178 95 52 the

151 1256 247 68 practice
432 1257 63 51 of
530 1257 70 53 its
631 1256 293 67 members,
958 1257 259 68 together
1251 1255 139 55 with
1425 1275 28 32 a
1486 1254 481 56 manufacturers’
150 1262 1976 142 catalog

149 1330 1977 150 data section … and a consulting service section for engineers;
152 1409 1996 154 also the roll of membership of the society, with complete index of technical and catalog data. v. 5-7 … New
152 1569 175 69 York,
363 1570 308 53 American
706 1570 211 58 society
953 1571 63 50 of
1050 1570 236 68 heating
1325 1569 111 53 and
1473 1570 347 69 ventilating
1856 1570 292 70 engineers

170 1651 330 51 [ c 1926-1928]
215 1725 24 38 3
266 1732 41 31 v.
364 1722 141 47 illus.,
535 1721 179 49 diagrs.
745 1722 63 48 (v.
837 1723 38 46 5,
904 1721 29 40 6;
986 1723 23 37 1
1039 1721 143 47 fold.)
1247 1722 53 39 23
1305 1723 43 21 cm
1356 1755 6 6 .

215 1782 99 38 Vol.
344 1779 38 49 7,
415 1780 212 40 “Second
657 1778 260 50 printing".

147 1848 39 29 v.
219 1838 38 46 5,
294 1833 51 52 ©
379 1837 117 40 Nov.
527 1837 39 47 1,
600 1835 140 49 1920;
776 1847 40 28 v.
852 1836 37 41 6,
927 1832 50 51 ©
1013 1836 118 40 Nov.
1164 1837 37 46 1,
1236 1834 140 48 1927;
1414 1848 41 27 v.
1491 1837 38 46 7,
1567 1832 50 51 ©
1688 1846 75 30 Jan.
1799 1838 68 45 10,
1902 1836 141 49 1929;
2081 1838 66 39 2c.

214 1895 117 40 each
395 1905 75 30 Jan.
499 1894 40 47 3,
568 1894 140 46 1934;
741 1904 106 29 affs.
879 1893 109 41 Jan.
1018 1894 53 47 4;
1103 1894 40 39 A
1173 1892 346 49 68736-68738;
1553 1894 158 40 Amer.
1743 1905 92 30 soc.
1868 1895 50 39 of
1948 1892 200 49 heating

215 1953 96 38 and
336 1951 293 48 ventilating
651 1951 266 48 engineers.

149 2027 313 54 American
491 2026 258 66 surgical
777 2027 377 57 association.

213 2099 1929 81 Transactions … v. 51. Edited by Walter Estell Lee, M. D.
206 2179 1696 80 … [Philadelphia] Printed for The Association, 1933.
211 2260 63 45 xl,
306 2259 82 40 544
416 2268 43 37 p.
517 2258 126 39 illus.
673 2255 102 50 (incl.
837 2258 176 47 ports.)
1050 2257 177 48 diagrs.
1286 2258 117 41 26cm.

144 2312 50 51 ©
224 2316 109 39 Dec.
363 2315 68 47 29,
459 2315 141 46 1933;
629 2315 67 41 2c.
724 2316 94 38 and
848 2315 80 39 aff.
960 2314 108 41 Jan.
1097 2316 67 45 12,
1194 2314 140 49 1934;
1366 2317 40 38 A
1435 2316 170 49 67969;
1638 2317 187 41 Walter
1853 2318 153 41 Estell
2038 2319 104 45 Lee,

214 2371 355 50 Philadelphia.

142 2446 144 67 Bay,
315 2449 144 54 Jens
489 2446 324 68 Christian,
846 2450 172 51 1871-

212 2527 120 51 The
369 2526 181 69 Leigh
587 2526 169 54 Hunt
792 2526 295 54 collection
1124 2527 61 53 of
1220 2529 218 53 Luther
1473 2529 273 56 Albertus
1785 2533 246 68 Brewer,
2067 2533 74 67 by

138 2604 57 53 J.
244 2603 297 57 Christian
586 2605 144 67 Bay.
806 2604 187 55 Cedar
1095 2606 184 68 Rapids,
1360 2626 66 47 Ia.,
1472 2607 158 54 Priv.
1679 2610 174 66 print,
1905 2610 93 54 for
2046 2613 94 51 the

142 2681 218 54 friends
391 2682 64 54 of
486 2683 94 52 the
609 2683 186 53 Torch
826 2702 156 48 press
1014 2684 58 52 in
1102 2701 252 51 memory
1383 2687 64 51 of
1477 2686 218 53 Luther
1723 2687 272 57 Albertus
2027 2692 113 51 and

140 2759 233 53 Elinore
404 2761 214 67 Taylor
648 2762 230 52 Brewer
915 2762 138 66 [The
1085 2763 186 51 Torch
1302 2780 175 51 press]
1518 2768 150 52 1933.

210 2831 68 50 38,
312 2833 55 49 [1]
395 2843 42 39 p.
498 2833 145 40 19½cm.

213 2888 182 42 “Three
425 2891 221 39 hundred
674 2890 311 49 seventy-five
1017 2890 158 49 copies
1204 2890 238 50 printed.”

214 2945 271 49 Originally
517 2946 255 48 published
807 2957 53 29 as
894 2948 79 38 the
1004 2946 331 42 introduction
1368 2951 47 37 to
1449 2949 109 47 “My
1590 2949 150 49 Leigh
1772 2953 139 39 Hunt
1941 2954 198 50 library,

142 3002 229 41 collected
399 3003 95 40 and
521 3002 248 42 described
798 3003 59 47 by
884 3002 184 41 Luther
1095 3004 53 40 A.
1176 3003 240 42 Brewer”,
1479 3006 61 47 cf.
1567 3017 42 37 p.
1637 3007 38 41 5.

139 3051 1984 68 © Dec. 15, 1933 ; 1c. and aff. Dec. 18; 1c. Dec. 29; A 68091; Torch press
216 3117 221 49 (34-792)

137 3190 339 67 Beresford,
506 3192 155 53 John
689 3193 222 64 Davys,
943 3193 170 52 1873-

269 3262 1871 90 … The Camberwell miracle, by J. D. Beresford. London,
140 3344 83 54 W.
252 3345 380 69 Heinemann,
660 3346 102 53 ltd.
799 3349 172 64 [1933]

201 3422 25 38 3
256 3432 41 37 p.
361 3453 8 16 l.,
397 3422 86 40 327
511 3432 42 37 p.
611 3421 54 39 19
670 3424 42 20 cm
719 3453 8 7 .

138 3468 1981 65 © 1c. Jan. 3, 1934; A ad int. 18505 ; pubd. Nov. 6, 1933 ; J. D. Beresford
204 3534 252 48 Brighton,
496 3535 194 43 Sussex,
729 3535 237 47 England.
1037 3535 252 47 (34-1284)

206 3603 1910 89 The young people, by J. D. Beresford … New York, E. P
137 3687 222 52 Dutton
387 3690 46 51 &
461 3705 97 49 co.,
587 3688 106 50 inc.
730 3720 12 33 [
749 3692 15 19 c
771 3690 152 63 1934]

204 3760 85 40 270
320 3771 43 38 p.
425 3759 142 43 19½cm.

206 3817 163 40 “First
398 3815 228 43 edition.”

135 3871 50 51 ©
215 3876 107 39 Jan.
352 3876 38 41 2,
418 3874 140 46 1934;
588 3874 65 39 2c.
685 3873 94 40 and
808 3873 82 39 aff.
918 3872 110 41 Jan.
1057 3875 51 39 3;
1141 3873 40 39 A
1208 3872 170 51 68711;
1411 3876 43 40 J.
1485 3878 54 39 D.
1571 3879 264 48 Beresford
1880 3886 235 40 Briahtor

204 3931 191 48 Sussex,
432 3931 234 47 England.
738 3930 221 48 (34-332)
