2350 4196
1127 4005 132 50 1806

227 377 235 66 Nissen,
493 378 245 54 Henrik.
770 384 171 49 1864-

295 456 120 51 The
460 454 190 68 origin
693 454 64 52 of
797 455 98 52 the
931 473 186 48 moon,
1159 455 34 52 by
1274 455 228 51 Henrik
1542 454 221 54 Nissen.
1863 498 8 9 M.
1955 497 8 9 D.
223 456 1966 144 [Minneapolis]
541 532 156 52 Priv.

740 532 174 67 print.
962 531 327 70 [Augsburg
1328 531 334 69 publishing
1701 533 190 66 house,
1929 538 19 21 c
1953 534 151 65 1934]

298 606 86 40 156
411 617 43 37 p.
514 606 55 40 23
574 609 43 20 cm
623 639 7 8 .

229 673 52 52 ©
311 679 109 38 Dec.
451 679 69 45 14,
551 676 140 48 1934;
725 678 65 40 2c.
823 679 109 38 Dec.
965 677 81 47 22;
1081 677 79 41 aff.
1190 679 110 38 Dec.
1332 677 82 46 21;
1448 678 40 37 A
1521 676 168 48 77842;
1722 678 60 38 H.
1813 677 188 47 Nissen,
294 679 1905 103 Minneapolis.
533 734 219 48 (35-818)

224 837 304 53 Northern
554 839 238 63 Baptist
820 838 366 54 convention.
1264 837 371 64 Convention,
1663 841 149 49 1934.

294 916 115 53 For
431 918 135 50 such
588 934 28 33 a
640 916 135 52 time
800 935 59 34 as
882 916 141 66 this;
1052 916 287 52 addresses
1363 916 284 52 delivered
1669 915 195 52 before
1885 917 94 50 the
230 917 1957 131 Northern

373 992 231 68 Baptist
652 994 352 67 convention,
1048 995 247 66 meeting
1342 997 58 48 at
1442 993 323 56 Rochester,
1810 995 67 51 N.
1926 996 89 64 Y.,
2062 999 147 48 1934.

227 1070 423 69 Philadelphia,
679 1074 218 51 Boston
929 1078 136 61 [etc.]
1099 1073 120 51 The
1245 1072 224 53 Judson
1495 1090 157 48 press
1686 1076 169 62 [1934]

300 1143 25 40 5
351 1155 42 37 p.
457 1176 8 15 l.,
494 1144 143 40 3-119
665 1155 42 37 p.
768 1144 55 40 19
826 1147 43 20 cm
876 1177 7 8 .

299 1201 630 41 CONTENTS.—President’s
970 1201 212 46 address,
1221 1201 61 47 by
1320 1201 71 38 W.
1437 1200 42 40 S.
1519 1200 574 48 Abernethy.—Keynote
230 1203 1964 102 address,

417 1258 62 46 by
523 1257 47 43 C.
608 1257 71 40 W.
720 1256 661 49 Kemper.—Protestantism
1418 1257 78 39 for
1535 1259 117 37 such
1691 1267 26 29 a
1758 1257 114 39 time
1911 1268 53 29 as
2002 1259 111 46 this,
2152 1260 57 46 by

230 1315 42 40 J.
305 1315 71 40 W.
410 1315 458 47 Nixon.—Baptists
898 1315 78 39 for
1009 1316 118 39 such
1160 1325 25 29 a
1220 1314 116 39 time
1369 1325 54 28 as
1456 1313 110 47 this,
1602 1315 59 46 by
1695 1316 50 37 E.
1781 1316 61 38 M.
1875 1315 186 47 Poteat,
2093 1316 121 46 jr.-—

229 1372 100 38 The
359 1372 182 39 church
566 1372 78 38 for
674 1372 118 39 such
823 1383 25 28 a
881 1372 114 39 time
1025 1382 54 29 as
1108 1371 110 40 this,
1249 1372 60 46 by
1339 1371 60 40 K.
1431 1370 48 40 C.
1514 1372 590 47 Phillips.—Evangelism
2135 1373 77 37 for

228 1429 118 38 such
381 1439 26 28 a
444 1427 115 40 time
594 1438 53 29 as
683 1428 111 48 this,
828 1429 59 47 by
923 1432 52 37 A.
1011 1429 58 39 K.
1108 1429 56 39 de
1198 1428 535 46 Blois.—Temperance
1767 1428 77 39 for
1880 1429 118 39 such
2035 1441 24 27 a
2098 1431 115 38 time

229 1495 54 29 as
307 1484 110 49 this,
447 1487 61 45 by
532 1485 55 40 R.
613 1486 38 39 I.
676 1485 199 41 Wilson.

225 1553 51 51 ©
307 1556 99 41 Oct.
434 1557 68 40 30.
531 1556 140 47 1934;
702 1557 65 40 2c.
798 1559 95 38 and
922 1557 78 40 aff.
1032 1559 109 37 Dec.
1171 1557 80 38 24:
1283 1558 42 37 A
1352 1556 167 41 78660:
1553 1557 186 39 Judson
1768 1567 147 37 press.

309 1614 219 47 (35-763)

226 1714 181 67 Price,
434 1715 291 55 Warwick
753 1717 219 64 James,
1004 1719 322 61 1870-1933,
1360 1736 176 47 comp.

293 1792 265 55 Between
578 1792 236 69 friends,
837 1811 72 36 an
933 1793 309 67 anthology
1265 1812 70 33 on
1356 1794 94 51 the
1472 1793 182 53 oldest
1677 1792 112 52 and
1809 1799 147 47 most
1979 1790 236 55 difficult

225 1869 64 53 of
318 1869 95 53 the
447 1874 132 63 arts,
614 1869 278 68 compiled
925 1869 112 56 and
1072 1869 279 68 arranged
1382 1869 76 68 by
1487 1868 288 53 Warwick
1808 1869 191 54 James
2030 1869 179 55 Price.

223 1946 297 68 Privately
552 1946 189 54 issued
772 1946 76 69 by
878 1946 95 54 the
1008 1946 311 68 compiler’s
1355 1946 235 54 friends.
1672 1946 318 69 [Norwood,
2024 1947 181 68 Mass.,

225 2023 239 54 Printed
492 2023 74 69 by
594 2024 296 67 Plimpton
915 2041 173 51 press,
1117 2031 17 21 c
1139 2027 150 64 1934]

290 2097 525 49 vii, 84 p., 1 l. 22 cm .
294 2155 144 39 “This
476 2153 189 41 limited
704 2154 182 42 edition
927 2155 50 39 of
1016 2155 83 40 375
1141 2155 156 47 copies
1337 2156 89 39 has
1468 2156 116 40 been
1624 2156 228 47 designed
1892 2156 60 48 by
1995 2155 213 41 William

221 2213 139 38 Dana
395 2211 213 41 Orcutt”

294 2267 1833 49 “Copyright … by the Warwick James Price memorial committee.”
290 2325 129 40 Title
445 2324 171 40 within
646 2326 304 38 ornamental
978 2325 184 39 border.

223 2392 1988 52 © Dec. 20, 1934; 2c·. Dec 24: aff. Dec. 21; A 78647; Warwick James
289 2453 138 41 Price
450 2453 251 39 memorial
726 2453 285 46 committee,
1038 2451 351 49 Philadelphia.
1463 2453 219 48 (35-508)

219 2555 260 65 Reboux,
506 2556 163 64 Paul,
700 2556 170 54 1877-

219 2632 1987 143 … Une rude gaillarde; la Princesse palatine. [Paris] E. Flammarion [1934]
286 2781 690 51 ix, [11]-284 p., 1 l. 18½ cm .
220 2851 1930 52 © Sept. 6. 1934: 1c. Sept 20: A-Foreign 25606; Ernest Flammarion.
297 2911 219 49 (35-894)

220 3016 249 63 Renouf,
497 3017 223 61 Henry.

293 3092 201 68 Stamp
533 3093 315 67 collecting,
885 3091 74 68 by
993 3093 201 66 Henry
1236 3093 242 53 Renouf.
1562 3095 154 64 [New
1754 3094 179 66 York]
1975 3095 230 52 Leisure

220 3174 194 64 league
442 3170 64 53 of
530 3171 281 53 America.
842 3175 148 48 1934.

289 3245 67 39 87.
385 3245 53 48 [1]
465 3254 43 37 p.
568 3243 126 40 illus.
757 3243 55 40 20½
845 3244 42 22 cm
893 3274 7 8 .
995 3243 272 46 (Half-title:
1291 3243 199 41 Leisure
1514 3245 169 47 league
1707 3243 128 40 little
1860 3243 134 47 book,
2019 3253 73 30 no.
2117 3244 80 45 14)

290 3300 347 48 Bibliography:
692 3310 42 37 p.
762 3301 69 39 87.

221 3368 51 51 ©
298 3373 115 38 Nov.
440 3371 68 41 24.
535 3371 139 41 1934:
705 3371 64 39 2c.
799 3372 95 39 and
921 3370 77 40 aff.
1028 3373 111 37 Dec.
1167 3372 53 38 15:
1276 3372 42 38 A
1341 3372 142 40 78578:
1539 3373 59 38 H.
1627 3371 206 41 Renouf.
1862 3372 116 39 New
2009 3372 140 38 York.

298 3428 219 49 (35-984)

220 3531 254 65 Röseler,
505 3532 220 52 Robert
755 3529 250 64 Oswald,
1036 3531 83 52 ed.

221 3606 1961 132 Altes und neues, edited by Robert O. Röseler … and Adelaide
403 3684 1623 68 Ber … New York, H. Holt and company [ c 1934]
293 3760 62 45 ix,
387 3758 97 48 291,
516 3759 102 38 lxxi
649 3770 40 36 p.
751 3758 141 47 illus.,
924 3759 169 46 plates.
1182 3757 24 39 19½
1240 3760 43 20 cm
1289 3790 7 8 .

290 3815 180 39 Music:
502 3826 42 36 p.
574 3814 216 40 239-249.

222 3881 50 51 ©
301 3886 109 39 Dec.
439 3885 37 39 6.
505 3884 139 47 1934;
676 3885 64 39 2c.
772 3886 94 38 and
894 3884 78 40 aff.
1002 3886 109 38 Dec.
1142 3882 80 42 29;
1252 3885 41 37 A
1323 3883 166 48 77919;
1520 3886 136 39 Henry
1716 3886 122 39 Holt
1862 3885 35 40 &
1924 3895 52 30 co.,
2036 3884 87 39 inc.

297 3942 219 48 (35-581)
