2350 4196
1160 4006 134 48 1504

238 386 445 53 Southwestern
712 388 267 60 reporter
1011 385 101 63 (2d
1142 384 142 62 ser.)

307 461 265 52 Missouri
605 461 274 52 decisions
908 461 263 67 reported
1199 461 59 51 in
1287 459 180 53 South
1497 464 237 47 western
1761 466 269 59 reporter.
239 459 1959 132 Second
391 540 167 52 series.
653 539 134 52 vols.
832 543 60 47 69
929 539 124 66 (2d)
1106 544 56 45 to
1207 540 61 48 71
1304 537 124 66 (2d)
1482 537 368 65 April-July.
1894 540 149 63 1934,
2090 538 133 50 with

239 614 1985 68 key number annotations … St. Paul, West publishing co.,
241 698 146 48 1934.

309 769 17 36 1
362 779 39 26 V.
457 767 115 38 20cm.

310 824 206 39 Various
545 824 213 46 pagings.

243 877 1713 50 © Oct. 10. 1934: 2c. and aff. Nov. 22; A 78254: West pub. co.
240 981 280 65 Stafford,
551 983 230 53 Russell
812 984 221 63 Henry,
1067 984 168 50 1890-

309 1057 266 69 Religion
601 1063 172 47 meets
798 1058 93 52 the
917 1058 235 52 modern
1178 1057 179 67 mind,
1383 1056 73 68 by
1484 1055 224 52 Russell
1737 1055 203 69 Henry
1971 1052 255 56 Stafford

379 1133 1275 68 … New York. Round table press, inc., 1934.
309 1207 551 47 4 p. l ., 214 p. 19½cm.
244 1262 1983 51 © Oct. 25. 1934: 2c. and aff. Oct. 30: A 77017; Round table press, inc.
322 1323 277 46 (34-37653)

241 1426 294 52 Standard
568 1426 219 52 brands
820 1425 427 63 incorporated.

318 1502 48 48 A
395 1502 225 51 treatise
648 1520 66 32 on
747 1500 131 52 cake
906 1499 259 67 making;
1197 1505 54 45 to
1280 1500 165 51 assist
1469 1498 94 52 the
1591 1497 171 52 baker
1787 1498 59 51 in
1873 1496 238 68 gaining
2135 1497 94 52 the

244 1577 130 53 cake
395 1577 249 54 business
671 1577 180 52 which
876 1577 203 53 should
1104 1575 310 68 rightfully
1439 1575 62 51 be
1522 1574 102 51 his.
1688 1574 135 53 New
1849 1573 177 68 York,
2047 1573 68 52 N.
2142 1573 88 68 Y.,

244 1654 289 53 Standard
562 1655 209 52 brands
798 1652 396 68 incorporated
1227 1655 191 65 [c1934]

312 1723 97 48 381,
442 1725 52 48 [3]
526 1735 41 37 p.
625 1725 140 40 illus.,
797 1725 175 46 diagrs.
1030 1723 113 41 26cm.

310 1782 159 38 Blank
498 1791 144 37 pages
667 1781 78 39 for
806 1781 367 39 “Miscellaneous
1201 1783 136 37 notes”
1406 1782 48 42 (3
1485 1789 50 31 at
1564 1781 115 45 end)

313 1838 210 40 “Second
555 1838 229 47 printing.”

247 1895 1983 50 © Sept. 10. 1934 : 2c. and aff. Sept. 25; A 75499; Standard brands inc.
316 1956 278 47 [Copyright
624 1955 39 38 is
692 1954 202 39 claimed
925 1965 58 28 on
1012 1964 105 28 new
1146 1956 190 45 matter]
1411 1953 277 47 (34-37678)

243 2057 375 63 Sutherland,
656 2056 273 64 Halliday
966 2055 235 65 Gibson,
1239 2061 168 49 1882-

313 2130 1916 70 A time to keep, by Halliday Sutherland … New York, W.
244 2210 247 52 Morrow
516 2213 44 49 &
588 2227 296 51 company,
914 2212 149 50 1934.

311 2282 578 48 6 p. l ., 3-281 p. 22cm.
386 2341 313 39 Reminiscences
718 2353 7 28 :
753 2351 28 29 a
810 2341 158 46 sequel
1001 2344 47 36 to
1076 2341 98 39 The
1199 2341 170 39 arches
1398 2340 50 39 of
1476 2342 80 39 the
1582 2351 155 35 years.

248 2394 50 51 ©
327 2400 98 38 Oct.
455 2399 67 39 23.
552 2398 139 39 1934:
721 2398 66 38 2c.
818 2397 98 39 Oct.
946 2398 45 37 31
1019 2409 7 25 :
1057 2397 79 38 aff.
1212 2407 69 29 Nov.
1311 2399 51 39 1;
1393 2397 40 38 A
1461 2396 166 40 77038:
1659 2397 233 47 Halliday
1924 2397 307 47 Sutherland,

315 2456 208 38 London.
597 2454 278 47 (34-37414)

244 2557 72 54 U.
343 2559 57 51 S.
475 2559 180 52 Laws.
685 2563 255 48 statutes,
969 2562 98 47 etc.

320 2632 375 68 Supplement
722 2652 86 32 no.
840 2639 28 46 3
898 2640 56 46 to
1052 2652 177 34 Mason’s
1258 2633 215 55 United
1508 2633 187 55 States
1727 2635 154 54 Code
1910 2634 322 52 annotated.

250 2712 353 65 Continuing
629 2712 93 51 the
753 2711 169 57 Code,
951 2711 108 50 and
1089 2709 385 68 supplements
1501 2731 87 32 no.
1621 2716 27 46 1
1678 2712 111 51 and
1814 2731 89 32 no.
1933 2714 49 62 2,
2008 2712 138 52 both
2175 2731 57 33 as

246 2795 56 45 to
339 2796 117 44 text
496 2789 109 51 and
644 2788 376 51 annotations,
1057 2796 56 46 to
1150 2790 139 65 July
1324 2793 45 62 1,
1407 2792 150 50 1934.
1592 2790 181 51 under
1808 2790 93 51 the
247 2787 1960 129 classification
402 2867 109 50 and
547 2866 338 66 numbering
917 2865 73 64 by
1026 2862 197 55 official
1256 2869 362 64 supplement
1648 2886 88 33 no.
1772 2885 125 48 viii,
1931 2867 301 67 published

246 2943 73 66 by
358 2945 93 49 the
493 2947 365 62 government;
932 2943 115 53 also
1088 2943 333 67 continuing
1460 2945 94 51 the
1595 2944 248 53 features
1886 2945 62 52 of
1987 2944 246 54 Mason’s

250 3020 151 52 Code
443 3020 290 51 embraced
773 3023 59 50 in
872 3020 93 51 the
1006 3019 353 67 appendices,
1399 3022 332 67 presenting
1770 3023 361 52 annotations
2171 3023 62 52 of

248 3097 92 52 the
386 3095 317 53 uncodified
749 3100 152 49 laws,
947 3097 243 52 treaties,
1236 3099 354 57 resolutions,
1635 3101 440 65 proclamations
2122 3101 112 52 and

248 3175 220 51 federal
496 3179 160 49 court
680 3175 163 49 rules.
909 3175 264 51 Editoral
1199 3173 134 54 staff
1352 3196 9 31 :
1386 3178 261 53 William
1674 3180 76 50 H.
1779 3180 219 65 Mason,
250 3178 1981 124 editor-in-chief
506 3270 9 31 :
545 3253 88 51 W.
662 3252 74 51 H.
766 3250 219 53 Mason,
1012 3252 87 64 jr..
1129 3254 309 66 managing
1464 3255 199 51 editor.
1731 3255 80 54 St.
1842 3257 163 54 Paul.
2034 3256 180 53 Minn.,

247 3328 200 52 Mason
479 3327 332 67 publishing
842 3347 278 48 company
1156 3333 189 63 [c1934]

317 3402 24 36 2
368 3412 40 36 p.
439 3403 25 36 l.,
508 3401 112 39 1385
648 3412 41 35 p.
744 3401 134 38 front.
921 3402 170 46 (port.)
1154 3402 114 40 26cm.

252 3452 1712 56 © Nov. 19. 1934 : 2c. and aff. Nov. 23 : A 77336; Mason pub. co.
252 3558 278 65 Walther,
562 3559 274 54 Florence
865 3562 73 50 H.

318 3633 1912 72 A history of Lexington, by Florence H. Walther … [Port
248 3709 220 67 Huron,
498 3712 190 66 Mich.]
722 3714 172 49 c1934.

318 3778 53 40 31
406 3791 42 36 p.
508 3781 115 39 23cm.

254 3835 1977 57 © July 20. 1934: 2c. July 27; aff. Aug. 6: A 74455; F. H. Walther.
320 3896 281 47 Lexington.
634 3897 141 40 Mich.
847 3899 276 45 (34-37483)
