2350 4296
1103 4003 100 48 465

167 359 361 66 Abernethy,
558 360 233 53 Arthur
819 357 296 66 Talmage,
1148 357 169 54 1872-

237 438 53 51 A
325 438 160 51 rcyal
521 437 267 53 southern
822 433 233 69 family;
1096 453 30 33 a
1161 433 393 68 biographical
1590 434 163 53 novel
1791 433 61 53 of
1889 433 163 68 facts,
2087 434 74 68 by

171 509 1991 73 Arthur Talmage Abernethy … [Nashville] Printed for the
169 592 219 67 author,
419 592 120 54 The
568 592 326 53 Parthenon
925 609 155 49 press
1116 624 13 34 [
1134 596 18 21 c
1157 592 134 49 1934]

235 664 85 38 144
347 674 42 37 p.
445 663 149 41 front.
649 663 58 40 19½
737 665 43 21 cm
787 695 8 8 .

237 720 257 41 “Author’s
528 720 333 48 autographed
894 718 224 41 edition.”
1182 719 118 40 This
1332 729 117 37 copy
1483 721 85 38 not
1603 719 180 48 signed.

169 784 56 51 ©
247 788 113 47 Apr.
388 788 69 46 13,
486 787 114 40 1934;
655 787 67 40 2c.
752 788 95 38 and
875 785 80 40 aff.
985 785 112 48 Apr.
1128 785 53 40 23;
1239 785 43 38 A
1308 784 143 40 72140;
1511 784 53 41 A.
1594 785 50 39 T.
1675 786 291 48 Abernethy,
1997 787 164 41 Burke

237 846 189 46 county,
458 845 56 39 N.
548 843 49 41 C.
669 842 248 49 (34-9915)

166 945 347 65 Alexander,
545 945 274 63 William,
852 948 170 49 1848-

234 1021 383 69 Seventy-five
657 1041 164 50 years
862 1021 65 53 of
966 1039 260 51 progress
1270 1022 112 51 and
1425 1019 193 69 public
1657 1021 237 67 service;
1938 1041 31 34 a
2012 1021 152 54 brief

163 1101 193 53 record
398 1100 63 52 of
499 1101 95 52 the
635 1101 305 67 Equitable
978 1098 105 54 life
1123 1117 294 35 assurance
1457 1099 212 67 society
1708 1099 64 53 of
1809 1100 96 52 the
1943 1102 218 53 United

163 1177 1999 69 States, by William Alexander … New York, N. Y., Newcomb
163 1257 948 68 printing company, inc. [ c 1934]
234 1330 1267 49 3 p. l. , 87 p. front., illus. (incl. ports.) 22½ cm .
166 1390 54 52 ©
247 1395 112 47 Apr.
388 1394 39 48 2,
457 1394 115 41 1934;
629 1395 66 40 2c.
726 1395 112 47 Apr.
869 1395 54 38 11;
983 1393 80 41 aff.
1095 1394 113 48 May
1237 1394 25 38 1;
1321 1393 43 39 A
1391 1393 144 41 70994;
1596 1395 258 47 Equitable
1882 1395 88 40 life
234 1405 1908 87 assurance
381 1462 92 30 soc.
505 1452 50 40 of
585 1452 82 40 the
697 1452 56 40 U.
788 1451 56 48 S.,
876 1452 116 39 New
1022 1451 143 40 York.
1236 1449 251 49 (34-9577)

160 1552 352 68 Alexandre,
544 1555 178 65 René,
757 1559 171 50 1864-

290 1629 1866 71 … Avec Joffre d’Agadir à Verdun. Souvenirs 1911-1916.
158 1710 185 68 Paris,
373 1711 534 69 Berger-Levrault,
941 1714 149 50 1932.

235 1787 62 45 ix,
325 1784 86 40 254
437 1796 57 37 p.,
522 1787 25 37 1
595 1817 6 6 l.
659 1784 137 41 front.
838 1784 171 50 (port.)
1073 1784 55 41 23
1132 1786 43 22 cm
1180 1817 8 7 .

236 1842 66 40 At
325 1843 125 39 head
477 1842 52 40 of
555 1842 108 40 title:
721 1841 207 41 Général
955 1842 54 39 R.
1036 1842 290 40 Alexandre.

166 1896 1993 114 © Nov. 5, 1932; 1c. June 6, 1933; A- Foreign 21086; Éditions Berger-Levrault. (A C 33-1281)
162 2067 472 64 Attenborough,
666 2068 223 63 Gladys
915 2068 190 64 Mary.

230 2142 372 69 Honeymoon
625 2143 171 51 house;
850 2143 278 52 romantic
1152 2144 246 68 comedy,
1423 2143 74 69 by
1524 2141 66 55 G.
1616 2143 79 51 M.
1723 2143 435 69 Attenborough

224 2219 1661 71 … London [etc.] Cassell and company, limited [1934]
233 2291 637 50 5 p. l. , 3-311 p. 19 ½ cm .
166 2348 1993 56 © 1c. Apr. 11, 1934; A ad int. 18826; pubd. Feb. 14; Gladys Mary
235 2410 224 47 Linaker,
490 2409 199 47 Oxford,
721 2410 234 47 England.
1028 2409 249 49 (34-9627)

160 2511 169 56 B.-M.
359 2513 135 54 co.’s
523 2511 344 54 cumulative
895 2519 229 47 current
1150 2515 133 53 code
1313 2514 381 69 annotations,
1720 2515 245 69 keeping
1992 2534 78 50 up
2101 2520 57 48 to

228 2592 129 52 date
394 2592 197 51 Kerr’s
629 2591 324 68 cyclopedic
991 2592 324 55 California
1353 2593 180 68 codes,
1570 2594 322 68 Henning’s
1930 2597 229 65 general

227 2670 154 67 laws,
411 2670 159 51 third
602 2668 234 68 edition,
867 2671 111 51 and
1011 2671 117 53 also
1159 2690 148 34 cases
1336 2672 153 53 from
1521 2673 185 54 Idaho
1737 2673 112 52 and
1880 2675 278 51 Montana

289 2747 1867 73 … bringing decisions down to 87 Cal. dec. 248, 76 Cal. appl.
230 2828 114 51 dec.
394 2829 115 65 500,
556 2829 32 48 2
636 2826 120 55 Cal.
803 2844 164 50 supp.
1016 2831 82 65 93,
1143 2830 64 50 29
1254 2831 132 51 Pac.
1444 2829 126 67 (2d)
1628 2829 103 53 704
1785 2830 372 67 (California,

228 2906 203 66 Idaho,
461 2905 112 52 and
603 2906 277 51 Montana
912 2905 175 67 cases)
1186 2926 49 34 [v.
1270 2910 82 64 13,
1382 2927 88 35 no.
1504 2912 46 62 1,
1579 2908 190 67 April,
1800 2911 135 49 1934]
228 2911 1906 139 Prepared
442 2983 111 52 and
591 2983 309 51 annotated
935 2982 74 68 by
1046 2984 234 53 Everett
1317 2987 75 52 H.
1432 2987 179 51 Roan.
1684 2987 115 54 San
1837 2987 322 66 Francisco,

228 3060 407 54 Bender-Moss
664 3078 297 51 company,
994 3064 149 51 1934.

231 3136 68 47 iii,
328 3135 89 40 119
441 3145 43 38 p.
540 3133 56 40 25
600 3136 44 21 cm
650 3166 7 7 .

164 3188 50 52 ©
247 3193 112 47 Apr.
390 3191 69 47 28,
491 3190 115 40 1934;
665 3191 67 39 2c.
765 3192 95 38 and
892 3190 81 40 aff.
1006 3192 114 47 May
1152 3194 54 37 11;
1267 3194 41 39 A
1339 3194 143 40 71579;
1544 3194 343 41 Bender-Moss
1920 3205 66 30 co.

167 3293 231 65 Becker,
433 3294 178 63 Elery
642 3293 244 62 Ronald,
918 3295 170 49 1896-

161 3366 1998 150 Coccidia and coccidiosis of domesticated, game and laboratory animals and of man, by Elery R. Becker … Ames, Ia.,
163 3525 312 68 Collegiate
504 3542 172 50 press,
705 3523 125 67 inc.,
863 3526 150 54 1934.

231 3597 50 38 ix
303 3608 57 37 p.,
384 3599 25 37 1
455 3628 22 15 l.,
503 3597 84 39 147
612 3606 44 37 p.
710 3594 141 49 illus.,
877 3596 171 46 plates.
1103 3596 55 38 24
1161 3598 42 20 cm
1209 3628 9 8 .
1283 3596 171 47 (Iowa.
1512 3595 136 41 State
1673 3597 178 47 college
1879 3596 51 40 of
161 3596 1979 98 agriculture
305 3656 95 38 and
433 3652 249 41 mechanic
718 3653 116 46 arts,
871 3652 156 40 Ames.
1093 3652 222 40 Division
1352 3653 51 39 of
1436 3652 265 41 industrial
1735 3653 200 41 science.
164 3655 1976 104 Monograph
341 3721 77 31 no.
446 3710 52 47 2)

232 3768 296 47 “Suggested
557 3765 226 48 readings
813 3775 59 29 on
904 3764 210 41 coccidia
1146 3766 52 39 of
1226 3777 131 29 some
1387 3768 276 39 vertebrate
1691 3768 135 40 hosts
1854 3770 85 38 not
1969 3770 190 40 treated

159 3824 51 41 in
243 3825 132 40 text”:
439 3836 43 36 p.
516 3822 202 40 111-112;
781 3819 350 51 Bibliography:
1192 3833 43 36 p.
1269 3822 219 41 123-137.

163 3883 50 51 ©
242 3888 120 38 Mar.
390 3885 68 47 19,
485 3883 115 41 1934;
656 3883 67 39 2c.
750 3883 95 38 and
872 3880 81 41 aff.
983 3882 122 40 Mar.
1132 3882 55 38 22;
1248 3882 40 40 A
1315 3882 143 39 69912;
1517 3882 266 51 Collegiate
1812 3894 149 38 press,
1990 3883 91 42 inc.

262 3941 227 38 (34-9905)
