2350 4196
1133 4002 130 49 1776

209 377 225 62 Wendt,
465 377 223 63 George
716 375 274 55 Richard,
1022 381 168 48 1906-

206 444 1956 153 … Auditory acuity of monkeys, by G. R. Wendt … Baltimore,
398 530 138 66 Md.,
561 529 121 52 The
708 529 182 52 Johns
919 528 266 67 Hopkins
1213 544 154 49 press
1580 556 12 33 [c1934]

279 602 279 40 cover-title.
606 601 52 39 51
707 612 39 36 p.
822 601 139 45 illus.,
1010 600 176 47 diagrs.
1261 597 56 40 25½cm.
1493 594 363 49 (Comparative
1906 595 277 46 psychology

212 658 329 47 monographs,
597 668 40 27 v.
667 657 64 40 10.
758 657 147 41 serial
931 668 71 29 no.
1028 656 68 45 49,
1125 655 128 47 Nov.,
1279 652 138 48 1934)

279 713 344 40 “References”:
685 723 41 37 p.
758 713 154 40 50-51.

211 765 1983 53 © Nov. 23. 1934; 2c. Nov. 30; aff. Nov. 28: A 77430: Johns Hopkins
277 838 146 37 press.
496 829 219 45 (35-416)

212 902 238 63 (Wight,
481 903 222 63 Harley
731 901 299 66 Franklin]

280 979 180 65 Perry
508 979 222 67 Scope's
772 979 269 67 seagoing
1081 976 336 66 dictionary,
1461 996 23 31 a
1531 977 105 51 salt
1684 982 170 46 water
1896 976 294 52 education

214 1054 52 54 in
304 1076 30 32 a
371 1057 196 66 couple
601 1057 62 51 of
696 1064 99 44 nut
829 1056 183 53 shells.
1091 1055 308 65 Brooklyn,
1434 1056 66 50 N.
1541 1056 88 64 Y.,
1665 1054 122 53 Our
1820 1071 149 49 navy
212 1072 1954 128 magazine,
380 1141 15 20 c
402 1138 148 48 1933.

281 1204 1095 50 3 p. l., 60 p. front. (port.) illus. 20½cm.
285 1259 1854 48 “The creator of the character Perry Scope is … Harley F. Wight."
213 1317 1955 51 © Dec. 18, 1933; 2c. and aff. Jan. 2. 1934; A 68665: Our navy, inc.,
281 1378 256 47 Brooklyn.
609 1377 248 47 (35-1076)

211 1449 289 66 Wingate,
531 1450 198 65 Paine,
763 1453 322 52 1739-1838.

280 1529 178 51 Paine
480 1527 313 69 Wingate’s
818 1529 191 50 letters
1037 1537 55 43 to
1117 1526 86 53 his
1229 1525 273 67 children,
1526 1524 249 55 hitherto
1801 1523 398 69 unpublished,

211 1586 1987 87 edited by Charles E. L. Wingate … [ Éxeter, N. H., Printed
212 1684 32 51 by
312 1684 93 51 the
434 1684 207 52 Exeter
669 1684 357 59 news-letter,
1055 1690 17 18 c
1078 1686 149 62 1934]

284 1759 55 37 22
387 1769 40 36 p.
492 1758 53 38 22½cm.

214 1810 1967 107 © Nov. 10. 1934; 2c. Nov. 5: aff. Nov. 27: A 77602; Charles E. L. Wingate.
432 1871 315 42 Winchester,
776 1873 145 38 Mass.
994 1870 193 47 (35-479)

214 1946 263 63 Witmer,
510 1947 180 52 Helen
721 1947 236 52 Leland.

283 2023 117 51 The
436 2023 124 52 field
597 2023 62 52 of
691 2030 197 54 parent
922 2022 323 55 education:
1283 2041 22 34 a
1343 2040 201 48 survey
1578 2022 149 53 from
1764 2023 92 51 the
1891 2021 307 67 viewpoint

216 2100 1828 67 of research [by] Helen Leland Witmer … New York,
217 2101 1950 128 National
419 2179 216 52 council
662 2178 64 51 of
752 2186 198 59 parent
978 2178 313 67 education,
1320 2180 85 51 inc.,
1472 2184 147 47 1934.

285 2250 1918 48 3 p. l., 81 p. 23½ cm . (On cover: National council of parent education,
214 2307 87 39 inc.
365 2308 176 39 Parent
573 2308 254 39 education
860 2309 292 46 monograph.
1256 2310 12 44 I)

217 2361 1983 51 © Oct. 24. 1934; 2c. and aff. Nov. 12: A 78051: Natl. council of parent
285 2422 270 39 education,
592 2421 87 40 inc.
752 2420 219 48 (35-949)

216 2482 381 65 Wodehouse,
625 2483 242 52 Pelham
894 2483 309 65 Grenville,
1236 2489 168 50 1881-

213 2560 1958 130 … Les caprices de Miss Bennett (The girl ou the boat) traduit
370 2637 1624 68 par Marguerite d’Avenel. [ Paris] Hachette [1934]
288 2710 78 40 241
401 2722 28 36 p.,
487 2712 18 36 1
564 2741 7 7 l.
769 2742 7 7 18½cm.
847 2711 98 45 (On
973 2720 161 30 cover:
1165 2711 116 38 “Les
1311 2710 245 41 meilleurs
1589 2721 190 29 romans
1809 2709 304 49 étrangers”)

291 2767 60 39 At
380 2768 121 39 head
530 2767 51 38 of
606 2767 106 39 title:
769 2767 46 38 P.
848 2768 51 38 G.
930 2768 309 39 Wodehouse.

219 2821 1928 52 © May 30, 1934; 1c. Nov. 20: A-Foreign 26175: Librairie Hachette.
296 2881 218 46 (35-712)

218 2940 332 67 Woodring,
582 2941 193 54 Maxie
808 2943 183 62 Nave,
1027 2948 168 48 1888-

287 3020 282 53 Enriched
603 3020 264 65 teaching
897 3019 63 52 of
991 3020 238 62 English
1268 3020 53 52 in
1353 3022 94 51 the
1478 3021 192 65 junior
1704 3022 106 50 and
1847 3020 182 53 senior
2062 3020 135 64 high

219 3097 214 54 school:
464 3116 28 32 a
520 3116 190 32 source
737 3098 144 51 book
905 3098 93 50 for
1021 3098 250 52 teachers
1295 3098 62 52 of
1385 3098 260 66 English,
1669 3099 188 52 school
1885 3098 320 56 librarians,

215 3176 106 52 and
360 3175 271 53 directors
664 3174 63 51 of
759 3173 498 55 extra-curricular
1289 3175 296 66 activities,
1619 3175 201 68 listing
1849 3175 202 65 chiefly
2083 3175 119 52 free

219 3254 105 51 and
382 3253 105 50 low
539 3258 113 47 cost
708 3252 341 53 illustrative
1101 3254 108 51 and
1260 3255 464 65 supplementary
1774 3252 305 67 materials,
2128 3253 71 66 by

224 3330 1979 69 Maxie Nave Woodring … Ida A. Jewett … [and] Rachel
217 3407 1957 129 Theresa Benson … New York city. Teachers college, Columbia
340 3484 330 67 university,
703 3488 150 51 1934.

295 3557 60 40 ix.
390 3558 71 47 [1],
493 3556 85 41 358
610 3568 41 35 p.
712 3557 54 39 23½cm.
927 3557 93 45 (On
1056 3567 161 28 cover:
1250 3556 233 42 Enriched
1520 3557 223 45 teaching
1773 3557 174 44 series)

294 3613 257 39 Published
590 3612 46 39 in
674 3613 112 38 1927
824 3615 149 37 under
1012 3614 131 38 title:
1184 3613 235 40 Enriched
1460 3615 223 41 teaching
1717 3614 50 37 of
1803 3613 197 44 English
2044 3613 42 39 in
2127 3615 77 36 the

222 3669 113 48 high
364 3669 175 40 school.

294 3725 70 41 On
391 3736 167 30 cover:
588 3724 199 50 English
815 3727 45 38 in
891 3726 79 39 the
999 3726 112 47 high
1137 3727 174 39 school.

294 3783 222 40 Includes
544 3783 146 39 blank
718 3792 144 38 pages
890 3783 77 38 for
997 3783 177 39 “Other
1201 3783 235 41 sources".

221 3836 1983 51 © Nov. 15, 1934; 2c. Dec. 19: aff. Dec. 21: A 77774: Teachers college.
291 3897 248 40 Columbia
580 3897 125 38 univ.
778 3897 219 46 (35-344)
