2350 4296
1104 3988 132 54 1729

183 350 315 54 American
533 352 225 64 society
793 353 95 52 for
923 352 227 64 testing
1182 351 324 53 materials.
1584 353 339 53 Committee
1957 355 79 51 D-2
2109 372 71 38 on

251 431 317 63 petroleum
596 431 269 66 products
895 432 113 52 and
1038 431 327 54 lubricants.

251 505 121 53 The
412 506 364 69 significance
819 509 62 52 of
925 513 135 48 tests
1103 508 61 52 of
1207 509 315 65 petroleum
1567 508 270 66 products;
1912 527 30 33 a
1988 515 189 60 report

181 584 279 65 prepared
487 585 74 64 by
586 585 71 52 A.
684 586 56 54 S.
768 588 64 50 T.
860 586 79 51 M.
967 586 335 54 Committee
1329 585 113 52 D-2
1469 604 69 32 on
1568 587 314 64 petroleum
1908 587 271 63 products

180 661 1999 146 and lubricants … Philadelphia, Pa., American society for-testing materials, c 1934.
250 810 727 52 2 p. l., 76 p. diagr. 23cm.
253 865 143 42 “This
425 867 209 42 revision
665 880 100 31 was
794 871 137 39 made
959 870 58 47 by
1045 880 26 28 a
1102 868 180 48 special
1309 868 365 41 subcommittee
1704 869 116 40 with
1851 871 80 38 the
182 879 1973 86 cooperation
315 925 51 40 of
397 924 82 41 the
511 925 248 41 chairmen
792 926 51 40 of
875 927 137 39 other

183 922 1995 109 subcommittees and of Committee D-4 on road and paving materials under whose jurisdiction certain of the
181 1038 118 39 tests
338 1047 125 31 were
501 1036 638 50 developed.”—Foreword.

251 1093 412 50 Bibliographical
702 1096 274 39 foot-notes.

184 1148 50 51 ©
265 1152 99 39 Oct.
395 1153 40 44 4,
465 1151 139 41 1934;
638 1150 63 42 2c.
734 1151 99 40 Oct.
865 1150 80 45 12;
978 1150 81 40 aff.
1090 1150 99 39 Oct.
1221 1149 25 39 9;
1306 1150 37 38 A
1376 1151 167 38 75744;
1577 1150 156 42 Amer.
1767 1163 91 28 soc.
1890 1152 78 39 for
2000 1150 180 50 testing

249 1208 265 40 materials.
588 1207 190 50 (35-20)

180 1298 212 65 Baker,
421 1299 146 53 Paul
598 1300 274 62 Earnest,
906 1304 164 50 1893-

248 1375 391 68 Negro-white
679 1376 377 67 adjustment;
1100 1392 72 35 an
1213 1372 409 70 investigation
1664 1374 114 53 and
1820 1373 250 68 analysis
2113 1375 63 51 of

179 1454 257 52 methods
464 1454 60 51 in
551 1453 94 52 the
674 1453 329 54 interracial
1030 1455 316 49 movement
1372 1452 59 51 in
1459 1452 95 52 the
1582 1451 217 55 United
1834 1451 187 55 States;
2082 1452 94 52 the

179 1530 237 69 history,
453 1531 364 68 philosophy,
851 1548 288 51 program,
1175 1529 112 53 and
1322 1528 328 70 techniques
1689 1528 63 54 of
1786 1535 96 47 ten
1919 1529 257 53 national

177 1608 330 53 interracial
542 1608 272 70 agencies.
885 1608 267 53 Methods
1185 1607 328 53 discovered
1548 1607 252 69 through
1839 1626 29 34 a
1905 1608 173 68 study
2112 1605 65 54 of

178 1704 168 50 cases,
387 1687 322 65 situations,
750 1687 107 52 and
905 1685 247 70 projects
1194 1686 60 51 in
1297 1703 124 35 race
1464 1685 290 68 relations,
1794 1686 74 68 by
1914 1687 146 51 Paul
2106 1685 68 53 E.

180 1762 1453 69 Baker … New York, Association press, 1934.
251 1836 98 42 267,
381 1836 54 51 [5]
467 1847 42 37 p.
570 1836 55 39 24
629 1839 43 22 cm
678 1869 6 7 .

252 1892 169 42 Issued
448 1894 102 39 nlso
577 1903 55 30 as
657 1894 152 39 thesis
847 1893 106 48 (PH.
1012 1893 32 47 D.)
1079 1891 249 41 Columbia
1355 1891 286 46 university.

248 1949 348 49 Bibliography;
655 1961 41 36 p.
725 1949 215 41 264-266.

182 2005 50 52 ©
260 2010 114 46 May
400 2008 38 48 2,
467 2007 139 44 1934;
636 2009 64 39 2c.
729 2009 113 38 Nov.
872 2008 51 43 9;
953 2008 78 39 aff.
1065 2010 105 38 Dec.
1199 2009 54 37 14;
1312 2008 38 39 A
1378 2008 169 42 78560;
1579 2009 47 38 P.
1662 2010 47 38 E.
1741 2010 173 46 Baker,
1945 2011 231 44 Yonkers,

248 2048 488 66 N. Y . (34-37480)
181 2156 276 64 Bartlett,
486 2157 154 52 John
670 2157 275 65 Thomas,
977 2162 168 48 1892-

248 2235 265 52 Metliods
556 2236 64 51 of
662 2234 328 52 instalment
1036 2231 203 68 selling
1282 2234 107 51 and
1438 2230 313 59 collection,
1794 2233 73 68 by
1911 2233 154 54 John
2111 2236 65 50 T.

181 2309 1995 71 Bartlett … and Charles M. Reed … foreword by Guy H. Huise
183 2434 9 8 .…
319 2391 136 52 New
489 2390 162 53 York
684 2390 110 52 and
826 2390 256 65 London,
1113 2389 232 67 Harper
1374 2392 46 49 &
1450 2388 277 69 brothers,
1761 2392 149 50 1934.

250 2465 63 46 ix,
343 2464 88 41 309
458 2476 41 37 p.
531 2464 109 40 incl.
669 2465 167 38 forms.
900 2463 55 39 22
958 2465 43 21 cm
1007 2495 7 7 .

251 2521 162 41 “First
446 2519 228 44 edition.”

180 2575 50 52 ©
263 2581 108 38 Dec.
403 2579 65 41 10,
500 2578 112 40 1934;
670 2580 65 36 2c.
767 2579 108 37 Dec.
906 2578 81 39 20;
1019 2577 80 39 aff.
1134 2579 105 37 Dec.
1271 2578 43 38 11;
1383 2578 38 38 A
1451 2578 169 40 76023;
1655 2578 191 48 Harper
1877 2580 34 38 &
1943 2580 121 38 bros.

257 2636 222 48 (35-191)

176 2727 242 64 Barton,
446 2727 224 54 Walter
697 2725 223 64 Elbert,
950 2731 168 48 1886-

240 2805 241 52 Federal
504 2804 215 53 income
744 2804 110 51 and
880 2808 173 49 estate
1080 2810 95 46 tax
1198 2808 154 62 laws,
1374 2804 312 52 correlated
1712 2806 111 52 and
1848 2804 326 65 annotated,

180 2881 169 71 being
377 2903 72 33 an
481 2883 334 53 annotation
848 2883 111 51 and
992 2882 334 52 correlation
1359 2882 62 51 of
1450 2883 97 51 the
1576 2884 229 51 Income
1835 2889 98 46 tax
1964 2889 117 48 acts
2110 2882 63 52 of

183 2967 151 58 1921,
368 2966 151 60 1924,
553 2964 150 62 1926,
740 2964 149 58 1928,
926 2964 133 47 1932
1092 2961 111 50 and
1241 2963 150 62 1934,
1423 2962 111 50 and
1567 2961 96 53 the
1697 2960 199 52 Estate
1925 2966 97 46 tax
2055 2968 117 46 acts

180 3039 64 53 of
289 3044 151 62 1916,
484 3039 150 65 1917,
679 3042 150 62 1918,
871 3041 150 63 1921,
1064 3041 134 49 1924
1236 3040 107 49 and
1393 3041 150 62 1926,
1584 3037 140 54 with
1766 3040 404 51 amendments.

176 3118 137 53 Also
337 3115 334 68 containing
691 3116 95 51 the
810 3115 132 55 Gift
965 3121 97 46 tax
1085 3120 115 49 acts
1224 3115 63 51 of
1310 3119 135 49 1924
1468 3116 112 54 and
1607 3120 148 53 1932,
1779 3116 139 53 with
180 3116 1967 148 amendments,
413 3197 96 51 the
543 3212 185 35 excess
763 3193 200 68 profits
999 3196 112 51 and
1147 3193 213 67 capital
1397 3195 157 52 stock
1588 3199 175 60 taxes,
1798 3195 95 51 the
1928 3195 242 54 Revised

178 3280 256 61 statutes,
470 3272 360 67 bankruptcy
868 3272 112 52 and
1020 3271 429 54 constitutional
1490 3271 320 68 provisions
1852 3272 321 69 applicable

180 3347 1989 71 to federal taxation, by Walter E. Barton … and Carroll W.
179 3427 1991 72 Browning … Washington, D. C., J. Byrne & company, 1934.
245 3504 134 45 xviii,
411 3503 84 40 660
526 3514 39 36 p.
627 3501 53 40 26
685 3504 13 20 cm
733 3532 7 7 .

247 3562 172 40 “Sixth
450 3557 224 44 edition."

177 3615 52 51 ©
264 3620 108 38 Dec.
409 3617 67 45 15,
512 3615 140 44 1934;
686 3615 67 39 2c.
787 3614 93 40 and
915 3614 78 40 aff.
1032 3615 108 39 Dec.
1177 3614 79 45 15;
1295 3614 39 38 A
1368 3612 142 41 78579;
1576 3613 68 39 W.
1683 3614 49 39 E.
1771 3615 200 47 Barton,
245 3614 1909 111 Washington.
496 3671 191 50 (35-97)

174 3764 210 65 Belloc,
413 3764 195 52 Peter.

244 3842 237 65 Tongue
512 3838 110 67 pie,
652 3839 75 64 by
759 3838 169 52 Peter
960 3836 212 53 Belloc.
1236 3835 259 65 London,
1527 3835 304 56 Constable
1862 3840 45 50 &
1939 3855 97 47 со.,
2066 3838 104 54 ltd.

197 3921 136 50 [1934]
