2350 4196
1091 4066 95 49 835

231 486 1902 52 5 p. l., [3]-178 p. 20 ½ cm . ( Half-title : Harvard historical monographs
221 547 14 48 IV)

161 619 50 51 ©
248 623 126 39 June
410 622 66 44 12,
513 621 140 41 1934;
693 622 64 38 2c.
796 622 125 38 June
955 621 81 41 23;
1077 619 80 40 aff.
1195 619 125 39 June
1356 618 54 39 25;
1478 617 39 39 A
1554 617 170 46 72982;
1764 617 255 39 President
2057 617 92 39 and

227 680 188 39 fellows
443 679 50 39 of
521 679 228 38 Harvard
776 679 191 46 college,
996 677 298 46 Cambridge,
1325 676 145 39 Mass.
1545 673 280 49 (34-18314)

157 783 140 53 New
330 782 161 53 York
525 781 216 69 (State)
826 782 183 66 Laws,
1041 785 256 61 statutes,
1330 786 99 49 etc.

287 853 1707 75 … Parsons’ practice manual of the state of New York,
156 871 1969 136 containing
419 938 94 53 the
551 937 199 54 official
787 938 217 52 edition
1042 936 62 54 of
1141 936 94 52 the
1275 935 154 55 Civil
1470 934 248 69 practice
1758 939 105 60 act,
1900 934 149 50 rules
2089 931 64 54 of

157 1017 132 52 civil
322 1017 264 67 practice,
618 1015 356 69 Surrogate’s
1004 1019 160 48 court
1194 1020 105 61 act,
1328 1013 139 53 New
1499 1012 162 53 York
1691 1011 137 69 City
1856 1016 161 48 court
2046 1015 107 62 act,

156 1094 137 52 New
328 1094 161 52 York
519 1095 116 67 city
665 1094 320 67 Municipal
1017 1099 160 46 court
1208 1093 151 66 code,
1391 1092 219 54 Justice
1641 1096 161 48 court
1833 1095 107 62 act,
1972 1089 181 56 Court

156 1173 63 52 of
261 1173 194 52 claims
497 1179 107 61 act,
642 1171 306 69 Judiciary
987 1172 196 52 article
1221 1170 63 54 of
1324 1171 96 52 the
1460 1169 373 54 constitution
1873 1169 113 54 and
2026 1175 127 47 rent

157 1252 153 59 laws,
343 1250 110 53 and
487 1257 160 46 court
678 1252 149 51 rules
858 1250 62 53 of
952 1249 180 55 Court
1165 1248 61 54 of
1259 1250 252 67 appeals,
1542 1250 288 67 appellate
1859 1248 294 67 divisions,

157 1329 284 67 appellate
476 1335 191 61 terms,
704 1327 274 69 Supreme
1017 1332 176 63 court,
1230 1326 359 70 Surrogates’
1625 1332 206 62 courts,
1867 1328 112 52 and
2014 1327 139 53 New

162 1407 160 52 York
355 1406 135 69 City
523 1414 161 46 court
718 1407 112 52 and
861 1407 321 67 Municipal
1214 1413 179 60 court,
1426 1426 58 33 as
1519 1406 276 53 amended
1827 1411 59 49 to
1917 1406 98 54 the
2046 1406 109 53 end

157 1485 62 53 of
264 1484 94 54 the
402 1484 320 69 legislative
764 1484 210 54 session
1017 1484 62 53 of
1126 1488 152 64 1934,
1321 1485 138 52 with
1502 1489 159 50 notes
1705 1485 64 53 of
1811 1504 150 34 cases
2002 1485 151 53 since

157 1562 152 55 Civil
333 1563 248 68 practice
605 1570 90 46 act
716 1565 61 50 in
802 1562 163 54 effect
988 1582 71 33 on
1084 1562 244 54 October
1354 1567 47 62 1,
1429 1566 151 50 1921.
1640 1564 131 52 11th
1794 1565 87 52 ed.
1937 1564 216 53 Edited

158 1641 1996 69 and annotated by Joseph R. Clevenger … New York, Baker,
158 1719 244 54 Voorhis
444 1722 45 50 &
531 1737 307 51 company;
884 1720 138 52 New
1068 1719 161 53 York
1272 1720 113 53 and
1428 1720 249 69 Albany,
1718 1720 81 54 M.
1842 1723 227 52 Bender
2109 1725 46 51 &

155 1816 295 50 company,
484 1799 417 67 incorporated,
939 1801 151 50 1934.

224 1870 605 50 3 p. l., [2034] p. 25 cm .
229 1929 60 39 At
317 1930 134 49 head,
470 1929 50 40 of
547 1930 108 40 title:
714 1929 245 40 Standard
987 1929 195 42 edition.

230 1986 204 41 Various
467 1987 215 48 pagings.

228 2044 176 41 “Table
433 2045 50 40 of
510 2043 249 41 contents”
791 2055 58 29 on
877 2043 136 42 front
1041 2043 336 51 lining-paper.

160 2113 50 52 ©
239 2118 125 39 June
391 2117 69 47 20,
489 2117 139 41 1934;
660 2116 65 40 2c.
755 2118 98 37 and
880 2116 66 39 aff
989 2116 125 39 June
1142 2117 81 46 21;
1253 2116 41 39 A
1322 2117 143 40 73167;
1525 2119 236 40 Matthew
1790 2120 191 39 Bender
2008 2120 35 40 &
2071 2129 82 40 co.,

226 2175 103 46 inc.,
363 2175 93 38 and
490 2174 173 46 Baker,
697 2173 205 40 Voorhis
935 2176 35 37 &
1001 2184 66 29 co.
1139 2172 279 49 (34-18362)

153 2278 198 64 Oeser,
379 2279 169 51 Hans
573 2278 126 52 Lad
704 2285 134 57 wig.

222 2355 311 54 Deutsches
559 2355 134 52 land
719 2355 118 52 und
865 2355 291 53 deutsches
1181 2356 135 51 volk;
1372 2357 90 52 ein
1486 2357 342 53 bilderwerk
1852 2376 111 34 von
1988 2360 165 51 Hans

153 2434 245 67 Ludwig
424 2434 188 54 Oeser.
677 2432 216 68 Berlin,
920 2433 282 53 Deutsche
1227 2434 592 68 buch-gemeinschaft
1844 2455 52 49 g.
1924 2456 72 35 m.
2021 2438 51 52 b.
2098 2437 54 53 h.

159 2545 11 34 [
176 2518 16 21 c
199 2514 132 50 1933
338 2545 11 33 ]

229 2586 1034 48 247, [1] p. incl. front., illus. 34 x 28 cm .
160 2639 1976 108 © Oct. 31, 1933; 1c. Mar. 30, 1934; A -Foreign 24267; Deutsche buchgemeinschaft,
626 2710 41 37 g.
701 2711 57 27 m.
794 2700 39 39 b.
870 2701 43 38 h.
985 2700 278 47 (34-18664)

204 2802 159 66 Orliac,
394 2804 266 53 Jehanne
691 2804 33 52 d'.

283 2879 1870 71 … Le deuxième mari de Lady Chatterley; roman. Paris,
152 2958 528 67 A. Michel [ c 1934]
224 3030 627 52 3 p. l., [9]-254 p. 19 cm .
160 3086 1742 51 © Mar. 26, 1934; 1c. May 15; A -Foreign 24645; Albin Michel.
238 3146 278 49 (34-18675)

153 3248 1845 70 Palm Beach villas. V ol. II. … Palm Beach, Fla., The
221 3251 1906 129 Davies
366 3328 335 67 publishing
729 3346 96 48 co.,
854 3327 105 52 inc.
997 3361 12 33 [
1016 3334 16 20 c
1038 3331 134 49 1934
1175 3361 11 33 ]

229 3403 22 36 1
302 3434 7 7 l.
364 3401 58 39 40
447 3402 170 47 plates.
673 3401 116 39 40cm.

158 3454 50 51 ©
243 3459 111 46 Apr.
390 3458 67 46 10,
492 3456 113 41 1934;
669 3458 65 39 2c.
772 3459 113 46 May
920 3457 54 39 12;
1035 3457 82 40 aff.
1153 3458 114 48 July
1302 3459 54 39 23;
1422 3459 39 38 A
1497 3458 142 40 72521;
1705 3457 181 41 Davies
1922 3458 107 48 pub.
2067 3468 82 38 co.,

229 3515 86 40 inc.

155 3615 293 63 Pickford,
479 3620 190 63 Mary,
702 3621 170 50 1893-

223 3695 175 55 Little
434 3696 108 52 liar
573 3730 86 32 —,
694 3697 74 66 by
801 3697 169 66 Mary
1005 3695 296 54 Pickford.
1400 3697 139 51 [New
1577 3697 179 66 York,
1790 3695 239 53 Printed
2068 3696 71 65 by

155 3772 61 54 C.
245 3774 54 54 J.
330 3773 267 67 O’Brien,
626 3774 124 66 inc.,
801 3778 149 63 c1934]

245 3845 70 50 [22]
347 3857 41 37 p.
449 3845 53 40 21
507 3848 44 21 cm
556 3879 7 7 .

156 3899 50 51 ©
232 3904 125 39 June
379 3904 68 45 27,
472 3903 113 41 1934;
638 3904 65 39 2c.
729 3904 94 39 and
847 3902 81 40 aff.
954 3904 115 46 July
1094 3903 51 41 6;
1173 3904 39 38 A
1235 3904 142 40 73304;
1433 3905 140 45 Mary
1598 3902 231 40 Pickford
1855 3901 287 50 Fairbanks,

226 3959 298 48 Hollywood,
557 3959 143 41 Calif.
772 3959 279 48 (34-18529)
