2350 4196
1124 3998 101 49 354

175 370 250 62 Benson,
458 371 225 63 George
711 370 260 55 Willard.

247 445 119 51 The
394 464 163 49 cross,
585 444 72 55 its
683 446 218 68 history
928 447 43 49 &
997 446 323 66 symbolism;
1379 464 69 33 an
1479 452 231 46 account
1737 444 62 52 of
1826 446 92 53 the
1947 445 215 68 symbol

175 540 150 34 more
354 524 284 52 universal
664 524 61 51 in
752 522 72 52 its
849 542 94 33 use
969 524 111 51 and
1106 542 150 34 more
1283 525 315 66 important
1621 523 61 52 in
1708 522 71 54 its
1808 522 355 68 significance

178 601 140 50 than
362 618 110 49 any
517 601 159 53 other
720 600 59 51 in
824 601 94 53 the
960 601 194 52 world.
1231 601 89 69 By
1367 600 218 68 George
1630 600 248 54 Willard
1923 601 237 53 Benson.

176 676 246 69 Buffalo,
453 678 67 50 N.
555 678 88 68 Y.,
672 676 155 55 Priv.
859 676 192 70 print.,
1083 682 146 48 1934.

245 748 98 48 196,
375 749 54 49 [1]
456 760 43 37 p.
525 749 108 41 incl.
663 752 228 38 mounted
916 750 147 41 front,
1120 753 168 45 plates.
1343 752 115 39 24cm.

246 805 299 49 Tail-pieces.

248 864 248 47 “Symbols
523 865 118 38 used
666 875 59 28 on
753 864 83 39 the
860 875 129 28 cross
1017 866 94 38 and
1137 865 48 38 in
1213 864 247 41 Christian
1489 865 105 39 art”:
1657 876 42 36 p.
1724 866 233 50 193-[197]

182 934 50 51 ©
270 939 109 39 Feb.
416 939 67 38 17.
520 938 139 40 1934;
697 939 66 38 2c.
802 940 121 37 Mar.
959 940 81 45 16;
1080 939 79 40 aff.
1197 940 120 39 Mar.
1354 940 81 44 17;
1475 939 42 37 A
1552 938 168 47 70715;
1763 939 51 41 G.
1851 940 71 39 W.
1959 940 205 47 Benson,

249 995 208 39 Buffalo.
532 995 247 47 (34-6869)

179 1114 284 62 Bernard,
492 1115 241 55 Walter.

247 1190 119 52 The
391 1189 342 69 philosophy
757 1190 62 51 of
844 1189 247 68 Spinoza
1116 1189 109 53 and
1251 1190 279 67 Brunner,
1553 1188 73 68 by
1650 1188 218 53 Walter
1891 1187 276 69 Bernard,

266 1266 1803 69 PH. D . New York, Spinoza institute of America, inc., 1934.
247 1337 88 40 239
351 1349 43 37 p.
455 1339 145 40 23½cm.

248 1397 170 38 Issued
446 1397 102 39 also
576 1407 52 30 as
656 1396 151 40 thesis
845 1397 107 47 (PH.
1012 1397 33 46 D.)
1083 1397 116 39 New
1226 1397 130 39 York
1383 1397 284 46 university.

248 1452 347 49 Bibliography:
656 1464 43 37 p.
721 1452 214 43 235-237.

184 1525 52 51 ©
266 1530 121 38 Mar.
418 1530 38 40 7,
487 1529 140 39 1934;
660 1527 65 40 2c.
758 1529 94 38 and
884 1527 80 40 aff.
997 1529 121 39 Mar.
1151 1527 52 39 26;
1265 1528 40 37 A
1335 1527 144 41 70819;
1539 1528 70 38 W.
1643 1528 233 46 Bernard,
1909 1527 258 45 Brooklyn.

263 1585 250 48 (34-6872)

180 1703 343 65 Birnbaum,
554 1703 249 64 Salomo,
837 1707 170 49 1891-

252 1780 119 52 The
420 1780 102 53 life
570 1781 112 52 and
729 1781 229 66 sayings
1008 1779 61 51 of
1116 1780 92 52 the
1258 1777 145 52 Baal
1453 1777 188 69 Shem,
1692 1776 277 68 compiled
2021 1776 149 52 from

185 1857 293 55 Chassidic
517 1876 216 34 sources
772 1857 74 67 by
886 1856 226 53 Salomo
1151 1856 342 65 Birnbaum;
1535 1855 312 53 translated
1887 1855 150 51 from
2075 1856 95 51 the

184 1934 247 54 German
467 1935 73 68 by
579 1935 163 53 Irene
778 1934 332 67 Birnbaum,
1150 1933 186 54 edited
1375 1933 74 68 by
1486 1932 366 54 Maximilian
1888 1933 280 52 Hurwitz.

180 2012 137 54 New
350 2012 176 68 York,
557 2013 242 53 Hebrew
830 2010 333 69 publishing
1193 2028 293 50 company,
1520 2014 148 48 1933.

249 2083 100 48 viii,
371 2084 87 39 120
473 2095 43 37 p.
576 2084 144 40 21½cm.

185 2157 50 51 ©
265 2162 121 37 Mar.
414 2160 68 46 13,
510 2159 140 47 1934;
679 2160 67 38 2c.
776 2160 95 38 and
900 2158 80 40 aff.
1010 2159 120 38 Mar.
1160 2159 53 38 17;
1271 2158 41 38 A
1339 2157 170 46 70749;
1541 2158 207 39 Hebrew
1775 2158 110 47 pub.
1914 2169 67 29 co.

264 2217 248 48 (34-6870)

182 2335 294 64 Bolenius,
507 2337 213 50 Emma
746 2334 208 54 Miller.

247 2412 323 52 Literature
600 2412 94 52 for
724 2414 94 51 the
846 2411 509 67 seventh-[eighth]
1392 2411 219 67 grades,
1642 2411 73 66 by
1745 2411 205 50 Emma
1977 2409 194 52 Miller

183 2492 298 65 Bolenius;
520 2490 140 53 with
694 2490 288 67 drawings
1016 2489 74 67 by
1124 2488 189 52 Mabel
1347 2490 176 66 Betsy
1557 2487 145 52 Hill.
1771 2487 233 66 Boston,
2036 2486 138 52 New

179 2570 161 51 York
373 2575 136 60 [etc.]
542 2568 319 68 Houghton
889 2564 201 56 Mifflin
1116 2584 278 50 company
1427 2569 191 64 [c1934]

253 2641 707 47 2 v illus., diagrs. 20½cm.
257 2699 261 41 Published
552 2699 51 38 in
635 2697 111 40 1933
782 2698 154 40 under
971 2697 108 39 title:
1144 2696 276 40 Literature
1454 2697 49 38 in
1539 2697 81 39 the
1652 2695 165 47 junior
1851 2694 115 49 high
2001 2694 174 46 school,

183 2759 122 39 book
335 2768 99 30 one.

255 2813 224 41 Includes
529 2810 260 42 “Contents
836 2810 239 40 classified
1124 2811 258 47 according
1427 2811 49 39 to
1523 2810 82 39 the
1652 2808 208 40 Indiana
1907 2819 168 30 course
2125 2808 51 40 of

183 2871 188 48 study”.

254 2929 224 40 Includes
509 2925 390 51 bibliographies.

188 2985 50 51 ©
269 2988 110 39 Feb.
408 2987 68 42 16,
506 2986 114 39 1934;
677 2985 65 39 2c.
773 2985 118 38 each
920 2984 119 37 Mar.
1070 2983 23 37 1;
1154 2981 105 40 affs.
1291 2982 108 39 Feb.
1430 2982 57 38 27;
1544 2982 42 38 A
1614 2982 155 47 69672,
1801 2981 141 40 69673;
2003 2983 168 39 Emma

258 3045 160 39 Miller
448 3042 231 41 Bolenius
707 3041 243 46 Whitney,
981 3039 114 38 New
1126 3038 142 39 York.
1352 3033 50 52 [©
1434 3048 109 29 new
1569 3040 194 47 matter]

265 3100 250 49 (34-6849)

184 3217 293 64 Bottome,
510 3215 244 63 Phyllis,
790 3216 169 51 1884-

184 3286 1963 153 … Private worlds. Boston and New York, Houghton Mifflin company, 1934.
258 3441 617 52 5 p. l., [3]-342 p. 21cm.
189 3498 50 51 ©
273 3503 119 38 Mar.
424 3501 67 42 28,
524 3500 139 40 1934;
699 3500 65 39 2c.
797 3500 94 38 and
925 3497 79 40 aff.
1037 3496 111 47 Apr.
1181 3495 51 46 2;
1267 3495 42 38 A
1339 3494 142 41 70886;
1544 3494 186 48 Phyllis
1763 3494 178 39 Forbes
1974 3491 197 44 Dennis,

256 3559 210 39 London.
537 3556 249 48 (34-6835)

186 3675 279 66 [Buchan,
494 3675 191 66 Anna]

252 3751 194 51 Taken
483 3752 73 66 by
592 3752 95 51 the
722 3751 172 67 hand,
931 3750 74 66 by
1043 3749 65 54 O.
1146 3748 255 66 Douglas
1466 3764 208 48 [pseud.]
1754 3745 159 65 chap.
1952 3745 114 48 1-4.

289 3827 52 36 (In
377 3821 134 43 Good
541 3820 383 51 housekeeping,
957 3819 187 49 March,
1177 3818 143 49 1934)

189 3868 1982 60 © 1c. Apr. 25, 1934; A ad int. 18879; pubd. Feb. 27: A. Buchan, Peebles,
262 3938 240 40 Scotland.
