2350 4196
1106 4023 64 50 55

146 358 265 65 Golding,
440 357 196 55 Louis.

213 437 140 51 Five
383 435 171 53 silver
585 433 326 68 daughters,
987 437 81 63 pt.
1101 435 47 49 2.

219 511 80 48 (In
327 506 215 51 Argosy,
569 504 126 51 Jan.,
726 504 144 49 1934)

146 560 1993 56 © 1c. Feb. 3, 1934; A ad int. 18663; pubd. Dec. 7, 1933; L. Golding,
209 625 210 39 London.

145 715 278 61 Graham,
450 713 208 54 Jessie.

212 791 120 53 The
374 790 287 53 evolution
705 789 63 52 of
809 789 254 55 business
1105 789 299 52 education
1449 788 58 51 in
1550 788 95 52 the
1687 787 219 54 United
1952 787 187 55 States

143 872 111 51 and
291 870 73 52 its
399 868 387 68 implications
824 869 93 52 for
953 867 506 53 business-teacher
1495 867 318 65 education,
1847 865 75 67 by
1959 864 180 56 Jessie

142 943 1974 150 Graham … Los Angeles, Calif., University of Southern California press [ c 1933]
211 1094 1883 52 xxiii, 228 p. 23½ cm . (Southern California education monographs …
143 1154 202 41 1933-34
372 1166 103 36 ser.,
503 1165 74 29 no.
604 1155 51 47 2)

215 1211 265 48 “Accepted
507 1212 50 39 in
584 1211 182 47 partial
792 1210 283 40 fulfillment
1104 1210 50 39 of
1183 1210 81 39 the
1292 1209 352 48 requirements
1672 1208 80 40 for
1781 1209 81 39 the
1891 1210 171 46 degree
2093 1209 50 40 of

144 1270 166 38 doctor
335 1269 51 40 of
411 1268 301 48 philosophy,
739 1268 203 47 granted
971 1267 126 39 June
1121 1267 40 47 3,
1187 1266 113 40 1933
1328 1270 51 36 at
1406 1267 82 38 the
1515 1265 282 48 University
1823 1265 50 40 of
1903 1265 238 41 Southern

144 1324 509 41 California.”—Pref.

214 1381 303 41 “Annotated
546 1381 335 48 bibliography
910 1381 50 39 of
988 1380 439 40 business-teacher
1453 1380 286 39 education”
1759 1390 9 29 :
1799 1390 42 37 p.
1869 1379 217 41 205-228.

145 1436 50 52 ©
240 1441 108 39 Jan.
391 1441 39 45 3,
475 1441 141 46 1934;
660 1440 65 39 2c.
772 1439 109 39 Jan.
926 1439 81 47 15;
1054 1437 82 42 aff.
1180 1439 110 39 Jan.
1334 1438 82 46 13;
1463 1438 40 40 A
1547 1437 170 47 68871;
1765 1437 285 48 University
2093 1437 52 40 of

212 1498 240 40 Southern
485 1497 286 47 California,
803 1497 93 40 Los
927 1497 221 47 Angeles.
1218 1495 251 49 (34-1519)

144 1587 279 64 Graham,
455 1585 209 57 Lewis.

211 1663 1928 68 The guinea pig turns, by Lewis Graham … New York.
140 1741 991 68 The Macaulay company [ c 1934]
213 1815 25 40 3
267 1824 42 37 p.
371 1847 8 12 l.,
406 1814 144 41 9-254
577 1825 43 37 p.
681 1814 55 41 19½
768 1818 44 21 cm
818 1848 8 7 .

144 1868 50 52 ©
226 1873 107 39 Jan.
363 1872 69 48 25,
463 1872 141 47 1934;
635 1874 66 39 2c.
733 1874 95 38 and
860 1872 80 41 aff.
973 1873 108 39 Jan.
1113 1874 82 45 27;
1229 1873 38 40 A
1300 1872 169 46 70036;
1505 1872 259 47 Macaulay
1797 1882 66 29 co.

218 1930 250 49 (34-1684)

143 2021 286 64 Granger,
458 2021 173 63 John,
665 2024 170 49 1886-

141 2096 1977 148 One thousand keys to health and happiness, by John Granger … [Minneapolis. Bress of Murphy-Travis company, c 1933]
214 2248 85 40 271
328 2260 43 37 p.
432 2250 56 40 17½
520 2252 43 21 cm
568 2283 8 8 .

144 2303 49 51 ©
230 2309 110 38 Dec.
376 2309 67 46 15,
480 2307 140 47 1933;
656 2308 66 39 2c.
759 2309 113 39 Dec.
905 2308 83 46 20;
1027 2307 81 41 aff.
1145 2308 107 40 Jan.
1289 2308 39 46 6,
1364 2307 140 47 1934;
1543 2308 40 38 A
1618 2307 170 47 67882;
1828 2307 43 40 J.
1909 2307 233 47 Granger,

211 2365 334 47 Minneapolis.
619 2365 249 47 (34-1614)

143 2441 257 63 Harvey,
427 2440 255 54 William
712 2441 222 55 Clunie.

141 2518 1977 145 Death’s treasure hunt, by William Clunie Harvey … London, Eldon press, limited [1933]
212 2667 86 41 286
325 2680 42 36 p.
397 2669 109 40 incl.
533 2669 149 41 front,
712 2670 159 48 (map)
941 2669 55 41 19½
1029 2672 43 21 cm
1077 2703 8 7 .

148 2722 1996 54 © 1c. Dec. 26, 1933; A ad int. 18562; pubd. Oct. 25; W. C. Harvey,
215 2784 209 40 London.
497 2785 250 47 (34-1679)

142 2855 242 68 Hewitt,
414 2860 295 53 Kathleen
740 2861 281 65 Douglas,
1054 2865 170 49 1893-

213 2936 215 68 Fetish,
461 2938 73 67 by
569 2938 285 52 Kathleen
891 2940 237 52 Hewitt.
1198 2940 259 67 London,
1492 2942 68 50 E.
1596 2941 280 52 Mathews
1912 2943 45 50 &
1992 2940 152 52 Mar-

146 3020 105 61 rot,
279 3014 122 69 ltd.,
431 3019 151 49 1933.

214 3089 27 38 4
267 3099 43 37 p.
369 3119 9 17 l.,
406 3088 87 40 280
519 3101 42 37 p.
623 3090 54 40 19
681 3093 44 20 cm
730 3123 8 8 .

217 3146 161 41 “First
409 3147 198 46 edition,
642 3148 292 48 September,
970 3148 156 41 1933.”

145 3200 1996 59 © 1c. Dec. 12, 1933 ; A ad int. 18579; pubd. Oct. 16; K. D. Hewitt,
215 3261 209 41 London.
497 3263 249 47 (34-1369)

143 3333 261 58 Historic
452 3338 397 68 Westchester,
903 3343 323 50 1683—1933.
1321 3342 287 68 Glimpses
1658 3344 63 52 of
1770 3350 209 63 county
214 3345 1903 136 history,

395 3415 1751 73 by Elisabeth Cushman … Historic sites, by Herbert
213 3493 1316 72 B. Nichols … [Tarrytown, N. Y., c 1933]
215 3567 98 46 viii,
349 3567 189 49 [9]-135.
573 3588 9 29 [1]
661 3580 42 36 p.
736 3569 108 40 incl.
875 3570 164 46 front.,
1072 3571 141 40 illus..
1244 3572 119 40 fold.
1395 3583 124 36 map.
1580 3573 54 40 23½
1668 3576 44 21 cm
1718 3607 8 8 .

216 3624 179 40 Folded
424 3635 111 37 map
563 3628 226 38 mounted
821 3639 57 28 on
910 3627 335 48 lining-paper.

215 3681 326 41 Westchester
575 3685 176 45 county
783 3684 287 47 publishers,
1105 3684 89 40 inc.
1227 3686 122 39 have
1382 3686 245 48 reprinted
1663 3688 81 38 the
1776 3687 187 41 revised
1998 3689 150 39 series

145 3737 50 39 of
243 3739 114 39 Mrs.
405 3738 286 41 Cushman’s
738 3740 210 47 articles,
996 3741 158 40 which
1200 3744 241 45 appeared
1489 3743 48 39 in
1585 3743 217 47 October,
1852 3744 127 48 1933,
2027 3744 118 40 with

145 3795 259 48 additions,
433 3796 47 38 in
512 3796 98 40 this
639 3798 205 39 booklet,
906 3798 60 47 cf.
998 3799 182 38 Introd.

151 3848 50 51 ©
227 3854 113 39 Dec:
365 3853 68 47 30,
461 3854 112 40 1933
593 3865 7 35 ;
630 3855 64 38 2c.
724 3856 95 38 and
846 3855 79 39 aff.
956 3855 106 39 Jan.
1092 3855 38 46 9,
1158 3855 140 47 1934;
1328 3857 40 38 A
1396 3856 169 48 68787;
1595 3858 331 39 Westchester
1953 3858 191 45 county,

210 3911 174 45 pubrs.,
413 3912 103 46 inc.,
545 3912 231 40 Yonkers.
806 3912 53 39 N.
890 3913 54 38 Y.
1016 3913 249 49 (34-1545)
