2350 4196
1150 4021 97 49 138

215 405 220 64 Magill,
464 406 231 52 Arthur
726 406 159 62 Clay.

286 481 120 52 The
433 483 239 52 calcium
701 483 359 67 antagonism
1084 483 62 49 in
1173 481 104 52 soil
1307 482 110 51 and
1448 482 107 51 oak
1581 482 178 53 wood,
1786 483 74 66 by
1887 483 223 51 Arthur
2140 483 60 53 C.

219 558 1982 70 Magill … Yashville. Tenn.. George Peabody college for
213 637 269 52 teachers.
516 641 148 50 1933.

285 712 26 39 3
342 722 39 36 p.
415 712 42 38 1..
490 722 42 36 p.
564 711 215 40 275-322.
839 711 127 38 illus.
997 710 157 47 (map)
1196 710 175 47 diagrs.
1434 711 56 39 23
1492 712 44 21 cm
1543 743 6 6 .
1622 710 296 48 (Half-title:
213 709 1973 99 Contribution

359 777 50 30 to
453 768 256 40 education
752 768 255 47 published
1051 768 151 39 under
1248 767 81 39 the
1375 766 235 40 direction
1656 767 51 39 of
1754 766 180 47 George
1980 767 224 46 Peabody

215 826 175 46 college
416 826 78 38 for
523 826 232 45 teachers,
783 835 73 29 no.
886 824 109 48 109)

284 882 170 40 Thesis
548 893 52 28 (PH.
663 913 6 6 D.
683 881 270 47 )—George
982 881 223 46 Peabody
1239 881 177 46 college
1444 880 79 39 for
1555 880 234 46 teachers,
1822 879 126 40 1933.

314 939 266 46 Reprinted
614 938 130 39 from
778 939 81 38 the
897 939 205 38 Journal
1141 938 48 39 of
1226 938 82 39 the
1343 938 268 38 Tennessee
1650 937 230 45 academy
1918 936 50 39 of
2005 934 196 40 science,

213 995 595 55 vol. VIII (July). 1933.
285 1052 412 48 Bibliographical
731 1053 276 38 foot-notes.

220 1118 44 51 ©
300 1122 99 41 Oct.
431 1123 67 39 12.
531 1122 113 40 1933;
705 1123 64 39 2c.
805 1123 95 37 and
932 1121 78 39 aff.
1045 1122 109 38 Dec.
1188 1120 24 39 6:
1273 1122 42 36 A
1347 1120 167 39 68731:
1550 1121 52 38 A.
1639 1119 47 41 C.
1721 1119 182 47 Magill.
1937 1117 264 39 Nashville.

292 1179 219 47 (34-812)

275 1295 1904 130 … The Martindale-Hubbell law directory (annual) Martindale’s
497 1375 303 51 American
844 1375 108 49 law
994 1373 300 67 directory.
1337 1374 334 51 1868-1930:
1716 1372 298 52 Hubbell's
2055 1371 147 68 legal

285 1450 301 68 directory.
635 1453 337 64 1870-1930;
1026 1451 117 52 The
1190 1451 634 52 Martindale-Hubbell
1870 1451 107 49 law

283 1449 1918 147 directory. 1931-1933. January. 193d … [66th year] New
282 1607 179 54 York.
490 1607 648 56 Martindale-Hubbell.
1171 1608 104 52 inc.
1355 1609 151 63 [c1934]

281 1680 26 39 2
335 1693 41 27 v.
434 1681 56 39 26
492 1683 44 20 cm
541 1714 6 6 .

220 1734 1982 51 © Jan. 9. 1934; 2c. and aff. Jan. 29: A 69225: Martindale-Hubbell. inc.
213 1855 189 61 Mead,
435 1857 192 61 Cyrus
658 1857 81 51 De
769 1855 169 64 Witt,
971 1858 172 50 1875-

281 1930 1921 71 The transitional public school, by Cyrus D. Mead … and
212 2007 1991 70 Fred W. Orth … with an introduction by Frank Pierrepont
211 2084 1758 71 Graves … New York. The Macmillan company, 1934.
283 2160 116 38 xxii.
432 2158 84 40 371
545 2169 43 37 p.
650 2159 141 50 illus.,
825 2160 177 46 diagrs.
1062 2158 144 40 20½cm.

282 2215 101 39 “An
423 2218 207 44 attempt
667 2218 49 37 to
757 2216 234 40 reconcile
1032 2217 94 38 and
1167 2215 277 40 harmonize
1487 2217 94 38 and
1622 2215 210 40 mediate
1874 2216 82 39 the
211 2213 1990 98 subject-centered

477 2272 161 47 public
683 2273 159 38 school
889 2274 95 38 and
1028 2273 80 39 the
1157 2272 397 39 'child-centered'
1603 2272 204 46 activity
1854 2270 347 48 experimental

209 2327 397 41 school.”—Pref.

279 2382 225 41 Includes
534 2383 389 49 bibliographies.

213 2438 1985 51 © Jan. 23. 1934; 2c. and aff. Jan. 24: A 69179: C. D. Mead. Berkeley,
283 2499 155 40 Calif.,
468 2501 93 37 and
588 2500 125 39 Fred
801 2531 6 6 W.
839 2500 133 40 Orth.
1001 2500 92 39 Los
1119 2501 216 46 Angeles.
1412 2500 249 41 (34-2430)

211 2616 281 64 Medlock,
522 2617 280 55 Addison.

280 2691 325 53 Eat-drink
633 2698 57 45 to
720 2691 62 52 be
811 2692 233 67 healthy
1073 2693 110 51 and
1212 2707 300 38 tomorrow
1541 2711 111 49 you
1681 2695 128 66 live,
1838 2693 72 68 by
1940 2692 261 54 Addison

211 2769 1308 69 Medlock … Salt Lake City, Utah, c 1933.
281 2841 67 47 87,
382 2842 55 48 [1]
469 2852 42 37 p.
572 2841 127 40 illus.
867 2873 9 7 19cm.

220 2898 1960 100 © Jan. 1. 1934; 2c. Dec. 26. 1933; aff. Jan. 10. 1934; A 67949: A. Medlock.
434 2959 95 40 San
563 2959 222 38 Antonio.
857 2959 249 46 (34-2477)

209 3076 269 64 Meynell,
509 3078 299 52 Laurence
838 3079 103 62 W.,
973 3080 170 49 1899-

353 3154 129 51 Watch
520 3154 94 51 the
654 3155 147 55 wall,
840 3154 168 58 being
1048 3173 69 32 an
1157 3154 248 62 exciting
1443 3156 281 53 interlude
1763 3157 59 51 in
1860 3158 94 51 the
1992 3155 105 55 life
2137 3157 64 52 of

208 3232 1983 68 a young man, by Laurence W. Meynell … London [etc.]
208 3309 65 52 G.
307 3308 66 54 G.
403 3309 235 66 Harrap
669 3311 44 49 &
741 3328 76 33 co.,
865 3310 101 51 ltd.
1057 3312 115 62 [1933]

277 3383 84 39 253
403 3393 42 36 p.
506 3382 113 39 19cm.

212 3436 1965 107 © 1c. Jan. 24. 1934; A ad int. 18651: pubd. Nov. 24. 1933; J. B. Lippincott co., Philadelphia.
948 3496 246 46 (34-3283)

209 3614 206 64 Miller,
447 3617 136 51 Mrs.
618 3614 161 53 Alice
812 3615 217 62 (Duer)
1072 3615 168 52 1874-

341 3692 1853 69 … Come out of the pantry. New York. Dodd, Mead &
212 3785 293 51 company.
539 3773 148 51 1934.

274 3845 28 36 4
329 3854 41 36 p.
399 3845 27 35 l.,
473 3843 174 48 [3]-266
674 3853 41 37 p.
774 3842 55 40 19½
861 3845 43 20 cm
911 3876 5 6 .

216 3895 1979 51 © Feb. 28. 1934; 2c Mar. 2; aff. Mar. 7: A 70551: A. D. Miller. New
276 3957 142 39 York.
