2350 4196
1080 4010 95 54 827

239 440 62 47 ix,
333 438 85 40 234
447 450 42 38 p.
549 439 56 40 23
609 442 44 21 cm
657 471 8 9 .

243 496 226 41 “Certain
499 498 138 47 parts
666 497 53 40 of
747 497 98 41 this
875 499 121 39 book
1024 508 109 37 may
1166 498 159 39 reveal
1356 497 64 40 its
1452 497 169 49 origin,
1651 507 27 29 a

1709 497 316 41 dissertation
168 500 1975 95 submitted
367 565 28 30 a
422 554 96 40 few
545 564 142 37 years
714 565 90 38 ago
832 557 48 38 to
910 556 80 40 the
1019 555 116 40 Yale
1163 554 200 49 English
1391 554 338 49 faculty.”—p.
1758 555 78 39 vii.

239 610 374 51 Bibliography:
647 623 41 37 p.
721 611 216 41 215-223.

172 679 50 51 ©
253 684 123 39 June
405 684 66 47 18,
499 683 140 46 1934;
670 684 66 39 2c.
765 685 125 38 June
919 685 82 39 27:
1032 683 81 40 aff.
1141 685 128 38 June
1294 684 81 46 25;
1406 684 45 44 A,
1476 683 168 46 72999;
1678 685 161 39 Board
1869 685 51 39 of
1949 687 210 38 trustees

238 740 51 40 of
323 741 79 39 the
437 741 180 39 Leland
654 740 232 40 Stanford
920 740 166 48 junior
1119 740 140 47 univ.,
1298 740 233 40 Stanford
1568 740 294 48 University,
1900 741 144 41 Calif.

248 797 278 47 (34-18350)

161 898 329 67 Bordeaux,
524 902 221 64 Henry,
780 901 170 54 1870-

293 976 1864 71 … Le barrage, roman … Illustrations de Georges Robert.
166 1055 201 68 [Paris]
404 1056 67 52 E.
502 1056 391 54 Flammarion
929 1091 12 33 [
947 1063 17 21 c
970 1059 134 50 1934
1108 1090 12 33 ]

229 1129 725 49 284 p., 1 l. plates. 18½c m .
167 1183 1987 53 © May 17, 1934; 1c. June 1; A-Foreign 24706; Ernest Flammarion.
246 1244 279 49 (34-18667)

160 1345 273 65 Bussard,
466 1348 202 54 James
701 1349 254 53 Herbert
989 1348 243 63 Siward,
1268 1352 168 49 1888-

230 1424 187 56 Social
449 1425 217 69 change
696 1428 111 51 and
838 1425 171 55 social
1043 1426 298 68 problems,
1371 1426 75 67 by
1477 1425 194 54 James
1702 1427 76 52 H.
1816 1425 55 55 S.
1907 1428 247 53 Bossard

217 1504 1727 68 … New York and London, Harper & brothers, 1934.
227 1576 1927 50 xii p., 1 l., 786 p. diagrs. 22 cm . (On cover: Harper’s social science
156 1634 176 48 series)

228 1691 161 41 “First
422 1691 226 42 edition.”

228 1748 144 41 “This
405 1750 190 39 volume
628 1749 41 41 is
702 1752 51 38 at
787 1760 113 31 once
934 1761 26 29 a
998 1749 203 41 revision
1236 1751 94 39 and
1364 1760 60 29 an
1458 1751 329 46 enlargement
1821 1750 50 41 of
1904 1751 248 40 Problems

155 1807 51 39 of
233 1806 148 41 social
409 1807 283 49 well-being,
722 1806 157 41 which
906 1808 240 47 appeared
1175 1808 47 38 in
1252 1805 348 42 1927.”—Pref.

228 1863 319 41 “References
594 1864 78 40 for
718 1864 196 40 further
963 1863 225 49 reading”
1237 1867 51 37 at
1335 1865 88 39 end
1473 1864 50 39 of
1570 1866 116 38 each
1734 1865 200 47 chapter
1980 1867 167 46 except

153 1920 202 48 chapter
385 1921 306 47 twenty-one.

160 1974 1931 53 © June 18, 1934; 2c. June 19; aff. June 20; A 72876; Harper & bros.
236 2035 280 49 (34-18366)

151 2137 232 68 Bowen,
412 2139 226 55 Wilbur
668 2141 250 65 Pardon,
951 2144 321 50 1864-1928.

286 2218 1863 70 … Applied anatomy and kinesiology; the mechanism of
153 2297 1996 68 muscular movement, by Wilbur Pardon Bowen … 5th ed.,
152 2375 1969 130 rev. by R. L. Boughner … and E. J. Rynearson … Illustrated with
576 2457 100 48 233
722 2454 362 69 engravings.
1165 2456 425 68 Philadelphia,
1635 2456 115 54 Lea
1797 2460 45 49 &
1886 2457 261 68 Febiger,

150 2533 152 50 1934.

223 2603 85 40 361
352 2615 43 37 p.
455 2603 116 42 fold,
620 2604 162 49 front.,
831 2606 127 40 illus.
989 2606 134 48 (part
1168 2607 109 48 col.)
1333 2608 178 49 diagrs.
1573 2609 25 38 24cm.
1760 2609 122 47 (The
1928 2611 219 48 physical

150 2660 258 41 education
434 2662 163 47 series,
626 2663 71 40 ed.
725 2663 59 47 by
812 2662 56 41 R.
897 2663 52 40 T.
980 2663 281 48 McKenzie)

219 2717 375 50 Bibliography:
625 2730 43 38 p.
698 2718 217 42 344-345.

153 2773 50 51 ©
234 2778 128 39 June
386 2778 69 46 20,
482 2777 113 41 1934;
654 2779 65 39 2c.
750 2778 125 40 June
903 2778 82 42 20;
1018 2778 78 39 aff.
1129 2780 113 47 July
1271 2780 50 42 6;
1355 2781 40 38 A
1424 2782 140 39 73143;
1626 2783 94 40 Lea
1753 2784 35 39 &
1818 2783 216 48 Febiger.

232 2834 279 48 (34-18354)

167 2938 287 65 [Branson,
486 2939 252 52 Edward
768 2938 274 67 Regnier]

215 3017 134 50 1934
414 3016 202 67 pocket
681 3018 360 65 supplement
1108 3019 333 68 connecting
1504 3022 348 53 Wermuth’s
1917 3023 227 53 Illinois

144 3092 180 54 forms
364 3095 111 51 and
513 3095 329 66 precedents
882 3095 138 52 with
1060 3096 220 54 Elson’s
1319 3098 227 55 Illinois
1586 3099 179 54 forms
1805 3102 112 51 and
146 3121 1972 118 precedents,

355 3172 1785 71 under the Civil practice act, by Alex Elson … v. 1, 2.
148 3250 433 68 [Indianapolis]
620 3252 120 51 The
773 3250 441 54 Bobbs-Merrill
1248 3273 297 51 company,
1603 3260 147 50 c1934.

217 3324 28 39 2
270 3336 42 27 v.
369 3325 55 39 25½cm.

217 3381 153 39 These
401 3382 273 46 pamphlets
706 3392 82 30 are
821 3382 47 39 to
900 3381 55 39 be
986 3381 138 40 fitted
1154 3382 100 41 into
1288 3385 81 39 the
1400 3387 197 45 pockets
1629 3388 54 38 at
1712 3389 83 38 the
1825 3389 121 39 back
1979 3390 50 38 of
2060 3390 81 41 the

146 3439 214 38 volumes
387 3438 50 39 of
463 3439 80 38 the
570 3440 72 38 set
670 3439 48 38 to
745 3437 157 40 which
930 3438 113 47 they
1068 3439 181 48 belong.

149 3491 50 51 ©
228 3495 125 39 June
379 3494 68 46 23,
475 3494 141 44 1984;
645 3494 65 40 2c.
740 3494 116 40 each
884 3495 126 40 June
1036 3494 82 47 27;
1149 3496 106 40 affs.
1285 3497 121 48 July
1429 3499 52 47 9;
1510 3500 43 38 A
1577 3501 156 47 73353,
1763 3502 170 47 73354;
215 3503 1927 87 Bobbs-Merrill

431 3561 66 30 co.

142 3653 384 66 Burgdörfer,
558 3652 323 67 Friedrich,
914 3657 171 50 1890-

279 3730 1863 63 … Sterben die weissen v ölker? Die zukunft der weissen und
147 3808 1970 148 farbigen völker im lichte der biologischen Statistik … München,
334 3887 66 54 G.
431 3888 69 51 D.
528 3888 89 50 W.
650 3886 267 69 Callwey,
948 3889 147 49 1934.
