2350 4196
0 0 0 0 5
168 360 231 66 Cowan,
430 361 222 53 Robert
683 360 237 62 Ernest,
952 359 171 50 1862-

235 443 54 51 A
323 438 406 68 bibliography
766 435 63 54 of
862 436 95 52 the
989 434 221 66 history
1245 433 64 53 of
1345 432 344 66 California,
1728 436 325 62 1510-1980,
2088 432 73 67 by

174 510 1987 61 Robert Ernest Cowan and Robert Granniss Cowan … San
167 595 321 66 Francisco,
515 594 241 53 Printed
783 593 74 66 by
885 593 55 53 J.
968 592 76 52 H.
1075 590 175 65 Nash,
1280 592 150 50 1933.

239 670 26 39 3
292 680 43 30 v.
395 667 55 40 29½c
499 670 26 19 m
533 700 7 8 .

240 726 162 45 Paged
432 723 352 46 continuously.
848 721 171 40 Issued
1052 720 49 38 in
1134 729 122 32 case.

243 782 160 40 “With
436 782 64 38 its
532 780 264 39 limitation
831 782 47 36 to
910 776 286 47 California,
1230 776 81 39 the
1345 777 112 46 plan
1492 774 50 40 of
1575 775 80 38 the
1688 777 194 44 present
1916 774 131 39 work
2080 775 88 39 has

171 842 84 37 not
287 840 116 39 been
436 838 217 46 changed
685 836 127 39 from
845 836 109 39 that
986 834 50 40 of
1072 833 68 49 [‘A
1173 833 334 46 bibliography
1542 831 51 39 of
1626 832 82 39 the
1742 830 187 48 history
1962 831 51 39 of
171 831 1977 104 California
365 897 95 38 and
490 895 81 39 the
600 893 177 39 Pacific
809 893 132 46 west,
974 889 289 48 1510-1906’,
1294 889 255 48 published
1580 889 65 48 in]
1678 887 351 41 1914."—Pref.

511 987 102 17 CONTENTS.—I.
646 964 41 38 A
717 966 48 37 to
796 963 59 47 K,
889 961 365 40 inclusive.—n.
1287 960 37 38 L
1356 963 48 37 to
1437 960 46 47 Z,
1517 959 249 39 inclusive.
1828 959 230 39 Addenda
2103 958 66 49 (p.

173 1021 389 49 702-704)—[III]
590 1021 128 39 Title
741 1021 96 38 and
860 1019 188 47 subject
1073 1018 158 39 index.
1286 1016 367 48 Chronological
1678 1016 161 41 index.
1892 1016 95 40 Not
2010 1016 161 40 dated.

172 1078 344 48 Pseudonyms.

173 1146 50 51 ©
263 1150 125 47 Sept.
426 1151 39 45 1,
501 1148 139 47 1933;
679 1150 65 38 2c.
784 1149 117 38 each
939 1148 109 39 Dec.
1088 1148 81 46 11;
1209 1146 81 39 aff.
1329 1146 108 39 Jan.
1476 1145 39 47 6,
1554 1145 140 46 1934;
1735 1146 40 38 A
1813 1145 170 46 68840;
2071 1177 7 7 R.
2119 1145 52 39 E.

240 1207 178 40 Cowan
442 1208 96 37 and
563 1206 180 39 Robert
770 1205 237 39 Granniss
1034 1204 191 46 Cowan,
1252 1204 92 39 Los
1370 1203 220 47 Angeles.
1664 1202 221 49 (34-791)

174 1322 207 67 David,
410 1326 167 51 Evan
603 1325 173 64 John,
806 1327 168 49 1881-

241 1399 1935 71 For love and gold, by Evan J. David … New York, The
171 1481 303 68 Macaulay
507 1499 280 50 company
827 1514 13 34 [
845 1487 17 21 c
868 1483 171 65 1934]-

239 1555 87 40 316
359 1565 44 37 p.
492 1551 26 42 19½c
567 1556 28 21 m
600 1586 9 9 .

176 1622 50 51 ©
254 1627 108 39 Jan.
390 1626 39 46 3,
457 1625 139 47 1934;
625 1626 66 39 2c.
721 1626 94 38 and
843 1625 81 39 aff.
953 1625 109 39 Jan.
1091 1625 51 45 5;
1172 1624 41 39 A
1239 1624 169 47 67852;
1440 1625 261 46 Macaulay
1728 1635 67 29 co.

255 1682 220 48 (34-368)

175 1799 272 66 Dawson,
480 1799 341 65 Coningsby
851 1799 275 67 William,
1161 1804 172 49 1883-

242 1878 121 52 The
414 1896 167 33 moon
634 1877 249 68 through
937 1878 152 68 glass
1163 1877 91 68 [by]
1314 1877 331 69 Coningsby
1697 1878 266 52 Dawson.
2040 1878 135 52 New

177 1956 175 68 York,
382 1956 70 52 A.
483 1956 71 51 A.
587 1955 224 68 Knopf,
845 1958 151 50 1934.

244 2028 647 51 5 p. l. , 3-475, [1] p. 19½cm.
245 2101 163 40 “First
440 2100 227 42 edition.”

177 2170 51 51 ©
262 2174 109 40 Jan.
405 2175 38 45 8,
476 2172 140 46 1934;
651 2173 67 39 2c.
752 2173 109 39 Jan.
896 2172 52 48 9;
984 2172 80 40 aff.
1099 2173 108 39 Jan.
1242 2172 81 47 10;
1360 2173 41 38 A
1433 2172 143 40 67912
1595 2183 8 36 ;
1642 2173 274 47 Coningsby
1950 2174 227 46 Dawson,

242 2231 223 46 Newark,
500 2230 55 41 N.
590 2231 40 39 J.
711 2230 219 48 (34-690)

182 2349 81 50 De
294 2349 227 63 Forest,
553 2348 179 53 Louis
763 2346 354 66 Effingham,
1151 2351 171 49 1891-

250 2425 120 53 The
420 2425 370 52 descendants
841 2425 61 52 of
952 2426 112 54 Job
1114 2426 338 67 Atterbury,
1501 2427 74 67 by
1623 2429 64 50 L.
1738 2424 325 72 Effingham
2113 2429 68 51 de

181 2504 2000 70 Forest … and Anne Lawrence de Forest. New York, N. Y.,
181 2583 120 51 The
326 2584 86 52 De
437 2584 203 50 Forest
665 2581 336 68 publishing
1027 2599 296 51 company,
1352 2585 150 49 1933.

249 2656 83 40 157
363 2667 41 36 p.
464 2656 139 39 front.
644 2656 171 47 (port.)
883 2656 55 39 24
942 2658 42 20 cm
991 2688 7 8 .

181 2712 1985 105 "This genealogy was … privately published in a work entitled Atterbury
342 2772 96 37 and
480 2770 146 40 allied
666 2769 230 40 families.
966 2770 130 40 That
1138 2770 121 39 book
1300 2770 181 48 having
1523 2782 26 28 a
1593 2781 117 38 very
1752 2772 189 40 limited
178 2773 1987 101 circulation,

322 2826 1861 52 the Atterbury material … has been rearranged and reprinted for a
182 2884 148 38 wider
361 2883 699 41 distribution.”—Foreword.

254 2941 375 47 Bibliography:
662 2951 43 37 p.
741 2939 246 51 [137]-140.

185 3005 51 52 ©
265 3011 110 38 Dec.
404 3011 68 46 22,
501 3009 139 47 1933;
672 3011 66 38 2c.
768 3011 107 38 Jan.
905 3011 39 47 8,
973 3011 140 47 1934;
1145 3011 81 41 aff.
1255 3013 107 39 Jan.
1394 3013 52 47 9;
1477 3015 42 37 A
1546 3014 169 49 68799;
1748 3017 51 39 L.
1829 3018 52 40 E.
1912 3020 58 37 de
2000 3018 184 46 Forest,

251 3067 116 39 New
395 3068 145 40 York.

187 3185 143 63 Dell,
361 3186 176 51 Ethel
566 3187 157 62 May.

256 3261 120 54 The
407 3263 258 51 destined
693 3263 160 52 hour.
936 3265 362 65 [Instalment
1330 3272 46 61 1]

287 3337 59 38 (In
376 3333 135 43 Good
538 3334 313 42 needlework
880 3335 277 51 magazine,
1188 3336 129 52 Dec.,
1350 3339 143 50 1933)

189 3402 1998 64 © 1c. Jan. 10, 1934; A ad int. 18606; pubd. Nov. 10, 1933; Ethel Mary
261 3464 198 47 Savage,
491 3464 218 47 Sleepers
735 3464 118 47 Hill,
882 3465 237 40 Breeders
1147 3467 144 48 Lane,
1320 3469 319 50 Winchester,
1670 3474 222 47 England.

192 3582 215 62 Drake,
436 3583 264 54 Francis.

259 3659 113 68 Big
395 3658 185 69 flight,
603 3659 74 68 by
702 3659 239 53 Francis
966 3661 112 52 and
1104 3661 323 57 Katharine
1451 3666 210 54 Drake.
1739 3671 232 69 Boston,
1996 3674 195 69 Little,

194 3740 204 50 Brown
430 3738 111 51 and
571 3754 297 50 company,
900 3741 147 50 1934.

259 3810 699 49 4 p. l. , 3-284, [1] p. 20 cm .
194 3879 50 51 ©
279 3884 108 39 Jan.
420 3882 37 46 5,
488 3881 142 46 1934;
664 3881 66 40 2c.
764 3882 95 38 and
893 3881 81 39 aff.
1009 3882 106 40 Jan.
1151 3883 51 47 9;
1237 3884 42 39 A
1311 3886 170 48 68788;
1517 3889 163 50 Little,
1716 3894 190 46 Brown,
1942 3902 96 37 and
261 3910 1912 77 company.
473 3937 220 49 (34-694)
