2350 4196
1179 4000 98 48 958

264 372 213 54 [Smith.
508 374 217 52 Ernest
753 373 257 52 Bramah]

314 450 119 52 The
463 450 175 51 bravo
669 449 62 53 of
762 451 255 55 London,
1047 450 34 51 by
1156 451 206 50 Ernest
1393 450 252 50 Bramah
1698 449 212 65 [pseud.]
1988 450 237 52 London

253 531 135 63 [etc.]
422 528 214 54 Cassell
661 532 44 48 &
731 547 96 47 co.,
853 529 101 52 ltd.
988 532 170 63 [1934]

317 602 27 37 4
371 611 41 36 p.
461 632 7 8 l.,
511 598 97 48 310,
684 620 9 28 [1]
724 611 41 36 p.
827 600 143 40 19½cm.

249 654 1980 50 © 1c. July 20, 1934; A ad int. 19171; pubd. May 24; E. B. Smith, London.
329 713 278 48 (34-22032)

242 818 270 64 Spencer,
546 819 252 51 Edward
828 817 257 55 Whiton.

315 894 54 52 A
411 897 230 50 manual
685 894 63 53 of
792 894 353 53 commercial
1186 896 128 56 law,
1359 893 330 68 containing
1734 912 29 33 a
1811 893 163 66 clear,
2017 892 213 52 concise

246 973 111 51 and
391 972 208 68 logical
633 973 320 66 exposition
988 973 62 52 of
1082 973 94 51 the
1210 973 149 51 rules
1393 972 248 66 relating
1674 976 57 47 to
1765 971 251 52 business
246 975 1959 127 transactions
487 1050 111 51 and
621 1050 96 53 the
742 1056 396 62 management
1164 1050 62 52 of
1254 1048 211 68 affairs,
1491 1050 75 67 by
1591 1049 254 52 Edward
1869 1050 89 53 W.
1986 1049 245 67 Spencer

382 1127 1848 69 … 4th ed. Indianapolis, The Bobbs-Merrill company, 1934.
316 1198 134 49 xviii,
484 1201 85 39 736
599 1211 40 36 p.
702 1201 127 40 illus.
889 1201 144 40 23½cm.

247 1254 51 51 ©
330 1258 115 47 July
472 1257 68 47 10,
569 1258 112 40 1934;
740 1259 64 39 2c.
836 1261 94 37 and
959 1258 80 40 aff.
1071 1259 115 46 July
1214 1258 81 46 16;
1328 1258 41 38 A
1398 1258 169 46 73471;
1600 1258 367 40 Bobbs-Merrill
1997 1268 67 30 co.

329 1314 278 48 (34-21666)

239 1417 251 67 Stabler,
525 1419 245 54 Charles
800 1420 283 64 Norman,
1120 1422 169 49 1901-

314 1497 121 51 The
462 1496 268 53 financial
757 1497 210 52 section
999 1497 62 52 of
1092 1516 29 33 a
1150 1515 348 49 newspaper,
1526 1497 75 67 by
1629 1496 63 55 C.
1720 1496 256 52 Norman
2007 1496 224 54 Stabler

372 1574 1048 68 … New York, Herald tribune, 1933.
317 1646 55 39 54
402 1657 43 37 p.
505 1647 177 47 diagrs.
743 1648 116 40 26cm.

248 1701 50 50 ©
337 1706 107 39 Dec.
483 1706 37 46 7,
556 1705 139 46 1933;
734 1705 65 40 2c.
837 1706 126 39 June
997 1706 68 45 25,
1102 1704 139 47 1934;
1280 1705 81 40 aff.
1398 1706 114 47 July
1547 1706 81 46 21;
1667 1705 40 39 A
1743 1705 168 46 74295;
1952 1706 116 38 New
2102 1707 131 38 York

318 1762 204 46 tribune,
550 1762 103 47 inc.,
682 1763 116 38 New
824 1763 144 38 York.
1040 1762 277 48 (34-21668)

239 1865 230 64 Taylor,
499 1866 232 54 Phoebe
759 1866 266 55 Atwood.

419 1941 1812 69 … Sandbar sinister; an Asey Mayo mystery. New York,
241 2021 86 52 W.
356 2021 89 52 W.
476 2020 221 52 Norton
725 2022 46 50 &
799 2037 295 49 company,
1122 2019 105 53 inc.
1263 2022 190 64 [c1934]

311 2093 87 40 294
433 2104 43 38 p.
536 2093 146 41 19½cm.

314 2150 162 41 “First
515 2149 225 42 edition.”

247 2204 51 51 ©
337 2209 114 47 July
489 2208 69 45 26,
596 2208 140 39 1934;
775 2208 67 40 2c.
881 2209 95 38 and
1013 2207 81 41 aff.
1133 2208 114 47 July
1285 2208 81 45 31;

1408 2208 40 38 A
1487 2208 168 41 73674;
1696 2209 51 38 P.
1786 2208 53 40 A.
1879 2208 191 46 Taylor,
2112 2210 122 38 East

319 2266 195 45 Boston,
545 2266 144 38 Mass.
765 2264 276 48 (34-21695)

240 2366 352 65 Thompson,
626 2369 251 53 Edward
908 2368 172 63 John,
1113 2372 168 48 1886-

313 2443 133 54 Rise
488 2445 112 51 and
644 2443 310 53 fulfilment
996 2443 62 53 of
1101 2444 220 53 British
1364 2444 121 54 rule
1528 2445 59 52 in
1629 2444 190 68 India,
1861 2444 74 69 by
1979 2444 252 53 Edward

244 2520 1987 69 Thompson … and G. T. Garratt. London, Macmillan and co.,
243 2598 239 68 limited,
518 2602 149 50 1934.

313 2671 83 39 xii.
425 2672 85 40 690
537 2682 42 37 p.
635 2681 135 37 maps
810 2672 133 47 (part
969 2672 142 43 fold.)
1176 2671 115 40 23cm.

316 2727 433 48 “Bibliographical
780 2727 139 41 note”
938 2739 8 28 :
977 2738 44 37 p.
1050 2726 214 41 665-670.

249 2782 1981 52 © 1c. July 18, 1934; A ad int. 19159; pubd. May 23; Edward Thompson,
316 2843 199 47 Oxford,
545 2845 235 46 England,
812 2845 95 37 and
937 2843 221 46 Geoffrey
1188 2844 248 39 Theodore
1467 2843 214 48 Garratt,
1713 2844 334 48 Teignmouth,
2081 2844 151 40 South

313 2901 179 46 Devon,
527 2901 233 47 England.
836 2900 277 47 (34-21637)

239 3000 275 68 Tiltman,
550 3003 229 54 Hubert
813 3004 246 63 Hessell,
1096 3003 170 54 1897-

310 3081 244 52 Peasant
586 3083 246 65 Europe,
860 3082 75 66 by
961 3082 76 51 H.
1067 3082 223 51 Hessell
1320 3082 269 52 Tiltman.
1664 3082 255 65 London,
1948 3082 279 55 Jarrolds,

247 3157 234 67 limited,
514 3164 147 49 1934.

317 3241 32 27 X
377 3231 51 47 (i.
458 3242 35 29 e.
522 3232 97 45 xi),
648 3231 172 40 13-282
847 3244 42 36 p.
949 3232 161 46 front.,
1139 3232 168 47 plates,
1336 3234 147 45 ports.
1543 3232 145 40 23½cm.

316 3286 140 47 Maps
484 3299 59 29 on
570 3289 360 47 lining-papers.

318 3344 151 40 Error
491 3346 49 38 in
563 3346 179 47 paging
758 3357 8 27 :
795 3357 41 36 p.
862 3346 51 39 xi
939 3346 213 47 wrongly
1176 3346 261 39 numbered
1461 3358 45 29 x.

247 3398 1980 54 © 1c. June 23, 1934; A ad int. 19095: pubd. Apr. 27; H, H. Tiltman,
314 3460 210 39 London.
596 3460 277 47 (34-22386)

238 3561 323 64 Toudouze,
596 3565 258 61 Georges
889 3565 279 62 Gustave,
1203 3565 170 52 1877-

245 3641 1977 146 Le petit roi d’Ys. par Georges G.-Toudouze … <An adventure story written by a living French author for French boys
247 3798 112 52 and
408 3797 141 67 girls
597 3799 135 66 aged
788 3799 198 51 twelve
1034 3804 57 47 to
1140 3798 229 56 sixteen,
1420 3800 111 51 and
1578 3801 129 51 here
1756 3797 303 68 simplified
2109 3799 111 51 and

246 3874 274 69 abridged
550 3874 93 54 for
672 3875 167 66 rapid
869 3876 331 53 inferential
1229 3876 238 68 reading
1495 3877 74 63 by
1598 3876 243 62 English
1871 3875 255 56 children
2159 3874 63 54 of
