2350 4196
1145 4003 100 48 312

203 370 304 63 Stephani,
540 370 333 54 Frederick.

272 445 1911 69 My candle burns … by Frederick Stephani. New York.
201 524 118 52 The
348 525 304 65 Macaulay
681 542 278 48 company
993 526 190 64 [c1934]

274 597 87 39 315
389 608 42 36 p.
492 597 145 39 19½cm.

206 663 51 51 ©
287 669 120 37 Mar.
435 668 57 38 22,
532 667 139 46 1934;
702 668 63 38 2c.
797 668 94 37 and
921 666 79 40 aff.
1031 667 120 39 Mar.
1180 666 80 46 24;
1292 667 41 37 A
1360 665 169 47 70795;
1563 666 259 46 Macaulay
1850 676 64 28 co.

282 724 249 47 (34-6040)

202 837 386 65 Thorington,
619 841 201 52 James
851 839 258 64 Monroe,
1141 842 169 49 1894-

275 917 164 53 Mont
461 919 182 50 Blanc
668 916 278 53 sideshow;
1001 917 97 52 the
1120 916 104 53 life
1249 917 112 52 and
1385 917 164 51 times
1575 916 62 52 of
1662 915 204 52 Albert
1893 914 207 66 Smith,
2122 915 73 66 by

204 993 1988 70 J. Monroe Thorington … Philadelphia, The John C. Winston
203 1091 295 50 company,
532 1076 152 49 1934.

273 1156 76 36 XV,
381 1145 83 40 255
492 1157 44 37 p.
596 1144 162 49 front.,
788 1146 171 48 plates,
989 1148 163 47 ports.,
1180 1146 214 40 facsims.
1455 1144 115 42 23cm.

273 1202 118 41 Coat
422 1204 51 40 of
501 1213 131 30 arms
664 1215 57 29 on
752 1206 96 46 t.-p.

273 1260 347 49 Bibliography
638 1271 9 29 :
678 1273 42 36 p.
770 1260 233 49 [239]-249.

208 1328 51 51 ©
301 1333 107 39 Jan.
451 1334 67 45 17,
560 1331 139 47 1934;
743 1333 65 38 2c.
852 1333 94 38 and
988 1332 80 39 aff.
1111 1333 119 38 Mar.
1272 1333 81 45 14;
1397 1332 41 38 A
1479 1332 168 46 70663;
1692 1333 42 40 J.
1777 1334 62 38 M.
1880 1332 313 46 Thorington,

270 1390 353 46 Philadelphia.
696 1389 249 48 (34-6075)

198 1504 322 66 Thornton,
548 1505 255 54 William
833 1505 285 66 Wheeler,
1153 1510 170 48 1851-

271 1584 119 52 The
436 1585 109 51 law
592 1585 62 50 of
699 1585 75 51 oil
823 1585 110 51 and
978 1602 117 50 gas,
1138 1584 298 67 including
1479 1584 182 52 forms
1706 1584 61 52 of
1812 1583 76 52 oil
1935 1585 111 51 and
2092 1602 98 50 gas

197 1664 191 64 leases,
436 1667 297 61 contracts,
781 1667 120 61 etc.,
945 1662 258 68 together
1249 1661 140 53 with
1439 1662 307 52 annotated
1792 1666 238 50 statutes
2079 1663 112 51 and

199 1740 1966 145 regulations pertaining to natural gas and oil, by W. W. Thornton … 5th ed., rev. and rewritten by Simeon S. Willis …
199 1915 50 34 y.
293 1900 45 49 6.
380 1899 220 64 Forms,
640 1897 239 54 sections
920 1899 136 49 2992
1096 1902 58 46 to
1193 1896 151 53 3127.
1421 1897 176 52 Table
1639 1896 61 52 of
1742 1915 165 47 cases,
1948 1898 243 54 General

196 1975 188 53 index.
461 1974 346 67 Cincinnati,
843 1975 120 52 The
996 1977 88 52 W.
1121 1976 75 51 H.
1232 1975 302 52 Anderson
1570 1993 278 49 company
1928 1979 151 62 [c1934]

279 2030 727 67 1 p. l., 2733-3275 p. 23½cm.
279 2108 160 46 Paged
472 2105 339 46 continuously
843 2104 120 40 with
993 2104 256 48 preceding
1279 2105 203 39 volume.

279 2164 133 39 First
444 2166 48 36 to
522 2163 171 38 fourth
724 2162 209 39 editions
964 2162 122 38 have
1120 2161 106 39 title
1245 2172 8 27 :
1288 2161 100 39 The
1420 2162 86 38 law
1548 2161 210 48 relating
1789 2163 48 38 to
1871 2159 63 42 oil
1969 2163 93 38 and
2095 2171 99 37 gas.

205 2229 51 51 ©
282 2234 120 38 Mar.
427 2233 68 47 29,
521 2232 114 40 1934;
687 2233 67 39 2c.
780 2233 119 38 Mar.
926 2231 55 40 30;
1036 2231 81 39 aff.
1144 2232 120 38 Mar.
1289 2231 55 39 31;
1399 2231 42 38 A
1466 2231 144 39 71098;
1663 2232 70 39 W.
1760 2232 59 39 H.
1847 2231 253 40 Anderson
2123 2241 67 30 co.

205 2352 301 63 Turnbull,
537 2352 324 63 Margaret.

272 2429 73 53 In
371 2430 94 50 the
487 2428 205 54 bride’s
716 2428 208 52 mirror
971 2428 91 66 [by]
1092 2428 295 65 Margaret
1411 2426 298 53 Turnbull.
1784 2426 405 67 Philadelphia

206 2507 111 52 and
344 2507 255 62 London,
627 2506 53 53 J.
712 2507 65 50 B.
805 2504 337 67 Lippincott
1169 2522 294 48 company,
1492 2508 148 49 1934.

277 2577 98 47 312,
409 2577 55 50 [1]
493 2588 42 37 p.
596 2576 145 41 19½cm.

207 2644 51 51 ©
287 2649 119 38 Mar.
434 2648 40 46 2,
501 2647 115 40 1934;
672 2647 64 39 2c.
766 2648 93 38 and
889 2646 80 40 aff.
998 2647 121 39 Mar.
1147 2646 55 38 24;
1258 2646 41 38 A
1327 2645 141 41 69987;
1528 2647 60 38 51.
1618 2647 250 46 Turnbull,
1898 2647 117 38 New
2042 2647 149 48 Hope,

269 2705 82 39 Pa.
423 2703 248 48 (34-5975)

205 2819 269 66 Wallace,
508 2821 218 64 Edgar,
762 2819 324 55 1875-1932.

274 2899 121 50 The
432 2917 132 35 man
603 2900 125 50 who
768 2899 252 66 changed
1060 2898 87 52 his
1187 2915 162 34 name
1410 2898 74 66 [by]
1548 2900 199 65 Edgar
1785 2900 251 52 Wallace
2076 2899 105 51 and

202 2975 1983 66 R. G. Curtis … Garden City, N. Y., Pub. for the Crime club,
200 3054 125 65 inc.,
355 3052 75 68 by
461 3053 354 66 Doubleday,
846 3055 197 51 Doran
1074 3057 45 48 &
1150 3071 294 48 company,
1475 3053 125 65 inc.,
1634 3057 147 49 1934.

275 3125 558 47 4 p. l., 295 p. 19½cm.
273 3180 161 41 “First
463 3180 226 41 edition.”

203 3234 51 51 ©
281 3239 118 38 Mar.
425 3238 68 46 21,
519 3238 115 40 1934;
687 3239 65 39 2c.
780 3240 95 38 and
901 3238 79 40 aff.
1009 3239 120 38 Mar.
1155 3238 54 38 24;
1263 3239 40 37 A
1328 3238 143 41 70805;
1527 3239 297 47 Doubleday,
1852 3240 164 37 Doran
2043 3239 36 39 &
2104 3247 81 38 co.,

279 3294 89 40 inc.
442 3294 249 48 (34-6041)

205 3409 148 66 Will,
384 3410 226 65 George
641 3412 261 64 Francis,
936 3416 169 49 1884-

268 3487 170 54 Notes
463 3505 68 32 on
555 3487 93 51 the
672 3487 247 55 Arikara
941 3487 235 53 Indians
1199 3488 110 52 and
1333 3487 147 54 their
1503 3487 347 69 ceremonies,
1873 3488 71 68 by
1971 3487 217 67 George

201 3565 64 50 F.
294 3563 154 53 Will.
525 3564 240 69 Denver,
794 3565 137 66 Col.,
959 3566 53 53 J.
1043 3566 299 67 VanMale,
1372 3568 147 50 1934.

271 3635 56 39 48
350 3646 43 36 p.
444 3635 143 39 27½cm.
650 3635 93 47 (On
769 3650 162 30 cover:
955 3639 99 38 The
1079 3639 77 39 old
1178 3639 133 40 West
1336 3640 162 38 series,
1551 3650 73 29 no.
1652 3641 49 46 3)

276 3692 160 40 “First
464 3693 182 39 edition
674 3694 50 38 of
751 3694 55 39 75
834 3694 200 47 copies.”

281 3749 144 40 “This
452 3759 149 37 paper
627 3750 89 39 has
744 3750 50 39 in
820 3754 111 44 part
959 3752 239 47 appeared
1224 3752 165 39 before
1418 3753 49 38 in
1495 3755 94 38 two
1619 3756 223 44 separate
1871 3756 93 38 and
1995 3753 198 42 distinct

205 3805 196 41 articles
425 3807 253 47 published
704 3807 46 38 in
778 3809 81 38 the
882 3809 155 39 North
1061 3809 192 39 Dakota
1278 3808 251 40 historical
1556 3810 397 47 quarterly.”—p.
1996 3813 40 46 [4]

204 3876 51 51 ©
281 3880 110 40 Feb.
417 3880 67 41 26.
512 3881 139 40 1934;
678 3881 66 39 2c.
771 3882 120 39 Mar.
920 3882 51 41 9;
1001 3881 80 41 aff.
1110 3883 117 37 Mar.
1300 3892 7 36 8;
1336 3881 41 39 A
1403 3881 168 48 70613;
1603 3883 50 40 G.
1682 3883 50 41 F.
1762 3884 126 47 Will,
1918 3883 266 42 Bismarck.

270 3937 56 39 N.
355 3938 54 38 D.
482 3937 248 47 (34-5942)
