2350 4196
1087 4007 132 49 1653

136 374 297 66 Schilplin,
463 377 212 51 Maude
810 376 82 51 ed.

204 449 324 55 Minnesota
552 469 173 50 verse,
749 470 72 33 an
846 450 330 68 anthology,
1201 448 191 54 edited
1415 448 75 70 by
1516 448 211 54 Maude
1754 447 63 56 C.
1846 445 289 71 Schilplin

197 524 1868 73 … St. Cloud, Minn., The Times publishing company, 1934.
236 580 1102 84 3 p. l., ix-xxxvi p., 1 l., 268 p. plates. 22½ cm.
209 657 370 48 “Biographical
609 658 194 41 notes”:
834 667 43 38 p.
906 656 216 41 147-204.

210 713 375 48 Bibliography:
623 724 43 37 p.
703 713 216 42 221-268.

140 769 50 50 ©
220 774 116 37 Nov.
367 773 67 40 24.
494 773 111 46 1934;
637 777 65 37 2c.
734 774 117 41 Nov.
881 773 82 46 26;
996 772 81 40 aff.
1109 773 108 38 Dec.
1249 773 53 39 3:
1335 772 38 37 A
1406 772 169 46 77451;
1607 773 61 37 M.
1701 772 47 40 C.
1785 772 249 47 Schilplin,
2069 772 66 41 St.

207 831 165 37 (’loud.
404 831 147 38 Minn.
624 829 279 48 (34-40852)

137 933 414 65 Schmiedeier,
585 935 219 63 Edgar,
841 938 171 50 1892-

138 1010 1975 145 Parent and child; an introductory study of parent education, by Edgar Schmiedeier … and M. Rosa McDonough …
140 1165 136 53 New
327 1165 178 62 York,
553 1166 259 61 London,
860 1166 72 52 D.
981 1164 581 63 Appleton-Century
1611 1182 297 45 company,
140 1166 1976 142 incorporated
454 1246 153 64 [c1934]

208 1316 64 47 xi,
301 1316 80 40 301
415 1327 42 37 p.
515 1316 163 46 front.,
709 1317 169 47 plates.
937 1315 58 40 20½
1024 1317 45 22 cm
1074 1347 9 8 .

207 1373 213 41 Written
445 1373 128 41 from
603 1374 82 39 the
714 1373 222 41 Catholic
965 1372 136 49 point
1129 1371 50 40 of
1207 1371 136 41 view.

209 1429 349 49 Bibliography
586 1433 50 37 at
661 1431 92 39 end
784 1430 52 40 of
862 1430 118 40 each
1010 1430 213 46 chapter.

142 1483 51 51 ©
221 1488 115 38 Nov.
364 1488 68 40 26,
461 1486 140 47 1934;
630 1487 66 39 2c.
722 1488 117 38 Nov.
867 1487 81 46 28;
980 1486 80 41 aff.
1088 1488 109 38 Dec.
1226 1487 52 40 3;
1309 1487 41 38 A
1377 1486 170 47 77406;
1580 1488 55 37 D.
1665 1487 476 48 Appleton-Century

211 1556 80 35 co.,
322 1545 89 40 inc.
482 1544 280 47 (34-40877)

139 1647 456 63 Schoonmaker,
628 1646 218 56 Frank.

211 1724 121 52 The
365 1723 277 68 complete
676 1724 146 53 wine
854 1721 162 69 book,
1052 1722 73 68 by
1160 1722 198 52 Frank
1394 1721 421 56 Schoonmaker
1851 1725 107 51 and
2000 1726 140 51 Tom

143 1802 235 52 Marvel.
455 1801 138 52 New
626 1801 177 64 York,
835 1800 198 55 Simon
1063 1801 112 53 and
1206 1799 288 67 Schuster,
1524 1804 150 49 1934.

209 1878 63 41 xi,
300 1877 98 46 315,
430 1876 54 49 [8]
514 1887 42 37 p.
612 1875 128 40 illus.
769 1874 135 49 (incl.
931 1875 164 49 maps)
1159 1873 115 43 20cm.

212 1934 158 39 Blank
398 1943 146 37 pages
569 1932 79 40 for
674 1933 158 39 “Your
860 1943 104 29 own
995 1933 123 38 wine
1144 1931 195 40 record”
1378 1933 49 47 (8
1455 1937 49 35 at
1533 1933 117 44 end)

212 1989 349 49 Bibliography:
618 2001 42 36 p.
686 1989 216 40 277-280.

145 2043 1998 53 © Dec. 5, 1934; 2c. Dec. 10; aff. Dec. 7; A 77576; Simon & Schuster, inc.
223 2104 279 48 (34-41041)

142 2192 214 67 Smith,
388 2195 201 62 Harry
618 2193 215 57 Baehe,
867 2198 172 50 1860-

213 2271 148 54 How
392 2271 274 55 Sherlock
698 2270 236 53 Holmes
964 2271 193 52 solved
1186 2271 96 53 the
1312 2277 252 60 mystery
1595 2270 63 55 of
1688 2272 212 52 Edwin
1930 2272 216 64 Drood,

144 2349 73 67 by
245 2349 199 66 Harry
473 2349 67 51 B.
574 2346 206 57 Smith.
848 2347 147 55 Glen
1024 2348 175 65 Rock,
1228 2349 121 65 Pa.,
1377 2349 91 53 W.
1496 2348 370 64 Klinefelter,
1898 2352 151 49 1934.

212 2421 468 50 57 p., 1 l. 21½ cm .
216 2477 92 41 “Of
339 2478 99 40 this
471 2477 189 41 volume
695 2477 313 47 thirty-three
1041 2477 158 48 copies
1232 2478 124 40 have
1388 2478 117 40 been
1539 2476 192 50 printed
1765 2478 58 48 by
1861 2479 79 40 the
146 2479 2000 96 South-worth-Anthoensen

664 2543 150 39 press,
848 2533 249 46 Portland,
1131 2532 204 42 Maine.”
1397 2534 118 39 This
1547 2544 118 39 copy
1698 2539 83 36 not
1813 2536 276 40 numbered.

217 2590 290 42 “Published
539 2592 48 38 in
622 2589 244 47 Munsey’s
899 2589 265 48 magazine.
1197 2590 276 41 December.
1508 2589 262 50 1924.”—p.
1821 2593 26 37 [4]

149 2645 1996 52 © Nov. 28. 1934; 2c. and aff. Dec. 7: A 77530: H. B. Smith. New York.
226 2707 278 47 (34-41089)

146 2795 214 64 Smith,
391 2795 257 53 Thomas
677 2795 245 61 Vernor,
957 2799 168 48 1890-
1340 2796 81 51 ed.

217 2872 409 67 Philosophers
656 2869 174 69 speak
864 2868 93 55 for
985 2869 362 68 themselves;
1380 2870 199 69 guides
1612 2872 111 52 and
1756 2872 267 69 readings
2056 2872 94 52 for

149 2949 202 54 Greek.
403 2951 240 63 Roman,
694 2948 111 52 and
858 2948 155 67 early
1068 2945 293 55 Christian
1417 2948 363 69 philosophy,
1831 2949 75 69 by
1960 2950 63 54 T.
2078 2950 69 53 V.

150 3026 206 56 Smith.
426 3025 271 69 Chicago,
729 3024 113 68 Ill.,
872 3024 123 53 The
1024 3023 338 71 University
1395 3024 64 54 of
1493 3024 253 71 Chicago
1778 3045 156 50 press
1991 3030 137 50 [1934]

217 3102 128 40 xxiv,
382 3100 84 40 800
500 3109 42 36 p.
604 3101 54 36 23½c
709 3101 25 19 m

152 3155 1979 106 © Nov. 20. 1934; 2c. Nov. 28: aff. Nov. 30: A 77392: University of Chicago. Chicago. (34-40868)
151 3310 188 58 Snow,
373 3307 159 52 Paul.

219 3384 116 51 Ten
372 3382 147 52 little
554 3380 237 68 virgins,
824 3379 73 67 by
932 3379 143 52 Paul
1115 3377 186 56 Snow.
1370 3379 140 53 New
1547 3379 178 68 York,
1759 3381 90 52 W.
1885 3381 265 55 Godwin.

153 3463 315 61 inc. [ c 1934]
222 3533 84 41 283
338 3544 42 37 p.
442 3532 55 40 19½cm.

154 3586 1996 54 © Nov. 26. 1934; 2c. and aff. Dec. 10; A 77593; William Godwin, inc.
232 3647 280 49 (34-41060)

153 3740 207 63 Späth,
398 3735 287 56 Wilhelm.

225 3814 244 54 Theorie
521 3811 117 52 und
693 3807 195 70 praxis
942 3809 100 52 der
1092 3807 905 74 Schwingungsprüfmaschinen;
154 3835 1970 125 anleitung
416 3909 99 33 zur
558 3885 362 70 ausführung
962 3887 116 51 und
1121 3891 362 65 auswertung
1524 3886 396 69 dynamischer
