2350 4196
1182 4021 100 48 216

213 482 206 66 homes,
472 482 171 66 clubs,
695 483 180 51 hotels
929 483 110 51 and
1091 487 365 60 restaurants,
1510 483 73 66 by
1634 485 53 53 J.
1742 484 69 51 A.
1867 484 327 64 Grohusko;

215 558 211 67 recipes
468 559 93 52 for
601 559 174 67 fancy
812 560 190 52 mixed
1041 559 197 52 drinks
1279 562 111 50 and
1430 561 162 51 when
1632 561 111 52 and
1781 562 127 51 how
1947 567 58 45 to
2044 579 155 35 serve

214 636 285 67 cocktails,
533 637 267 66 cobblers,
832 638 228 66 coolers,
1093 637 259 67 cordials,
1388 637 220 67 daisies,
1641 638 148 67 flips,
1824 638 178 67 fizzes,
213 639 1962 142 highballs,
405 714 203 67 juleps,
642 716 265 65 punches,
941 714 234 67 rickeys,
1210 716 263 65 smashes,
1507 734 175 47 sours,
1716 734 153 49 cups,
1903 734 295 49 sangarees

214 793 113 51 and
353 793 237 51 toddies.
666 793 139 51 .New
833 793 178 55 York,
1040 794 69 51 A.
1139 794 68 50 A.
1238 792 222 67 Knopf,
1491 797 149 49 1933.

287 863 958 50 x p., 2 l., [3]-234, xiv p., 1 l. 191 cm .
304 919 309 49 ‘Completely
642 922 188 39 revised
860 923 94 37 and
987 932 139 30 reset,
1162 921 269 47 December,
1460 921 156 40 1933.”

221 973 52 51 ©
305 978 109 39 Jan.
445 979 38 45 8,
517 978 138 46 1934;
689 979 66 38 2c.
790 979 107 37 Jan.
931 977 50 40 9:
1018 978 79 39 aff.
1133 978 108 40 Feb.
1275 978 80 40 16:
1391 979 40 37 A
1464 977 167 41 70282:
1668 979 149 39 Jacob
1849 980 52 37 A.
1938 978 266 45 Grohusko,

288 1035 116 38 New
427 1036 144 38 York.
635 1031 67 51 [©
727 1034 87 39 100
835 1045 106 28 new
964 1034 182 47 recipes
1172 1035 92 38 and
1292 1038 166 43 toasts,
1486 1036 341 41 introduction,
1854 1036 207 47 preface,
2086 1037 121 46 duty

289 1104 59 27 on
375 1092 189 47 foreign
593 1092 149 39 wines]
830 1092 250 46 (34-4335)

219 1196 227 64 Haney,
475 1195 194 53 Lewis
696 1196 222 64 Henry,
951 1198 169 49 1882-

291 1271 266 54 Business
597 1271 390 68 organization
1028 1273 110 51 and
1177 1271 407 66 combination;
1625 1290 71 33 an
1735 1270 245 69 analysis
2018 1270 62 52 of
2115 1271 94 51 the

222 1349 287 54 evolution
550 1349 112 54 and
700 1356 200 47 nature
941 1349 61 51 of
1040 1349 250 53 business
1331 1348 392 69 organization
1761 1350 61 52 in
1859 1350 95 52 the
1993 1348 217 55 United

224 1427 188 53 States
452 1428 112 51 and
606 1449 31 33 a
678 1427 274 53 tentative
993 1428 244 52 solution
1276 1428 62 52 of
1376 1428 94 51 the
1512 1427 359 69 corporation
1913 1428 112 51 and
2064 1432 148 47 trust

221 1505 1965 146 problems, by Lewis H. Haney … 3d ed. New York, The Macmillan company, 1934.
291 1654 117 48 xxii,
441 1655 84 39 685
555 1666 42 36 p.
657 1655 117 41 fold,
808 1656 168 47 tables,
1009 1656 176 47 diagrs.
1216 1657 48 46 (1
1292 1657 143 47 fold.)
1505 1657 55 39 20½
1593 1660 43 20 cm
1643 1691 7 7 .
1723 1659 296 48 (Half-title:
2055 1658 155 41 Social

223 1711 185 41 science
436 1713 285 47 text-books,
749 1713 69 39 ed.
847 1713 60 47 by
934 1713 54 39 R.
1017 1713 52 41 T.
1097 1713 113 47 Ely)

228 1775 52 51 ©
308 1780 106 38 Feb.
444 1779 38 41 6.
510 1779 114 39 1934;
678 1780 66 39 2c.
773 1780 93 38 and
894 1778 80 40 aff.
1005 1779 109 39 Feb.
1144 1781 49 37 7:
1223 1780 39 37 A
1289 1779 143 39 69337:
1490 1781 280 38 Macmillan
1798 1791 67 29 co.

306 1836 250 48 (34-2314)

228 1940 217 63 Horan,
474 1941 137 51 Mrs.
641 1939 295 55 Kenneth.

293 2014 105 54 It’s
432 2016 145 51 later
612 2016 140 51 than
789 2033 111 50 you
936 2015 185 67 think,
1155 2015 73 69 by
1263 2015 267 52 Kenneth
1567 2016 218 52 Horan.
1862 2016 137 52 New
2045 2014 172 66 York,

227 2091 632 68 R. O. Ballou [ c 1934]
296 2165 25 40 5
347 2176 29 37 p.
452 2197 9 16 l.,
489 2166 143 40 7-322
659 2176 42 37 p.
762 2165 56 41 20
822 2168 42 21 cm
870 2198 7 8 .

232 2226 51 51 ©
309 2232 119 38 Mar.
454 2231 38 39 3.
518 2230 139 40 1934;
685 2229 65 40 2c.
777 2231 93 38 and
896 2230 80 39 aff.
1005 2231 119 38 Mar.
1152 2231 23 38 7:
1230 2231 39 37 A
1295 2230 140 39 70543;
1493 2231 222 38 Kenneth
1745 2230 260 40 O'Donnell
2033 2230 182 46 Horan,

305 2289 261 39 Evanston,
600 2288 74 38 Ill.
745 2287 249 46 (34-4671)

232 2390 299 53 Hubbard.
561 2390 219 63 Joseph
810 2391 271 62 Bradley.

302 2468 120 52 The
452 2467 195 66 banks,
679 2468 95 51 the
804 2468 214 67 budget
1050 2468 111 51 and
1192 2468 269 66 business,
1491 2467 74 67 by
1595 2467 215 66 Joseph
1842 2468 65 49 B.
1940 2465 278 52 Hubbard

295 2545 1454 67 … New York, The Macmillan company, 1934.
303 2619 82 38 xiv
410 2629 57 37 p.,
493 2619 25 38 1
583 2649 7 15 l.,
617 2618 85 39 147
729 2629 41 37 p.
833 2618 177 49 diagrs.
1072 2617 55 40 20½
1161 2620 42 21 cm
1207 2650 9 8 .

237 2678 52 51 ©
317 2683 107 38 Feb.
452 2683 68 44 13,
547 2681 139 40 1934;
716 2682 64 39 2c.
809 2682 93 38 and
931 2682 78 39 aff.
1039 2682 109 39 Feb.
1176 2683 80 38 14;
1286 2682 41 37 A
1353 2681 168 40 69422:
1552 2682 279 39 Macmillan
1860 2692 64 29 co.

313 2739 250 47 (34-4664)

234 2829 265 63 Hughes,
531 2829 252 52 Edward
813 2829 336 55 Wakefield.

300 2905 256 67 Hughes’
589 2905 304 51 American
928 2905 447 67 parliamentary
1408 2905 186 67 guide.
1681 2905 163 67 (Rev.
1880 2904 102 67 ed.,
237 2904 1986 145 (1931-1932)

478 2983 323 51 Mechanics
869 2983 63 52 of
998 2982 360 67 lawmaking.
1435 2984 90 65 By
1591 2983 253 51 Edward
1908 2980 315 56 Wakefield

232 3059 1991 69 Hughes … Printed under authority of House resolution no.
235 3136 1988 69 34 … Columbus, O., Printed by the F. J. Heer printing co.,
237 3219 149 49 1932.

307 3289 113 39 1057
456 3299 42 37 p.
538 3288 108 39 incl.
684 3288 148 39 front,
862 3288 170 47 (port.)
1101 3288 54 38 22½
1188 3290 43 21 cm
1237 3320 7 7 .

309 3346 245 46 “Adopted
588 3344 384 47 parliamentary
1005 3344 250 47 authority
1289 3344 50 39 of
1374 3345 80 39 the
1489 3344 120 40 Ohio
1646 3345 206 39 General
1887 3345 267 46 assembly.’

243 3405 52 51 ©
318 3409 115 39 Nov.
460 3408 68 40 30.
553 3408 139 39 1931;
719 3407 65 39 2c.
812 3408 109 38 Dec.
948 3408 66 41 15,
1042 3407 111 40 1933;
1209 3408 80 39 aff.
1316 3408 107 38 Jan.
1450 3408 68 40 24.
1546 3408 112 39 1934;
1714 3409 38 37 A
1780 3407 167 47 70016;
1977 3408 246 46 Margaret

311 3465 218 47 Virginia
562 3465 212 46 Hughes,
806 3464 272 42 Columbus,
1112 3464 49 40 O.
1233 3463 249 48 (34-4080)

242 3558 182 59 Hunt,
453 3557 192 62 Peter,
676 3556 190 65 pseud.

370 3628 1853 70 … Murder for breakfast, by Peter Hunt … New York, The
242 3708 314 68 Vanguard
587 3725 173 49 press.
794 3710 148 50 1934.

309 3781 29 37 4
365 3791 27 36 p.
470 3813 7 15 l.,
508 3779 142 41 3-309
679 3790 42 37 p.
783 3780 142 40 19½cm.

311 3837 62 39 At
399 3838 121 39 head
548 3837 51 39 of
625 3837 133 39 title:
788 3836 71 38 An
889 3836 140 39 Allan
1058 3836 160 38 Miller
1244 3838 224 44 mystery.

246 3897 52 51 ©
328 3902 108 38 Jan.
465 3901 69 39 30.
564 3900 138 39 1934;
735 3899 64 39 2c.
834 3900 107 38 Feb.
971 3899 51 40 8:
1056 3899 80 40 aff.
1168 3901 108 37 Feb.
1308 3901 50 38 7:
1393 3900 37 37 A
1462 3899 136 38 69351;

1664 3900 260 47 Vanguard
1957 3909 148 37 press,
2135 3900 88 38 inc.

329 3957 247 49 (34-4680)
