2350 4196
1080 3998 133 49 1699

161 355 297 62 Bonneau,
489 356 227 56 Albert.

233 432 73 51 La
370 451 231 49 marque
657 435 71 51 du
794 434 258 67 léopard;
1118 452 188 33 roman
1368 433 373 56 d’awntures.
1842 437 177 57 Paris,
2076 437 78 51 La

161 509 375 55 Renaissance
564 512 74 52 du
668 513 159 66 livre,
858 515 147 49 1932.

253 586 69 37 1 V.
162 653 53 50 ©
244 657 108 39 Dec.
389 657 66 40 10,
489 658 139 40 1032;
721 688 6 5 1c.
762 658 104 38 Jan.
904 658 68 40 31,
1010 657 135 40 1933;
1181 656 308 48 A-Foreign
1526 657 167 46 19538;
1733 657 326 42 Renaissance
2128 670 27 28 du

229 712 132 41 livre.

164 817 252 64 Brophy,
447 818 173 64 John,
655 824 169 49 1899-

230 894 120 50 The
380 894 176 51 world
592 901 144 46 went
764 895 148 65 mad,
941 913 24 32 a
1003 894 158 52 novel
1192 893 70 67 by
1294 893 151 51 John
1479 893 251 68 Brophy.
1809 894 132 53 New
1983 895 172 65 York,

161 971 119 53 The
305 970 332 54 Macmillan
666 990 277 50 company
978 1005 13 35 [
996 979 17 20 c
1019 973 134 49 1934
1158 1005 12 34 ]

228 1042 27 40 3
284 1053 42 37 p.
394 1073 8 16 l.,
434 1043 175 40 11-286
639 1054 41 37 p.
742 1044 55 39 20½
830 1046 15 21 cm.

229 1099 288 40 Illustrated
538 1100 364 47 lining-papers.

159 1169 51 51 ©
239 1175 110 38 Dec.
379 1174 68 46 18,
476 1172 114 40 1934
609 1185 7 30 ;
647 1172 66 40 2c.
744 1175 109 38 Dec.
883 1173 81 41 20;
996 1173 77 39 aff.
1106 1174 108 38 Dec.
1277 1173 22 38 13
1318 1184 9 36 ;
1359 1174 39 38 A
1428 1173 141 40 77742
1589 1185 7 30 ;
1631 1175 40 38 J.
1702 1176 209 46 Brophy,
1943 1176 210 39 London.

237 1230 278 49 (34-12419)

160 1333 337 65 Brouardel,
529 1334 278 64 Georges,
840 1339 168 49 1869-

286 1410 1864 69 … L’organisation antituberculeuse française. Paris, Masson
156 1493 53 49 et
240 1508 26 33 c
272 1488 32 28 ie
309 1531 10 24 ,
354 1492 150 49 1934.

226 1562 97 47 259,
371 1565 54 47 [1]
472 1574 39 37 p.
558 1563 106 40 incl.
710 1564 130 39 illus.
869 1563 159 48 (port.,
1074 1564 159 47 maps)
1288 1564 167 47 tables,
1502 1564 179 48 diagrs.
1754 1564 54 40 25
1812 1567 15 21 cm
1861 1596 7 7 .
158 1565 1977 103 (Bibliothèque

357 1620 618 51 de phtisiologie … [8])
224 1677 1638 48 At head of title: … Georges Brouardel … Jacques Arnaud …
227 1734 419 49 “Bibliographic"
668 1745 8 28 :
707 1746 42 37 p.
785 1734 112 51 [239]

159 1802 1729 51 © June 30, 1934 , 1c. Oct. 26; A-Foreign 25985; Masson & cie.
234 1863 278 47 (34-42351)

153 1966 367 65 Burroughs,
551 1967 208 53 Prince
796 1967 299 64 Emanuel,
1129 1968 168 53 1871-

224 2046 120 52 The
380 2046 235 66 Baptist
649 2045 203 67 people
886 2044 151 52 from
1073 2045 99 52 the
1204 2044 126 54 first
1364 2051 57 47 to
1457 2046 97 51 the
1587 2045 296 53 twentieth
1922 2052 234 59 century

157 2124 108 66 [by]
312 2124 64 51 P.
420 2123 66 51 E.
530 2124 355 66 Burroughs,
926 2141 47 33 d.
1015 2142 47 32 d.
1156 2122 313 67 Nashville,
1513 2124 197 65 Tenn.,
1752 2124 121 52 The
1920 2123 231 65 Sunday

151 2201 189 53 school
371 2201 178 52 board
578 2200 64 53 of
671 2201 97 52 the
800 2199 283 56 Southern
1116 2201 231 66 Baptist
1378 2198 340 55 convention
1757 2234 12 33 [
1775 2208 16 20 c
1798 2205 149 62 1934]

218 2273 85 40 105
332 2283 41 37 p.
435 2273 55 40 19
493 2277 42 19 cm

157 2341 50 52 ©
238 2346 100 40 Oct.
368 2346 67 44 12,
467 2344 138 47 1934;
638 2345 65 39 2c.
734 2346 94 38 and
858 2344 79 39 aff.
969 2345 117 38 Nov.
1117 2345 78 45 14;
1227 2344 41 39 A
1298 2344 168 40 77223:
1503 2344 197 48 Sunday
1729 2346 161 38 school
1922 2346 149 39 board
2101 2346 51 41 of

224 2404 81 40 the
333 2404 240 39 Southern
603 2402 192 47 Baptist
821 2401 299 39 convention.
1192 2401 279 48 (34-42132)

219 2505 114 53 Old
375 2509 330 50 Testament
744 2506 213 51 studies
1024 2506 90 65 [by]
1162 2507 62 50 P.
1267 2507 65 51 E.
1376 2507 356 67 Burroughs,
1811 2550 8 9 D.
1899 2549 8 9 D.
153 2505 1975 147 Nashville,
327 2586 196 65 Tenn.,

551 2585 120 53 The
700 2583 238 66 Sunday
967 2584 189 52 school
1183 2584 177 52 board
1390 2584 64 52 of
1482 2585 98 51 the
1607 2583 284 55 Southern
1923 2585 232 64 Baptist

148 2663 340 53 convention
522 2696 13 33 [
540 2668 17 22 c
563 2665 134 49 1934
702 2694 12 34 ]

219 2736 86 40 117
335 2744 43 39 p.
468 2735 27 40 19
497 2737 44 21 cm
546 2766 9 8 .

219 2791 1791 50 “First published in 1924 … revised and rearranged.”—Foreword.
157 2861 50 52 ©
240 2866 100 40 Oct.
371 2866 67 41 12,
468 2864 140 46 1934;
640 2865 66 38 2c.
737 2863 94 40 and
861 2863 80 40 aff.
970 2864 116 39 Nov.
1117 2865 81 46 14;
1229 2864 42 39 A
1298 2863 170 47 77225;
1503 2864 198 47 Sunday
1730 2864 162 39 school
1921 2863 150 40 board
2100 2863 53 40 of

221 2923 84 39 the
333 2923 242 39 Southern
603 2921 199 47 Baptist
828 2921 300 40 convention.
1199 2920 282 49 (34-42130)

221 3025 264 55 Outlines
511 3025 63 54 of
601 3025 169 53 Bible
793 3024 222 68 history
1066 3025 93 67 [by]
1192 3026 66 52 P.
1288 3026 66 51 E.
1386 3024 355 68 Burroughs,
1809 3066 9 10 D.
1887 3066 8 9 D.
151 3022 1977 149 Nashville,

328 3105 196 65 Tenn.,
552 3104 122 52 The
699 3102 238 67 Sunday
965 3104 190 52 school
1180 3104 178 52 board
1388 3102 64 53 of
1478 3103 98 52 the
1606 3102 281 54 Southern
1922 3100 233 66 Baptist

147 3181 339 53 convention
594 3184 118 63 [c1934]

215 3253 87 42 108
330 3265 43 37 p.
434 3253 129 40 illus.
591 3252 133 48 (incl.
755 3252 162 49 maps)
954 3252 153 48 diagr.
1168 3253 54 40 19
1226 3256 42 21 cm
1275 3285 8 8 .

222 3307 1926 50 “The studies offered in this book formerly constituted division II in
151 3368 80 40 the
271 3368 196 47 Sunday
506 3369 162 39 school
706 3368 211 38 manual.
979 3368 153 39 These
1172 3369 183 39 studies
1394 3369 122 37 have
1555 3368 115 38 been
150 3365 1982 101 revised.”—Foreword.

153 3492 51 51 ©
237 3497 124 47 Sept.
390 3495 68 43 22,
489 3495 137 42 1934;
657 3497 64 38 2c.
750 3496 91 40 and
872 3495 79 40 aff.
981 3496 116 38 Nov.
1126 3496 80 45 14;
1236 3496 41 39 A
1303 3495 169 45 77220;
1507 3494 199 47 Sunday
1730 3494 162 40 school
1920 3494 149 39 board
2097 3492 53 40 of

221 3554 80 38 the
329 3553 241 40 Southern
598 3552 195 47 Baptist
820 3552 301 40 convention.
1191 3551 280 49 (34-42133)

152 3657 152 64 Cole,
333 3657 276 54 Jackson.

220 3733 133 54 Gun
377 3733 221 67 justice,
620 3733 75 55 by
720 3734 252 54 Jackson
998 3733 152 55 Cole.
1225 3733 139 54 New
1391 3732 180 66 York,
1596 3732 68 55 G.
1691 3731 77 53 H.
1792 3732 181 65 Watt,
2002 3734 149 49 1933.

218 3807 51 39 vi
295 3817 58 37 p.,
381 3807 25 38 1
471 3837 7 15 l.,
506 3804 145 42 9-288
677 3817 43 38 p.
781 3806 56 40 19½
870 3807 43 23 cm
918 3838 8 8 .

155 3872 51 52 ©
242 3877 108 40 Jan.
387 3877 39 46 6,
461 3876 141 47 1933;
638 3875 66 41 2c.
741 3877 95 40 and
872 3876 82 40 aff.
990 3877 110 39 Dec.
1140 3876 68 42 20,
1244 3876 141 46 1934;
1425 3876 40 39 A
1501 3874 170 45 77752;
1713 3874 184 44 George
1933 3872 216 39 Howard

220 3934 148 40 Watt.
441 3932 280 50 (34-42178)
