2350 4196
1090 4060 131 48 1509

251 496 286 38 Illustrated
569 495 361 48 lining-papers.

252 551 159 40 “First
446 551 195 40 edition.”

183 604 50 51 ©
263 609 115 38 Nov.
408 608 38 47 S,
475 608 140 47 1934;
646 611 65 37 2c.
739 609 117 40 Nov.
886 610 81 42 14;
1000 607 80 40 aff.
1110 608 115 38 Nov.
1256 608 82 44 16;
1367 607 39 37 A
1436 605 169 47 78135;
1642 607 43 39 S.
1715 605 284 47 Kaye-Smith
2065 605 112 47 Fry,

249 665 271 47 Northiam,
553 666 191 41 Sussex.
774 666 235 46 England.
1081 662 278 50 (34-37828)

178 768 216 65 Keech,
424 769 130 64 Roy
581 770 73 56 A.

252 845 157 50 Ruth
445 844 160 53 visits
637 845 248 67 Margot,
920 863 31 33 a
981 845 150 52 little
1166 844 220 51 French
1416 842 132 69 girl,
1580 843 72 67 by
1687 841 126 69 Roy
1848 842 71 53 A.
1954 841 219 66 Keech;

181 920 1999 70 illustrated by Helene Carter … Chicago, A. Whitman & co.,
184 1003 149 51 1934.

248 1070 84 41 207
360 1081 43 38 p.
433 1072 108 40 incl.
568 1073 135 38 front.
748 1071 158 49 (map)
943 1073 84 39 col.
1057 1072 140 47 illus.,
1225 1074 85 38 col.
1339 1073 171 47 plates.
1567 1072 144 39 23½cm.

250 1129 137 46 Maps
413 1137 60 30 on
500 1129 362 47 lining-papers.

249 1185 70 39 “A
347 1185 167 47 junior
545 1196 134 38 press
713 1185 165 42 book.”

182 1242 52 51 ©
266 1247 117 38 Nov.
414 1247 38 41 1.
487 1245 138 41 1934:
660 1247 64 37 2c.
759 1247 116 38 Nov.
910 1247 82 45 15;
1028 1245 81 40 aff.
1142 1246 117 40 Nov.
1295 1246 51 45 5;
1379 1246 42 37 A
1451 1245 169 41 78128;
1658 1246 171 39 Albert
1859 1244 252 41 Whitman
2144 1245 37 40 &

250 1314 66 28 co.
388 1302 279 49 (34-37985)

177 1392 177 66 King,
383 1393 253 56 Marian.

252 1469 52 50 A
330 1468 107 66 boy
465 1468 62 52 of
554 1469 242 68 Poland,
825 1469 69 68 by
925 1469 227 52 Marian
1178 1467 189 69 King;
1396 1467 379 55 illustrations
1803 1468 71 68 by
1902 1468 277 54 Eleanore

183 1546 1795 68 Hubbard Wilson … Chicago, A. Whitman & co., 1934.
249 1618 1759 50 ix, [1] p., 2 l., 15-128 p. incl. col. front., illus. col. plates. 22½cm.
247 1675 285 39 Illustrated
565 1676 363 46 lining-papers.

248 1733 69 38 “A
344 1732 166 47 junior
540 1742 135 37 press
706 1732 165 40 book.”

182 1789 50 51 ©
261 1793 101 41 Oct.
388 1794 39 40 4.
456 1793 114 38 1934
589 1804 7 29 :
626 1792 66 39 2c.
718 1793 115 38 Nov.
859 1793 54 38 15
933 1803 8 29 :
972 1792 80 39 aff.
1080 1793 117 39 Nov.
1226 1793 24 38 5;
1308 1793 40 38 A
1376 1791 142 42 78124;
1575 1793 172 41 Albert
1771 1793 253 40 Whitman
2049 1794 39 41 &
2111 1803 66 31 co.

260 1848 280 51 (34-37984)

177 1939 307 65 Lambdin,
516 1940 176 63 Jerry
724 1940 216 62 Elmer,
975 1945 169 49 1889-

247 2016 122 52 The
401 2017 232 68 general
667 2017 67 51 B.
767 2016 72 54 Y.
872 2017 66 51 P.
971 2016 72 54 U.
1076 2018 233 50 manual
1367 2015 92 70 [by]
1498 2017 57 54 J.
1593 2017 67 52 E.
1695 2016 303 53 Lambdin.
181 2017 1978 129 Rewritten
431 2095 60 51 in
518 2096 133 50 1933
679 2093 153 53 from
859 2094 95 52 the
978 2093 148 54 book
1149 2093 56 53 A
1231 2095 232 68 general
1490 2095 67 53 B.
1587 2095 72 52 Y.
1688 2096 65 52 P.
1781 2095 74 54 U.
179 2095 1977 129 organization.
390 2171 315 68 Nashville,
736 2172 197 68 Tenn.,
967 2171 236 69 Sunday
1235 2172 192 53 school
1456 2173 181 53 board
1668 2172 66 54 of
1764 2173 97 53 the
1894 2171 288 57 Southern

178 2250 233 67 Baptist
436 2250 339 53 convention
809 2252 193 65 [c1933]

250 2322 84 40 160
360 2334 43 37 p.
431 2323 109 40 incl.
569 2323 168 40 forms.
794 2322 116 41 19cm.

249 2379 132 41 “List
403 2380 51 39 of
477 2380 147 39 books
649 2381 95 38 and
769 2381 140 39 other
936 2380 253 40 literature
1212 2381 80 38 for
1314 2380 196 40 further
1536 2380 175 48 study”
1730 2390 9 30 :
1766 2390 45 38 p.
1838 2380 158 41 11-12.

182 2435 50 51 ©
268 2440 112 47 Apr.
416 2439 68 39 27.
521 2438 139 42 1934;
698 2439 67 41 2c.
804 2439 127 47 Sept.
969 2440 81 45 14;
1089 2439 82 40 aff.
1210 2440 127 47 Sept.
1375 2439 82 46 12;
1493 2441 44 38 A
1568 2440 170 47 75312;
1781 2440 198 48 Sunday
2016 2441 164 40 school

248 2497 149 39 board
430 2497 50 39 of
512 2497 81 38 the
626 2496 244 40 Southern
898 2495 199 48 Baptist
1127 2496 299 40 convention.
1494 2497 280 49 [Copyright
1807 2498 41 39 is
1882 2497 205 41 claimed
2118 2509 62 28 on

248 2553 224 49 revision]
546 2553 281 48 (34-37650)

177 2643 310 65 Lindman,
517 2644 147 64 Maj.

174 2720 1973 147 Snipp, Snapp, Snurr, and the buttered bread, by Maj Lindman … Chicago, A. Whitman & co., 1934.
249 2873 84 49 [23]
363 2884 42 37 p.
462 2874 114 39 illus
605 2873 135 47 (part
768 2873 112 48 col.)
945 2872 146 42 25½cm.

246 2931 290 39 Illustrated
565 2932 97 46 t.-p.
690 2929 49 40 in
770 2931 169 41 colors.

249 2987 203 40 “Junior
480 2997 136 38 press
645 2986 191 41 books.”

182 3040 50 51 ©
266 3045 117 39 Nov.
416 3045 39 44 1,
487 3044 114 39 1934;
663 3043 66 41 2c.
762 3045 115 38 Nov.
912 3045 54 38 15;
1030 3044 80 41 aff.
1142 3045 116 39 Nov.
1293 3046 25 38 5
1337 3056 7 29 :
1380 3046 40 37 A
1453 3043 142 41 78129;
1660 3045 167 38 Albert
1861 3043 249 40 Whitman
2144 3045 35 39 &

249 3113 64 28 co.
387 3100 279 49 (34-37832)

176 3189 121 53 The
331 3190 245 53 Modern
613 3191 162 52 home
808 3190 327 68 physician;
1176 3210 31 33 a
1242 3210 121 34 new
1400 3191 401 67 encyclopedia
1837 3191 63 51 of
1937 3191 234 50 medical

243 3267 360 69 knowledge;
657 3268 323 55 illustrated
1031 3268 137 53 with
1216 3275 111 46 two
1378 3270 260 51 hundred
1689 3270 112 51 and
1850 3268 324 66 thirty-two

244 3346 1927 146 photographs and nearly seven hundred drawings made expressly for this work; edited by Victor Robinson … New
247 3502 175 58 York,
449 3504 88 51 W.
565 3504 75 52 H.
669 3504 155 52 Wise
850 3507 45 49 &
922 3521 295 48 company.
1249 3508 148 49 1934.

245 3573 1604 51 viii, 728 p. col. front., illus., XL pl. on 20 l., diagrs. 24cm.
179 3629 50 51 ©
260 3634 101 40 Oct.
390 3634 68 46 35,
488 3632 140 41 1934:
660 3632 66 42 2c.
758 3633 100 40 Oct.
888 3633 60 40 20;
1004 3634 81 39 aff.
1117 3634 99 41 Oct.
1247 3634 81 40 27:
1362 3635 40 37 A
1432 3632 168 41 75985:
1635 3634 121 39 Wm.
1787 3633 59 37 H.
1878 3631 131 40 Wise
2041 3632 36 40 &
2105 3641 66 31 co.

256 3689 279 48 (34-37638)

172 3778 369 66 Petersham,
576 3783 139 51 Mrs.
750 3781 178 53 Maud
960 3781 256 64 (Fuller)

239 3856 148 54 Miki
432 3858 113 51 and
585 3858 188 67 Mary,
814 3857 150 52 their
1007 3860 192 50 search
1242 3858 94 54 for
1378 3865 296 59 treasures,
1716 3857 76 67 by
1832 3857 180 52 Maud
2056 3856 110 52 and

168 3930 189 57 Miska
391 3935 347 52 Petersham.
815 3936 138 52 New
988 3936 179 68 York,
1203 3937 119 51 The
1355 3936 223 67 Viking
1610 3954 172 48 press,
1820 3938 148 49 1934.
