2350 4196
1100 4083 99 47 255

197 519 1908 147 Moving pictures … San Francisco, Bancroft-Whitney company, 1934.
203 673 80 46 vii,
313 672 114 39 1104
458 683 41 37 p.
557 672 56 39 25
617 673 43 21 cm
667 704 7 8 .

137 725 1910 51 © Feb. 27, 1934; 2c. and aff. Mar. 5; A 70453; Bancroft-Wliitney co.
134 845 354 66 Thompson,
519 845 219 66 Sylvia,
770 847 171 51 1902-

207 921 311 55 Breakfast
566 921 60 52 in
675 922 124 67 bed,
849 921 73 68 by
974 920 199 69 Sylvia
1225 921 342 67 Thompson.
1658 920 232 69 Boston,
1941 920 194 69 Little,

139 1000 225 68 Brown,
398 999 111 53 and
543 1017 295 51 company,
872 1002 149 49 1934.

203 1071 629 50 3 p. l. , [3]-309 p. 20 cm .
139 1128 51 51 ©
229 1134 120 37 Mar.
388 1132 67 46 10,
494 1130 140 48 1934;
673 1132 67 38 2c.
779 1132 95 38 and
912 1130 80 40 aff.
1033 1131 121 38 Mar.
1192 1131 53 39 13;
1313 1132 41 37 A
1422 1130 140 47 69829;
1605 1131 162 47 Little,
1808 1133 191 46 Brown,
2037 1132 98 40 and

205 1200 247 37 company.
524 1187 249 49 (34-5289)

136 1292 208 64 ]Tracy,
372 1292 281 64 Sterling.

206 1369 170 52 Philo
404 1370 254 54 Judaeus
686 1370 113 52 and
826 1370 94 51 the
946 1370 223 52 Roman
1195 1369 340 67 principate,
1560 1369 76 68 by
1665 1368 256 69 Sterling
1950 1372 185 64 Tracy

199 1446 1598 63 … Williamsport, Penna., The Bayard press [ c 1933]
211 1518 583 50 1 p. l. , 5-55 p. 20½ cm .
142 1573 50 51 ©
219 1578 111 39 Dec.
357 1577 67 47 15,
451 1576 141 47 1933;
621 1577 65 39 2c.
714 1578 96 38 and
837 1577 82 40 aff.
947 1578 121 38 Mar.
1095 1577 39 47 2,
1162 1576 140 47 1934;
1332 1577 40 38 A
1400 1576 169 47 70420;
1600 1577 196 47 Bayard
1826 1586 148 38 press.

218 1634 249 48 (34-5298)

148 1735 266 67 Vaughn,
447 1738 256 52 Howard
735 1736 308 65 Ridgway,
1079 1739 170 50 1859-

208 1815 55 52 A
306 1817 149 65 good
498 1816 243 51 natured
788 1815 179 67 giant,
1012 1816 113 52 and
1170 1816 162 52 other
1378 1814 216 68 stories,
1643 1815 74 67 by
1761 1816 259 52 Howard
2066 1817 67 51 R.

143 1893 263 66 Vaughn,
436 1894 260 65 together
725 1895 140 51 with
895 1912 73 33 an
998 1899 236 46 account
1262 1892 63 53 of
1354 1894 96 51 the
1478 1893 271 66 religious
1779 1894 112 66 day
1919 1894 218 52 schools

141 1969 253 56 founded
426 1971 74 67 by
534 1972 94 51 the
665 1972 220 51 author.
963 1972 307 52 Foreword
1304 1971 66 67 by
1413 1972 223 67 George
1672 1972 71 52 A.
1780 1972 139 65 Cox,
2042 2014 9 10 PH.
2125 2015 9 8 D.

140 2046 399 70 Minneapolis,
575 2049 121 52 The
730 2048 236 54 Colwell
998 2067 174 49 press,
1203 2048 419 68 incorporated,
1656 2053 150 50 1934.

213 2120 715 49 2 p. l. , vii-xvi, 99 p. 19 cm .
215 2177 233 40 “Sources
475 2178 51 39 of
553 2178 81 40 the
662 2177 203 41 stories”:
924 2188 42 38 p.
994 2176 218 42 xiii-xiv.

144 2230 50 52 ©
221 2236 111 39 Dec.
358 2235 68 47 21,
453 2234 113 41 1933;
621 2236 67 39 2c.
716 2235 109 40 Jan.
852 2236 68 46 27,
948 2235 140 42 1934;
1119 2235 79 40 aff.
1229 2236 110 39 Feb.
1367 2235 54 39 12;
1479 2236 42 38 A
1546 2236 170 46 69408;
1748 2237 59 39 H.
1838 2237 53 40 R.
1920 2235 219 47 Vaughn,

212 2293 92 37 Elk
335 2293 192 46 Mound,
559 2292 115 39 Wis.
747 2292 250 48 (34-5176)

144 2396 272 65 Warden,
446 2396 193 54 Lewis
668 2396 409 64 Christopher.

212 2473 121 53 The
360 2493 122 33 new
512 2474 250 67 crusade,
790 2474 74 67 by
895 2473 185 54 Lewis
1110 2474 61 55 C.
1200 2475 269 54 Warden.
1547 2474 327 66 Columbus,
1905 2475 85 65 O.,
2020 2476 120 51 The

144 2550 66 54 R.
239 2551 68 55 G.
334 2552 219 54 Adams
578 2571 78 33 co.
692 2586 11 32 [
709 2558 17 21 c
732 2556 150 62 1934]

217 2624 958 48 6 p. l., 196 p. illus. (port.) 18½ cm .
147 2676 50 51 ©
231 2681 110 40 Feb.
373 2681 67 46 19,
473 2681 141 46 1934;
648 2681 69 40 2c.
748 2683 95 38 and
876 2681 82 40 aff.
991 2682 111 39 Feb.
1135 2682 80 46 20;
1252 2683 40 37 A
1324 2681 170 47 70290;
1531 2682 50 40 L.
1616 2681 49 41 C.
1698 2681 225 48 Warden,
215 2681 1909 103 Columbus,
348 2738 51 39 O.
471 2738 250 47 (34-5023)

148 2839 299 54 Woman’s
505 2840 278 54 institute
843 2841 64 53 of
966 2841 287 54 domestic
1310 2844 130 50 arts
1499 2843 115 52 and
1675 2841 280 65 sciences,
2014 2840 129 63 inc.,

215 2919 304 63 Scranton,
546 2921 102 53 Pa.

214 2994 187 52 Home
481 2995 242 68 sewing:
806 2996 423 53 Embroideries
1313 2997 112 52 and
1507 2995 268 68 findings.
1849 2996 295 66 Mending.

144 3071 2003 71 Household sewing. Trade and sewing terms … Scranton,
144 3149 119 66 Pa.,
291 3150 290 54 Woman’s
610 3151 261 53 institute
900 3152 64 52 of
993 3150 269 54 domestic
1291 3156 118 48 arts
1439 3154 112 52 and
1579 3150 240 54 sciences
1853 3184 14 33 [
1871 3156 17 21 c
1894 3152 151 65 1933]

216 3223 61 44 vi,
313 3223 69 47 12,
418 3224 69 47 24,
523 3224 69 48 34,
630 3225 53 39 51
718 3235 43 37 p.
821 3225 129 39 illus.
1009 3225 147 40 20½cm.
1227 3224 115 50 ([Its
1378 3225 181 40 Course
1594 3224 50 39 in
1680 3223 336 48 dressmaking
2052 3223 93 40 and

148 3279 264 50 designing]
471 3281 99 47 7D)

153 3332 50 51 ©
231 3339 117 38 Nov.
376 3338 67 48 10,
473 3338 112 40 1933;
643 3339 65 39 2c.
739 3339 96 39 and
862 3339 81 39 aff.
973 3339 108 40 Jan.
1111 3340 66 45 17,
1208 3338 140 47 1934;
1379 3339 43 38 A
1448 3337 170 48 69029;
1651 3336 358 41 International
222 3338 1909 96 educational
463 3396 106 46 pub.
601 3406 80 34 co.,
715 3395 250 47 Scranton,
996 3396 82 39 Pa.
1161 3391 49 52 ]©
1242 3395 212 40 revision
1484 3396 96 39 and
1612 3396 154 38 added
1795 3392 228 41 material
2053 3393 96 38 and

220 3451 341 48 illustrations]
635 3452 249 47 (34-2863)

151 3539 198 65 Wood,
376 3539 163 55 Alice
565 3541 64 55 L.

222 3612 1863 74 The jingle book for speech correction, by Alice L. Wood …
156 3690 137 55 with
338 3713 30 32 a
412 3693 282 53 foreword
736 3694 74 68 by
852 3693 213 55 Letitia
1108 3694 374 53 Raubicheck.
1566 3693 136 53 New
1749 3691 177 68 York,
1968 3691 67 51 E.
2082 3690 64 53 P.

157 3768 769 72 Dutton & co., inc. [ c 1934]
222 3840 117 48 lxxi,
375 3841 84 40 115
492 3853 42 37 p.
597 3842 59 40 19½
685 3846 15 20 cm
734 3875 9 8 .

227 3896 161 42 “First
421 3898 227 41 edition.”

159 3952 53 51 ©
238 3957 108 40 Jan.
374 3959 69 47 22,
471 3959 141 47 1934;
643 3960 66 39 2c.
740 3960 96 39 and
865 3961 82 40 aff.
977 3961 108 40 Jan.
1115 3961 81 46 27;
1229 3961 40 38 A
1298 3960 170 45 70027;
1501 3961 53 39 E.
1584 3961 50 39 P.
1664 3960 189 39 Dutton
1882 3959 37 41 &
1947 3968 81 38 co.,
2059 3959 89 38 inc.

235 4014 247 47 (34-2077)
