2350 4196
1137 4099 99 49 263

176 446 266 66 Golding,
472 446 197 56 Louis.

243 538 142 52 Five
420 538 186 56 Silver
638 537 311 68 daughters.
1041 543 80 61 pt.
1155 541 45 50 4.

260 626 84 48 (In
369 621 199 52 Argosy
599 621 275 51 magazine,
904 621 142 50 Mar.,
1077 621 142 50 1934)

182 678 1990 53 © 1c. Apr. 6, 1934; A ad int. 18838; pubd. Feb. 7; L. Golding, London.
176 801 176 64 Gray,
384 802 179 50 Peter
593 801 75 64 S.,
704 802 169 50 1898-

245 878 185 53 Pillar
456 877 64 52 of
546 878 111 51 salt
689 876 107 67 [by]
830 878 169 50 Peter
1027 875 173 68 Gray.
1278 877 137 51 New
1444 877 178 68 York,
1649 877 245 69 Minton,
1924 880 180 53 Balch
2132 883 45 51 &

175 973 279 50 company
492 988 12 33 [
509 961 18 21 c
533 958 150 62 1934]

247 1043 86 38 224
354 1052 42 38 p.
457 1041 56 40 19½
545 1043 43 21 cm
595 1073 7 8 .

182 1109 51 52 ©
264 1115 121 38 Mar.
416 1113 38 46 8,
485 1112 114 40 1934;
657 1113 67 39 2c.
755 1113 95 39 and
881 1112 80 39 aff.
995 1113 121 40 Mar.
1147 1111 54 40 12;
1261 1113 41 38 A
1331 1112 169 48 70625;
1534 1114 143 40 Peter
1710 1114 143 48 Gray,
1885 1115 117 39 New
2032 1115 143 41 York.

259 1169 250 49 (34-5410)

180 1274 327 66 Gutierrez,
545 1275 240 64 Robert,
826 1278 170 49 1895-

249 1368 120 51 The
409 1366 226 55 clinical
673 1372 400 61 management
1111 1366 63 52 of
1211 1369 299 51 horseshoe
1551 1369 240 67 kidney;
1834 1388 30 32 a
1903 1370 171 65 study
2112 1369 62 52 of

178 1443 1993 148 horseshoe kidney disease, its etiology, pathology, symptomatology, diagnosis and treatment, by Robert Gutierrez … with
179 1600 1993 68 a foreword by Dr. Edmond Papin … 52 illustrations. New
180 1677 178 68 York,
386 1681 63 52 P.
481 1681 66 50 B.
577 1678 243 66 Hoeber,
848 1678 126 68 inc.,
1005 1683 149 49 1934.

249 1764 131 49 xxiv,
414 1764 83 40 143
531 1774 43 37 p.
635 1763 127 40 illus.
823 1763 57 41 27½
912 1766 44 21 cm
962 1796 8 7 .

255 1835 300 49 “Originally
584 1838 243 46 appeared
856 1836 199 47 serially
1083 1836 49 39 in
1161 1837 136 39 three
1327 1837 270 39 successive
1625 1837 156 39 issues
1808 1837 51 39 of
1888 1837 82 40 the
182 1837 1979 96 American
300 1893 196 47 journal
526 1892 53 41 of
607 1904 216 37 surgery,
853 1893 263 40 December
1145 1893 126 47 1931,
1304 1894 220 47 January
1556 1894 94 40 and
1682 1894 250 47 February
182 1894 1995 96 1932.”—Pref.

255 2005 348 43 “References”:
665 2019 42 37 p.
740 2007 217 42 129-132.

184 2075 51 52 ©
265 2080 110 40 Feb.
404 2080 68 46 27,
502 2079 114 40 1934;
673 2080 65 39 2c.
769 2081 96 38 and
894 2079 79 40 aff.
1005 2081 122 38 Mar.
1157 2080 50 41 2;
1239 2080 41 38 A
1308 2079 169 42 70429;
1511 2080 121 39 Paul
1662 2081 53 38 B.
1746 2080 202 46 Hoeber,
1980 2080 87 38 inc.

266 2136 250 48 (34-5427)

182 2237 311 68 Harwood,
526 2240 135 55 Carl
693 2238 253 67 Clinton,
981 2243 171 49 1899-

253 2331 328 53 Handbook
609 2332 64 53 of
702 2332 167 53 Bible
897 2338 164 62 types
1092 2333 112 51 and
1232 2332 265 68 symbols,
1525 2331 74 68 by
1629 2331 134 55 Carl
1797 2330 63 55 C.
1892 2331 290 52 Harwood

243 2410 1176 69 … Los Angeles, Calif., Brooks [ c 1933]
249 2498 57 40 82
341 2510 44 37 p.
446 2497 57 40 19½
535 2499 43 21 cm
583 2529 8 9 .

186 2566 51 52 ©
267 2571 109 39 Dec.
406 2571 39 46 1,
474 2570 117 40 1933;
646 2571 65 39 2c.
743 2571 110 39 Feb.
882 2571 39 42 3,
953 2571 139 46 1934;
1125 2571 45 39 aff.
1236 2571 110 39 Feb.
1377 2572 80 45 17;
1490 2572 39 37 A
1559 2570 169 47 69512;
1762 2570 48 40 C.
1841 2570 49 41 C.
1921 2568 258 50 Harwood,

255 2629 56 37 El
340 2627 190 46 Centro,
561 2627 143 40 Calif.
777 2626 249 48 (34-5377)

185 2730 216 67 Heard,
430 2731 191 55 Sarah
651 2732 161 55 Dow.

256 2818 215 56 Stories
519 2819 64 54 of
627 2821 308 53 American
983 2822 234 66 leaders,
1265 2821 75 69 by
1392 2820 186 56 Sarah
1627 2821 144 52 Dow
1820 2820 200 52 Heard
2070 2818 111 54 and

183 2897 79 54 M.
296 2897 90 55 W.
422 2898 190 69 King;
651 2899 326 54 illustrated
1011 2900 74 68 by
1122 2899 209 53 Edwin
1366 2899 55 55 J.
1459 2898 227 54 Prittie.
1758 2896 425 69 Philadelphia,

185 2973 252 72 Chicago
491 2981 119 62 [etc.]
645 2977 120 53 The
796 2976 154 55 John
984 2977 61 55 C.
1075 2977 269 54 Winston
1372 2994 281 52 company
1688 3008 13 34 [
1706 2981 17 23 c
1729 2979 151 64 1934]

256 3063 82 45 xii.
363 3063 85 41 362
473 3073 43 37 p.
580 3064 86 39 col.
694 3064 163 48 front.,
885 3064 142 44 illus.,
1057 3064 85 40 col.
1171 3064 169 47 plates.
1401 3063 55 40 19½
1491 3065 42 21 cm
1538 3095 9 8 .

189 3130 51 52 ©
269 3136 109 39 Jan.
406 3136 69 46 31,
505 3135 113 40 1934;
676 3136 64 39 2c.
772 3137 94 38 and
896 3136 81 40 aff.
1008 3138 122 38 Mar.
1159 3138 55 37 14;
1271 3136 41 38 A
1341 3134 142 41 70667;
1543 3136 126 38 John
1701 3135 46 40 C.
1780 3134 223 40 Winston
2032 3143 66 30 co.

267 3192 250 48 (34-5499)

181 3292 2000 228 International clinics; a quarterly of illustrated clinical lectures and especially prepared original articles … By leading members of the medical profession throughout the
254 3527 1929 70 world. Edited by Louis Hamman … with the collaboration
254 3606 1928 145 of Francis Gilman Blake … Vernon C. David … [and others] Volume I. Forty-fourth series. 1934. Philadelphia,
258 3765 282 51 Montreal
573 3771 136 60 [etc.]
743 3766 53 53 J.
827 3768 66 50 B.
921 3765 339 68 Lippincott
1286 3783 278 49 company
1597 3797 12 33 [
1616 3770 16 20 c
1638 3766 149 62 1934]

261 3838 99 47 viii,
388 3838 89 39 320
501 3849 42 36 p.
601 3839 83 38 col.
714 3838 163 47 front.,
907 3840 171 46 plates,
1108 3837 178 48 diagrs.
1343 3838 55 40 23½
1431 3839 44 21 cm
1480 3869 8 8 .

261 3909 121 39 Part
406 3908 52 40 of
482 3909 156 46 plates
667 3919 82 29 are
776 3910 192 46 printed
998 3920 58 28 on
1083 3909 115 39 both
1226 3908 141 40 sides.

193 3973 51 52 ©
273 3978 110 39 Feb.
412 3978 68 47 26,
509 3978 115 40 1934;
680 3979 66 39 2c.
777 3979 93 39 and
901 3978 80 40 aff.
1012 3980 120 38 Mar.
1163 3978 50 46 8;
1246 3978 40 38 A
1315 3977 168 47 69761;
1517 3977 40 39 J.
1589 3977 53 39 B.
1674 3974 275 49 Lippincott
1977 3983 69 30 co.
