2350 4196
1182 4013 100 50 246

309 456 85 39 312
424 466 42 38 p.
526 455 115 41 20cm.

311 512 160 41 “First
502 511 225 42 edition.”

243 566 50 51 ©
321 570 107 39 Jan.
456 569 67 41 22.
551 569 114 40 1934;
721 569 66 39 2c.
816 570 94 38 and
937 568 81 41 aff.
1047 570 119 39 Mar.
1194 570 53 39 13;
1304 570 40 38 A
1373 569 167 47 69827;
1572 570 207 48 Macrae,
1812 568 156 42 Smith
1997 581 65 30 co.

319 626 248 48 (34-5169)

240 729 187 65 Mohr,
459 728 266 65 Fridtjof
755 729 175 65 Lous,
965 733 169 49 1888-

369 806 1837 70 … Farmen ved elven. Tegninger av Joronn Sitje. Oslo,
236 884 343 69 Gyldendal,
612 888 150 50 1933.

310 956 84 41 182
421 967 57 37 p.,
506 958 25 38 1
581 989 7 8 l.
648 957 127 39 illus.
837 957 55 39 24
896 960 42 20 cm
944 990 7 7 .

241 1010 51 52 ©
324 1015 118 40 Nov.
473 1014 68 40 16.
574 1013 112 41 1933;
748 1016 65 37 1c.
846 1015 112 39 Dec.
989 1014 81 45 27;
1105 1013 311 48 A-Foreign
1446 1013 169 47 23237;
1653 1014 265 40 Gyldendal
1954 1015 146 39 norsk

309 1015 1901 103 forlag.
474 1070 249 48 (34-5299)

238 1162 233 63 Morris,
509 1161 259 65 Charles,
808 1163 324 50 1833-1922.

305 1237 1916 70 Heroes of discovery in America, by Charles Morris … 3d
239 1316 264 52 ed.—enl.
579 1316 404 68 Philadelphia
1031 1318 111 53 and
1184 1317 256 66 London,
1485 1317 54 54 J.
1588 1318 65 52 B.
1699 1316 337 68 Lippincott
237 1335 1961 127 company
465 1397 136 51 [c1934]

304 1467 85 40 382
419 1478 44 37 p.
519 1467 163 48 front.,
712 1468 171 47 plates,
912 1469 149 46 ports.
1118 1466 56 41 19½
1204 1469 43 21 cm
1252 1498 10 8 .

242 1518 1874 54 © Feb. 21. 1934; 2c. and aff. Mar. 8; A 69759; J. B. Lippincott co.
319 1581 249 47 (34-5264)

239 1670 233 65 Morris,
507 1669 206 55 Edwin
746 1671 309 63 Bateman,
1092 1673 168 49 1881-

240 1744 1963 149 Biches for Caroline [by] Edwin Bateman Morris. Philadelphia, The Penn publishing company [ c 1934]
307 1897 85 39 303
432 1907 43 37 p.
542 1894 57 43 19½
630 1897 44 22 cm
680 1928 7 9 .

243 1951 1653 54 © Feb. 9. 1934; 2c. and aff. Mar. 14; A 70675; Penn pub. co.
320 2013 248 49 (34-5277)

233 2104 189 52 Music
449 2102 372 64 supervisors
849 2101 261 53 national
1139 2102 362 54 conference.

236 2178 1990 148 Yearbook … Twenty-sixth year. 1933. The united conferences … Chicago, Ill., The Music supervisors national
234 2336 329 53 conference
601 2369 10 33 [
618 2342 17 19 c
640 2339 152 62 1933]

308 2411 85 37 444
424 2420 42 36 p.
525 2410 57 39 23½
613 2411 43 20 cm
661 2440 7 7 .

241 2459 1986 54 © Feb. 14. 1934; 2c. Feb. 23; aff. Feb. 16; A 70322; Music supervisors
308 2524 118 38 natl.
458 2522 295 41 conference.

236 2612 117 53 The
395 2611 281 54 National
716 2609 339 69 cyclopœdia
1099 2610 61 52 of
1199 2610 304 53 American
1546 2609 339 71 biography,
1925 2612 168 67 being
2132 2612 92 50 the

305 2690 220 64 history
565 2688 63 53 of
668 2689 93 52 the
804 2688 214 54 United
1063 2689 183 54 States
1289 2707 58 33 as
1387 2688 324 52 illustrated
1751 2691 58 51 in
1852 2690 92 52 the
1987 2689 135 52 lives
2164 2688 63 53 of

306 2768 93 52 the
440 2766 291 67 founders,
769 2766 267 66 builders,
1077 2767 110 52 and
1228 2765 300 53 defenders
1568 2766 62 53 of
1668 2766 94 53 the
1802 2767 271 67 republic,
2114 2767 110 51 and

307 2844 63 52 of
398 2845 94 52 the
523 2863 125 33 men
682 2845 111 51 and
825 2862 215 34 women
1071 2844 122 51 who
1225 2862 95 33 are
1348 2844 175 66 doing
1552 2845 93 51 the
1679 2845 155 52 work
1867 2845 110 51 and
307 2845 1893 144 moulding
453 2923 93 50 the
594 2923 244 67 thought
888 2921 62 52 of
997 2923 93 50 the
1140 2928 226 60 present
1412 2921 151 53 time.
1641 2922 212 54 Edited
1902 2924 73 64 by
306 2924 1894 142 distinguished
586 2999 389 68 biographers,
1015 3000 235 51 selected
1292 2999 151 51 from
1483 3001 133 50 each
1655 3006 162 49 state,
1856 3000 217 53 revised
2114 3001 110 51 and

306 3076 290 68 approved
653 3077 74 67 by
782 3078 93 51 the
932 3090 141 39 most
1132 3078 244 50 eminent
1431 3077 324 54 historians,
1811 3079 246 52 scholars
2115 3079 110 51 and

304 3159 302 47 statesmen
653 3155 62 51 of
757 3156 93 51 the
896 3156 126 66 day.
1099 3156 237 50 Volume
1545 3198 8 9 XXIII.
1630 3156 136 52 New
1813 3155 177 53 York.
2033 3158 191 52 James

305 3233 65 51 T.
400 3232 199 53 White
626 3237 44 49 &
700 3250 294 50 company,
1027 3236 148 48 1933.

311 3304 824 50 2 p. l., 417, [4] p. ports. 28 cm .
242 3355 1984 53 © Dec. 20. 1933; 2c. and aff. Feb. 24. 1934; A 69585; James T. White &
311 3429 64 28 co
2020 3417 117 41 .

236 3505 143 53 New
410 3507 159 51 York
602 3509 208 49 annual
841 3507 201 67 digest.
1074 3509 130 49 1933,
1254 3507 265 67 covering
1551 3509 75 49 all
1656 3509 265 67 reported
1951 3508 272 52 decisions

309 3584 63 51 of
413 3584 92 52 the
548 3591 186 45 courts
777 3584 62 51 of
880 3586 136 50 New
1061 3584 177 54 York,
1281 3585 138 50 with
1462 3585 149 51 table
1655 3586 62 51 of
1760 3602 148 35 cases
1951 3585 270 59 digested.

311 3659 476 70 Supplementing
836 3662 109 51 and
995 3661 333 65 continuing
1375 3664 136 49 New
1559 3663 161 51 York
1768 3663 208 51 annual
2024 3662 201 68 digest,

312 3741 147 48 1932.
591 3739 249 51 Rochester
879 3740 110 50 and
1027 3741 137 50 New
1202 3740 161 51 York
1401 3740 132 52 city.
1570 3741 68 50 N.
1679 3741 88 52 Y..
1805 3741 116 50 The
1956 3742 264 49 Lawyers

308 3815 379 67 co-operative
735 3816 335 68 publishing
1117 3835 303 47 company:
1476 3818 82 54 St.
1608 3818 163 53 Paul.
1819 3818 201 66 Minn.,
2076 3820 150 50 West

309 3891 331 69 publishing
673 3912 106 47 co.;
840 3900 117 59 [etc.,
990 3900 118 60 etc.,
1138 3902 17 20 c
1162 3897 148 63 1934]
