2350 4196
1147 3999 95 54 776

208 389 303 53 Snowden,
540 388 191 64 Philip
761 391 303 53 Snowden,
1093 396 85 47 1st
1213 390 266 53 viscount.

276 464 102 68 My
411 464 120 53 life.
609 465 45 60 7,
690 470 44 47 8.
816 465 375 67 [Conclusion]

294 539 48 47 (In
401 535 127 42 John
556 535 124 51 Bull,
710 537 115 50 May
854 538 70 49 28,
949 537 127 42 June
1105 539 39 48 2,
1175 538 141 48 1934)

216 606 50 50 ©
332 621 35 28 1c.
404 611 116 38 each
557 611 113 46 July
705 610 67 46 20,
809 611 113 39 1934;
986 611 40 38 A
1061 612 61 38 ad
1156 610 85 40 int.
1278 610 142 39 19172;
1486 611 140 46 pubd.
1664 612 112 46 May
1812 612 68 46 24,
1916 612 82 45 31;
2037 610 160 49 Philip

285 667 247 40 Snowden.
567 666 202 47 Tilford,
807 667 190 47 Surrey,
1033 668 232 46 England.

208 785 193 64 Stern,
434 785 307 53 Bernhard
776 785 235 64 Joseph,
1048 788 167 50 1894-

281 863 118 51 The
425 863 226 52 Lummi
680 863 238 53 Indians
945 863 63 52 of
1032 863 309 52 northwest
1366 861 398 68 Washington,
1791 864 73 65 by
1894 865 295 52 Bernhard
212 939 55 53 J.
302 939 183 55 Stern.
562 941 134 51 New

730 941 178 66 York,
940 940 296 55 Columbia
1265 938 316 68 university
1612 958 173 48 press,
1818 945 146 49 1934.

285 1014 97 46 127,
428 1015 53 47 [1]
525 1024 41 36 p.
627 1013 160 46 front.,
830 1014 169 47 plates,
1042 1022 123 36 map.
1225 1012 54 39 26
1283 1014 43 21 cm
1332 1043 8 8 .
1404 1012 264 48 [Columbia
1713 1012 270 48 university
215 1015 1963 93 contributions

436 1072 47 36 to
513 1070 362 47 anthropology,
903 1070 70 40 ed.
1000 1070 60 47 by
1086 1069 157 39 Franz
1269 1069 141 40 Boas.
1474 1070 89 38 vol.
1700 1089 10 29 XVII]

214 1125 1870 118 CONTENTS. —The cycle of life.—Tribal culture.—Legend and lore. © June 15, 1934 2c. June 20;
1111 1196 79 39 aff.
1226 1196 128 39 June
1385 1196 80 45 21;
1503 1196 40 38 A
1577 1197 168 45 73144;
1783 1196 249 41 Columbia
2068 1197 127 39 univ.
283 1264 148 36 press.
502 1253 276 47 (34-16878)

204 1370 299 65 Tappolet,
539 1370 191 65 Willy,
770 1374 167 49 1890-

280 1449 223 52 Arthur
537 1449 325 67 Honegger,
898 1465 108 35 von
1041 1448 179 66 Willy
1259 1448 299 66 Tappolet.
1634 1448 206 52 Zürich

1876 1448 115 52 und
212 1448 1956 145 Leipzig,
346 1526 294 54 Gebrüder
667 1528 140 65 Hug
833 1530 44 49 &
905 1546 95 46 co.,
1031 1530 146 49 1933.

285 1600 60 45 iv,
386 1600 83 38 272
510 1610 41 36 p.
590 1599 107 40 incl.
739 1599 124 40 illus.
893 1598 199 47 (music)
1141 1599 167 46 plates,
1350 1600 160 45 ports.,
1552 1597 187 40 facsim.
1768 1597 201 47 (music)
2018 1599 176 47 diagrs.

214 1654 54 39 22
272 1656 44 21 cm
320 1688 7 7 .

286 1711 67 42 “1.
382 1712 201 47 auflage,
612 1712 114 40 2000
756 1711 317 48 exemplare.”

284 1767 604 42 “Literaturverzeichnis”:
956 1779 40 37 p.
1032 1768 215 40 243-251.

286 1824 334 41 “Verzeichnis
649 1827 83 38 der
759 1825 157 40 werke
953 1825 115 47 (seit
1096 1824 172 46 1914)”:
1328 1835 41 37 p.
1395 1824 215 42 252-266.

213 1893 1983 51 © Nov. 16, 1933; 1c. May 1, 1934; A -Foreign 24542; Gebrüder Hug &
283 1964 65 29 co.
421 1954 277 46 (34-17275)

205 2072 346 52 Tennessee.
626 2073 165 51 Laws
797 2115 10 23 ,
839 2078 237 47 statutes
1082 2114 10 23 ,
1126 2078 97 47 etc.

278 2152 134 49 1934
443 2150 356 66 supplement
832 2156 57 45 to
920 2148 255 53 Michie’s
1208 2152 308 50 Tennessee
1551 2149 132 54 code
1716 2149 61 52 of
1811 2151 148 49 1932.
205 2150 1966 145 Complete

382 2228 376 52 annotations.
821 2227 198 54 Under
1045 2227 93 52 the
1166 2227 264 53 editorial
1458 2227 354 67 supervision
1840 2227 63 51 of
1930 2228 68 51 A.
205 2229 1965 128 Hewson

353 2305 228 58 Michie,
631 2304 233 53 assisted
913 2305 73 66 by
1036 2305 164 54 Chas.
1249 2307 87 52 W.
1390 2305 240 55 Sublett.
1718 2305 476 64 Charlottesville,

204 2385 124 64 Va.,
360 2385 120 52 The
509 2384 211 52 Michie
752 2400 293 49 company,
1081 2386 146 47 1934.

281 2459 25 37 2
332 2468 40 37 p.
436 2489 7 16 l.,
473 2457 57 40 18
554 2468 40 36 p.
656 2457 54 38 25½
744 2459 43 20 cm
793 2488 7 7 .

282 2514 293 41 Cover-title.

214 2581 50 51 ©
296 2586 114 46 July
439 2586 67 40 11.
537 2583 113 41 1934;
709 2584 64 38 2c.
804 2584 93 37 and
928 2582 80 40 aff.
1040 2582 115 47 July
1183 2583 53 39 13;
1298 2583 40 38 A
1368 2584 168 39 73387:
1572 2582 175 41 Michie
1778 2594 67 28 co.

204 2702 346 62 Trueheart,
583 2703 201 52 James
814 2701 82 62 L.,
933 2702 319 49 1815-1882.

278 2780 120 52 The
422 2782 204 50 Perote
649 2777 300 68 prisoners,
972 2777 169 67 being
1163 2778 93 51 the
1281 2778 165 66 diary
1470 2777 63 53 of
1555 2779 191 53 James
1770 2779 63 51 L.
1860 2777 327 53 Trueheart.

210 2856 228 68 printed
481 2857 91 51 for
612 2857 92 51 the
747 2856 125 51 first
908 2855 151 65 time,
1097 2857 256 64 together
1391 2855 140 53 with
1571 2874 71 33 an
1680 2856 292 52 historical
211 2855 1953 133 introduction

478 2935 74 66 by
590 2933 306 52 Frederick
936 2931 59 54 C.
1039 2932 234 54 Chabot.
1353 2932 115 55 San
1506 2933 271 66 Antonio,
1816 2935 119 50 The
1974 2933 216 66 Naylor

210 3030 293 49 company,
536 3015 148 50 1934.

282 3086 27 38 4
335 3096 42 36 p.
439 3116 7 15 l.,
472 3083 177 46 xi-xiv,
677 3083 84 39 344
788 3093 41 37 p.
891 3093 74 37 pl.,
994 3081 26 39 2
1044 3083 121 45 port.
1193 3080 132 48 (incl.
1351 3082 173 48 front.)
1592 3083 55 40 23
1651 3085 43 21 cm
1700 3113 6 7 .

285 3141 91 40 “Of
402 3142 81 39 the
510 3141 113 38 four
650 3140 218 38 hundred
894 3138 156 47 copies
1079 3138 49 38 of
1154 3137 97 41 this
1278 3138 194 48 edition,
1501 3139 97 40 this
1626 3141 40 38 is
1694 3150 73 29 no.
1799 3139 126 40 126.”
1989 3139 170 47 Signed:

214 3197 49 40 F.
293 3198 48 40 C.
371 3197 198 41 Chabot.

285 3252 160 41 “First
471 3251 298 48 impression,
801 3252 125 46 May,
957 3250 156 41 1934.”

285 3309 180 47 “Diary
494 3309 50 39 of
572 3309 42 39 J.
646 3308 49 40 L.
726 3308 269 40 Trueheart
1023 3307 194 39 written
1246 3309 174 47 during
1447 3309 75 39 his
1551 3308 365 48 imprisonment
1945 3309 47 39 in
2021 3310 171 39 Perote

212 3367 50 38 in
288 3367 80 38 the
394 3375 140 38 years
560 3364 126 47 1842,
712 3365 112 39 1843
851 3365 94 38 and
968 3363 260 48 1844.”—p.
1258 3364 83 50 [89]

212 3433 50 50 ©
292 3438 113 45 May
432 3437 68 44 25,
529 3435 139 40 1934;
699 3436 65 38 2c.
795 3436 114 45 May
935 3434 80 46 29;
1048 3433 79 40 aff.
1159 3435 122 40 June
1310 3436 80 41 18;
1422 3436 40 38 A
1491 3436 167 40 72840;
1690 3438 181 46 Naylor
1902 3447 64 29 co.

290 3492 277 48 (34-16876)

207 3604 186 66 Vidal,
421 3605 154 55 Lois.

274 3682 250 68 Magpie,
553 3682 75 66 by
658 3681 133 53 Lois
820 3680 190 54 Vidal.
1086 3682 254 58 London,
1372 3683 182 51 Faber
1584 3684 109 51 and
1727 3683 182 52 Faber
1967 3686 148 62 [1934]

276 3757 27 39 3
333 3766 40 37 p.
441 3787 7 16 l.,
481 3755 140 39 9-493
652 3766 41 36 p.
754 3755 54 37 22½c
853 3757 32 20 m
891 3786 7 8 .

277 3812 398 40 Reminiscences.

212 3878 1975 52 © 1c. Mar. 28, 1934; A ad int. 18786; pubd. Feb. 1; Little, Brown, and
280 3949 244 37 company,
557 3940 193 39 Boston.
822 3938 277 47 (34-18656)
