2350 4196
1146 4000 98 54 607

164 363 410 63 Untermeyer,
605 361 195 65 Louis,
838 363 166 50 1885-

231 441 229 65 Poetry,
508 440 72 51 its
628 437 391 69 appreciation
1067 436 110 52 and
1225 434 343 68 enjoyment,
1613 432 74 68 by
1733 432 174 53 Louis
161 433 1976 153 Untermeyer
407 559 54 9 ...

521 518 112 52 and
688 516 201 54 Carter
942 513 294 54 Davidson
1295 555 54 9 ...
1430 511 138 53 New
1621 509 180 69 York,
1853 510 308 67 Harcourt,

163 597 179 50 Brace
376 596 111 52 and
520 612 279 50 company
880 596 150 62 [c1934]

232 679 111 36 xxv,
382 668 86 40 530
504 679 41 37 p.
606 668 145 40 23½cm.

234 725 343 48 “Suggestions
606 725 79 40 for
715 724 270 40 additional
1017 720 226 49 reading”
1276 722 50 38 at
1356 721 91 39 end
1477 720 51 39 of
1558 721 124 38 most
1715 719 51 39 of
1796 720 81 38 the
1909 720 251 47 chapters;

165 782 67 39 “A
261 782 269 40 condensed
560 781 246 40 reference
835 778 141 42 list”:
1007 790 40 38 p.
1077 776 216 42 491-497.

170 836 51 51 ©
247 841 113 46 May
383 839 37 46 2,
447 839 113 40 1934;
613 839 67 40 2c.
705 840 94 39 and
824 838 81 40 aff.
931 839 113 45 May
1067 836 81 45 16;
1175 835 40 39 A
1240 835 141 40 71633;
1439 835 261 46 Harcourt,
1728 835 154 39 Brace
1907 834 37 40 &
1967 844 80 37 co.,
2073 834 91 40 inc.

249 896 278 48 (34-12715)

166 986 263 65 Verdier,
460 988 166 63 Jean,
660 985 274 67 cardinal,
967 987 170 50 1804-

236 1065 83 51 La
352 1065 255 66 question
640 1064 253 65 scolaire,
924 1082 103 49 par
1058 1082 41 32 s.
1132 1081 42 33 e.
1206 1062 51 51 le
1288 1061 257 52 cardinal
1575 1060 244 52 Verdier
1855 1103 55 9 ...
1981 1061 185 63 Paris,

167 1142 68 54 G.
265 1142 363 53 Beauchesne
657 1148 54 47 et
740 1162 83 33 ses
853 1141 106 67 fils,
991 1144 151 49 1934.

237 1215 677 49 3 p. l., 160 p., 1 l. 18½ cm .
174 1269 1997 51 © Jan. 12, 1934; 1c. Mar. 23; A-Foreign 24139; Gabriel Beauchesne &
244 1341 75 30 ses
344 1330 87 40 fils.
498 1330 278 49 (34-12826)

169 1404 241 65 Walley,
442 1406 219 53 Harold
694 1405 299 55 Reinoehl.

242 1483 120 52 The
395 1489 268 61 anatomy
696 1482 63 53 of
791 1484 312 65 literature,
1137 1482 70 67 by
1241 1481 227 53 Harold
1505 1482 66 52 B.
1609 1482 225 67 Walley
1874 1527 53 7 ...
1968 1484 109 51 and
2116 1484 52 53 J.

173 1561 227 52 Harold
432 1561 223 52 Wilson
695 1604 53 8 ...
830 1561 138 52 New
1004 1560 177 66 York,
1218 1560 215 52 Farrar
1468 1561 45 50 &
1549 1559 281 53 Binehart
1873 1594 12 33 [
1890 1567 17 21 c
1914 1564 134 48 1934
2053 1594 11 33 ]

240 1634 130 45 xxiv,
400 1633 83 40 221
513 1644 42 37 p.
618 1633 55 40 19½
705 1636 42 21 cm
754 1665 6 6 .

178 1687 51 51 ©
262 1692 113 47 May
407 1691 37 47 9,
478 1691 139 40 1934;
653 1691 64 40 2c.
753 1692 113 46 May
899 1691 80 43 12;
1016 1689 79 40 aff.
1132 1691 111 46 May
1276 1689 81 42 10;
1391 1690 41 38 A
1466 1689 170 44 71590;
1672 1691 60 39 H.
1767 1691 54 39 R.
1857 1690 187 49 Walley
2077 1692 96 39 and

247 1749 41 39 J.
320 1749 187 38 Harold
537 1747 198 41 Wilson.
768 1747 273 42 Columbus.
1071 1747 49 40 O.
1190 1745 280 48 (34-12990)

177 1823 216 64 Walsh,
423 1825 205 59 Henry
657 1826 246 53 Horace.

245 1901 121 52 The
397 1899 325 55 Concordat
752 1900 64 53 of
848 1904 160 50 1801:
1042 1920 30 33 a
1102 1900 170 68 study
1302 1900 63 53 of
1394 1901 95 52 the
1518 1901 257 67 problem
1804 1901 62 53 of
177 1901 1975 133 nationalism

311 1981 61 51 in
404 1980 94 51 the
531 1978 270 54 relations
833 1979 62 52 of
928 1979 208 53 church
1171 1981 111 51 and
1316 1984 160 63 state,
1508 1979 35 52 by
1615 1980 204 67 Henry
1850 1980 76 51 H.
1960 1980 217 65 Walsh,

262 2101 9 9 PH.
345 2101 8 8 D.
431 2058 137 51 New
604 2058 180 66 York,
821 2056 298 55 Columbia
1152 2057 317 68 university
1504 2076 183 49 press;
1725 2058 257 67 London,
2017 2060 65 51 P.
2121 2058 55 55 S.

174 2136 163 68 King
368 2137 45 51 &
444 2154 118 49 son,
592 2135 122 67 ltd.,
749 2138 150 50 1933.

248 2208 1912 50 3 p. l., 5-259 p. 23 cm . (Half-title: Studies in history, economics amd
177 2266 161 49 public
363 2266 108 48 law,
498 2269 70 38 ed.
595 2266 61 47 by
682 2267 80 39 the
788 2266 205 47 Faculty
1018 2266 50 41 of
1092 2266 215 48 political
1332 2266 186 41 science
1544 2268 50 39 of
1618 2266 251 43 Columbia
1895 2268 282 48 university,

178 2334 75 31 no.
288 2323 111 48 387)

249 2380 351 48 Bibliography:
664 2391 42 37 p.
740 2379 218 41 247-249.

185 2434 51 52 ©
265 2440 116 39 Nov.
410 2439 69 41 20.
508 2439 140 42 1933;
679 2438 66 40 2c.
776 2439 95 38 and
900 2436 81 41 aff.
1011 2438 110 39 Dec.
1151 2439 79 43 14;
1263 2438 39 38 A
1331 2438 170 45 68482;
1535 2438 250 41 Columbia
1817 2439 129 41 univ.
1976 2450 150 37 press.

265 2496 279 47 (34-12835)

180 2572 263 63 Watson,
477 2571 175 53 Louis
688 2573 48 50 H

254 2647 239 53 Watson
521 2665 70 34 on
618 2648 94 51 the
740 2648 136 67 play
905 2647 63 53 of
993 2648 95 52 the
1114 2649 154 52 hand
1295 2654 57 47 at
1381 2654 257 48 contract
1663 2649 223 68 bridge,
1907 2650 76 68 by
2011 2649 173 53 Louis

188 2725 72 53 H.
293 2725 268 67 Watson;
603 2724 285 54 foreword
921 2726 74 68 by
1032 2725 232 55 Oswald
1301 2727 235 68 Jacoby.
1609 2728 138 52 New
1787 2726 179 69 York,
2000 2727 184 53 Lewis

187 2801 293 69 Copeland
512 2821 298 51 company.
845 2806 149 50 1934.

255 2876 98 46 xix,
387 2876 85 41 492
503 2886 42 37 p.
606 2877 53 38 21
665 2879 43 20 cm
714 2908 7 7 .

191 2930 56 51 ©
274 2936 113 46 May
417 2936 39 45 3,
487 2935 140 40 1934;
661 2935 66 39 2c.
761 2935 114 47 May
904 2936 51 46 7;
990 2935 81 41 aff.
1104 2937 112 46 May
1246 2937 54 39 10;
1362 2937 40 38 A
1436 2938 140 39 71557;
1639 2937 156 40 Lewis
1829 2937 244 48 Copeland
2104 2948 82 34 co.,

257 2991 91 41 inc.
405 2992 279 47 (34-12851)

186 3066 197 65 Weeg,
411 3069 138 51 Mrs.
579 3068 190 53 Sarah
798 3068 190 53 Catlm.

262 3144 282 67 Twilight
584 3145 259 67 reveries,
885 3145 74 67 by
1003 3145 182 56 Sarah
1232 3146 193 55 Catlin
1468 3148 192 66 Weeg.
1756 3146 270 69 Chicago,
2071 3147 117 51 The

190 3221 211 68 Gallop
434 3222 335 68 publishing
801 3241 279 50 company
1117 3258 13 33 [
1134 3232 18 21 c
1158 3228 150 64 1934]

262 3295 25 40 5
313 3306 44 37 p.
419 3326 9 15 l.,
455 3295 147 40 15-80
623 3305 44 38 p.
728 3294 54 41 19½
815 3298 44 22 cm
864 3328 8 7 .

261 3351 224 40 Includes
511 3352 148 39 blank
686 3361 158 38 pages.

262 3408 185 40 Poems.

199 3460 51 51 ©
276 3465 112 47 Apr.
477 3495 7 15 18,
512 3464 139 45 1934;
681 3465 66 39 2c.
774 3464 113 48 Apr.
914 3466 54 39 23;
1026 3466 80 40 aff.
1136 3468 113 46 May
1276 3468 52 44 5;
1358 3467 42 39 A
1424 3468 171 46 72384;
1627 3468 172 48 Gallop
1826 3468 107 47 pub.
1963 3477 66 29 co.

280 3521 278 48 (34-12991)

196 3594 302 67 Williams,
529 3596 151 52 Alan
686 3638 14 12 c

267 3672 256 67 Holiday
571 3674 276 53 madness,
898 3674 30 52 by
1017 3676 147 52 Alan
1210 3676 289 55 Williams
1554 3721 56 8 ...
1689 3677 137 51 New
1872 3676 179 64 York,
2098 3677 87 52 W.

197 3749 263 67 Godwin,
491 3751 124 65 inc.,
646 3756 148 48 1934.

271 3823 85 41 272
384 3834 42 37 p.
488 3823 145 40 19½cm.

203 3875 51 51 ©
288 3881 112 46 May
433 3881 67 41 11.
534 3880 113 40 1934;
708 3882 65 39 2c.
808 3882 114 47 May
954 3883 81 40 16;
1072 3883 81 40 aff.
1186 3885 76 37 May
1333 3885 80 40 17;
1450 3884 40 38 A
1523 3883 170 40 72392:
1729 3881 214 42 William
1979 3881 215 48 Godwin,

272 3936 90 40 inc.
420 3937 278 40 (34-12879)
