2350 4296
0 0 0 0 737
183 360 190 65 Alma,
403 360 240 55 Robert.

314 434 1862 70 … Le coffret d’argent. Paris, La Renaissance du livre
186 519 170 63 [1934]

250 582 1927 63 2 p. l., [7]-221 p., 1 l. 17½cm. (On cover: Bibliothèque d’Éve; romans
181 652 201 48 choisis)

185 706 1992 52 © Jan. 15, 1934; 1c. Feb. 27; A- Foreign 23770; Renaissance du livre.
263 767 279 48 (34-16849)

176 870 315 53 American
524 873 253 60 country
805 870 105 52 life
942 868 375 54 association.

246 945 273 55 National
563 948 231 65 policies
840 944 270 69 affecting
1153 948 156 49 rural
1353 945 121 51 life.
1551 946 381 66 Proceedings
1975 947 62 50 of
2081 947 95 51 the

176 1024 283 52 sixteenth
493 1024 308 53 American
836 1029 238 63 country
1110 1023 103 53 life
1248 1022 349 68 conference,
1633 1023 376 69 Blacksburg,
176 1025 1975 145 Virginia,

391 1103 230 68 August
661 1107 115 64 1-4,
819 1106 148 49 1933.
1044 1103 136 52 New
1222 1102 179 66 York,
1441 1104 68 51 N.
1552 1104 90 65 Y.,
1680 1102 120 52 The
1838 1101 337 70 University

176 1181 63 52 of
284 1181 250 68 Chicago
579 1199 156 50 press
780 1182 94 53 for
918 1182 96 51 the
1055 1180 306 54 American
1404 1186 240 61 country
1689 1180 103 53 life
1838 1182 338 53 association

180 1262 191 64 [c1934]

249 1333 579 48 3 p. l., 3-152 p. 20cm.
182 1387 50 51 ©
264 1391 111 47 Apr.
408 1391 69 46 24,
509 1391 114 39 1934;
683 1391 66 39 2c.
782 1391 126 39 June
937 1391 53 46 4;
1025 1387 80 43 aff.
1140 1390 124 39 June
1296 1389 51 46 6;
1383 1390 42 38 A
1455 1389 169 46 72660;
1660 1389 158 40 Amer,
1851 1391 205 46 country
2087 1388 90 42 life

249 1459 127 29 assn.

176 1551 313 55 American
534 1554 108 52 law
687 1558 222 63 reports
952 1553 322 52 annotated.
1356 1551 236 52 Editors
1635 1552 61 52 in
1739 1551 171 67 chief,
1953 1552 220 67 George

243 1630 77 54 H.
348 1632 260 53 Parmele
635 1632 112 53 and
772 1633 79 53 M.
879 1630 164 54 Blair
1065 1629 242 67 Wailes;
1336 1629 325 68 consulting
1687 1631 201 66 editor,
1912 1630 262 55 William

242 1711 78 51 M.
357 1709 357 68 McKinney;
752 1709 314 68 managing
1098 1708 228 66 editors,
1365 1709 235 54 Charles
1636 1706 340 56 Porterfield
2037 1710 130 64 [and]

243 1787 210 52 Edwin
513 1788 203 66 Stacey
774 1787 204 66 Oakes,
1034 1786 234 54 assisted
1325 1787 74 67 by
1455 1787 95 52 the
1607 1787 417 68 exceptionally
242 1805 1906 129 experienced

577 1865 267 55 editorial
880 1864 439 69 organizations,
1357 1865 64 52 of
1455 1867 94 51 the
1586 1866 339 67 publishers,
1999 1884 51 37 v.
2090 1869 79 49 90.

242 1944 324 67 Rochester,
594 1946 68 52 N.
695 1947 88 65 Y.,
812 1946 119 52 The
959 1947 266 64 Lawyers
1253 1944 382 67 co-operative
1664 1944 336 68 publishing
241 1963 1902 128 company;

454 2023 341 67 Northport,
821 2025 63 53 L.
913 2025 67 64 I.,
1007 2024 68 52 N.
1105 2025 89 64 Y.,
1222 2023 253 52 Edward
1503 2024 331 66 Thompson
1861 2040 307 51 company;

245 2100 116 55 San
399 2101 322 67 Francisco,
759 2100 193 68 Calif.,
991 2101 584 67 Bancroft-Whitney
1613 2120 297 49 company,
1951 2105 148 50 1934.

249 2175 99 47 viii,
380 2175 113 40 1621
523 2185 42 37 p.
627 2175 57 39 25½cm.

178 2228 50 52 ©
257 2233 128 40 June
407 2233 68 46 11,
503 2232 114 40 1934;
673 2232 66 40 2c.
768 2232 116 47 July
909 2230 26 41 9;
992 2231 79 39 aff.
1101 2232 117 47 July
1243 2231 52 47 5;
1323 2231 41 39 A
1391 2230 170 47 73339;
1592 2231 229 48 Lawyers
1849 2231 323 47 co-operative

245 2291 106 47 pub.
384 2301 81 35 co.,
498 2288 211 41 Edward
740 2289 275 47 Thompson
1046 2300 52 28 co
1131 2289 93 39 and
1257 2288 489 48 Bancroft-Whitney
1779 2300 67 28 co.

170 2379 317 55 American
517 2383 189 50 water
733 2380 197 53 works
959 2379 375 56 association.

243 2458 184 52 Index
467 2464 58 48 to
568 2458 97 52 the
704 2456 399 70 Proceedings,
1143 2457 244 54 Journal
1430 2458 112 51 and
1584 2456 161 54 other
1787 2456 383 69 publications

173 2535 64 52 of
261 2538 96 51 the
379 2535 308 54 American
711 2542 175 47 water
911 2536 184 53 works
1121 2536 355 66 association,
1502 2539 134 49 1881
1661 2541 58 47 to

172 2536 1997 147 1933 … Prepared by A. V. Ruggles … New York, N. Y., American water
173 2691 183 54 works
388 2692 355 68 association,
773 2692 366 53 Publication
1170 2692 165 68 office,
1370 2696 151 50 1934.

240 2763 86 42 231
359 2777 44 38 p.
462 2765 56 39 23
523 2768 42 21 cm
570 2797 9 9 .

247 2821 231 50 “History
510 2823 50 41 of
589 2823 301 49 publication
919 2823 51 41 of
1002 2823 317 49 Proceedings
1350 2824 97 39 and
1478 2823 235 42 Journal”
1744 2835 60 29 on
1833 2824 137 41 front
172 2825 1981 103 lining-paper

349 2882 96 39 and
475 2879 227 47 “Subject
730 2880 348 49 index-topics”
1110 2892 59 28 on
1198 2881 123 40 back
1347 2881 337 50 lining-paper.

176 2935 50 51 ©
251 2940 125 38 June
400 2939 67 46 15,
492 2939 113 39 1934;
658 2939 65 38 2c.
750 2939 94 38 and
869 2938 79 38 aff.
976 2938 126 39 June
1126 2939 80 44 18;
1232 2939 41 38 A
1296 2939 171 46 72826;
1494 2939 157 39 Amer,
1679 2941 152 38 water
1855 2942 158 38 works
2040 2951 127 30 assn.

256 2995 279 48 (34-18345)

171 3081 324 54 Armenian
528 3080 240 55 church.
842 3081 249 66 Liturgy
1122 3082 114 52 and
1264 3082 194 53 ritual.

247 3158 119 53 The
404 3157 192 53 divine
627 3158 249 67 liturgy;
914 3175 80 50 or,
1030 3157 122 54 The
1185 3156 146 53 book
1366 3157 63 52 of
1461 3162 250 64 mystery
1747 3157 64 54 of
1844 3158 134 69 holy
176 3158 1966 130 oblation
333 3234 353 61 <eucharist>
725 3234 303 68 according
1064 3241 59 47 to
1159 3237 94 52 the
1291 3234 135 54 rites
1464 3236 64 53 of
1564 3237 95 52 the
1698 3236 157 68 Holy
1894 3236 274 68 apostolic

176 3313 208 52 church
414 3311 63 55 of
508 3312 368 67 Armenians;
908 3312 94 53 the
1031 3312 246 69 original
1306 3313 60 52 in
1398 3315 222 52 ancient
1651 3314 112 53 and
1793 3315 235 52 modern
178 3315 1965 130 Armenian
437 3390 61 52 in

534 3389 240 69 parallel
813 3390 278 67 columns;
1132 3392 94 53 the
1263 3391 246 67 English
1545 3391 341 54 translation
1925 3394 111 51 and
2074 3395 94 53 the

177 3467 242 69 English
459 3467 438 68 pronunciation
934 3468 65 52 of
1035 3469 94 53 the
1169 3486 166 51 songs
1373 3470 113 53 and
1523 3470 265 53 canticles
1824 3469 61 53 in
1921 3470 245 69 English

178 3546 332 67 characters,
547 3545 258 68 together
841 3544 142 54 with
1019 3546 97 55 the
1155 3548 330 53 authorized
1522 3548 178 53 music
1736 3548 65 53 of
1835 3566 152 36 more
2026 3549 138 53 than

176 3622 1928 70 ten centuries old. By the Rev. Father Arsen K. Torossian …
181 3700 129 54 New
342 3700 161 54 York
555 3701 122 53 [The
705 3699 301 70 Gotchnag
1033 3719 156 50 press]
1243 3705 151 49 1933.

257 3772 86 48 [36],
374 3772 99 48 256,
509 3773 55 49 [3]
599 3783 43 37 p.
702 3772 129 41 illus.
860 3771 132 48 (incl.
1023 3774 174 47 ports.)
1266 3775 25 38 28
1325 3778 41 19 cm
1375 3807 5 6 .

239 3829 167 41 Added
440 3831 97 46 t.-p.
572 3829 48 40 in
654 3829 278 42 Armenian.

241 3886 270 48 Thirty-six
537 3897 146 38 pages
709 3889 51 37 at
787 3886 261 49 beginning
1070 3887 262 41 numbered
1359 3889 120 40 with
1502 3889 264 42 Armenian
1794 3893 294 43 characters.
