2350 4196
1073 4003 134 54 1437

228 432 116 45 xvii,
395 434 84 37 817
530 444 40 35 p.
633 433 161 39 front.,
851 433 124 38 illus.
1006 431 182 46 (mops)
1252 432 119 45 port.
1435 429 53 38 24½c
1522 432 41 19 nn
1573 462 5 6 .
1651 428 267 48 (Overland
1974 430 46 37 to
2075 429 78 39 the

160 488 187 40 Pacific,
410 500 40 28 v.
479 489 50 47 4)

231 544 277 41 Half-title:
548 546 100 40 The
685 546 227 47 couriers,
949 545 81 40 the
1067 544 201 40 Charles
1303 544 54 40 B.
1393 542 206 40 Voorhis
1636 544 150 39 series
1823 543 50 39 of
1911 542 243 40 Overland

162 604 45 37 to
242 603 81 39 the
355 602 190 47 Pacific,
582 615 25 27 a
644 603 615 44 narrative-documentary
1296 600 187 46 history
1519 600 48 39 of
1605 601 79 39 the
1720 604 138 43 great
1894 601 172 46 epochs
2105 598 49 41 of

163 660 75 38 the
265 659 81 38 far
374 659 146 42 West,
549 660 160 40 edited
738 660 57 46 by
823 660 182 39 Archer
1035 658 168 39 Butler
1232 657 223 40 Hulbert.

229 713 161 42 “First
421 716 217 48 printing
668 716 204 41 October
903 715 156 41 1934.”

158 769 50 50 ©
237 773 101 41 Oct.
366 774 37 38 8.
434 774 139 46 1934;
604 776 66 39 2c.
698 777 92 36 and
821 788 78 25 aff.
932 774 100 40 Oct.
1061 773 81 40 25;
1173 773 39 38 A
1243 772 167 42 75932;
1443 772 220 46 Dorothy
1694 772 207 46 Printup
1930 770 223 47 Hulbert,

227 831 235 38 Colorado
492 831 212 54 Springs,
732 831 96 40 Col.
901 829 279 49 (34-30085)

155 920 259 64 Ihering,
446 921 193 63 Georg
669 921 286 54 Albrecht
987 937 129 38 von.

224 998 208 52 Flucht
456 1018 67 33 zu
551 1000 189 51 dreien
760 1020 10 44 ;
800 998 478 53 abenteuerlicher
1296 1016 215 33 roman.,
1531 1015 108 33 von
1660 997 493 67 Georg-Albrecht

156 1076 1176 68 von Ihering. Berlin, Ullstein [ c 1934]
230 1148 96 43 241,
359 1150 36 46 [1]
475 1184 7 5 p.,
528 1152 12 35 1
595 1182 5 6 l.
664 1151 52 37 17
721 1152 42 20 cm
771 1183 6 5 .
850 1152 92 38 (On
972 1159 161 30 cover:
1161 1148 205 40 Ullstein
1397 1148 202 44 bücher)

160 1202 54 51 ©
241 1207 117 47 Aug.
388 1207 68 40 16.
488 1207 139 40 1934:
662 1209 65 38 1c.
760 1208 101 40 Oct.
893 1207 51 41 2;
978 1207 310 45 A-Foreign
1319 1205 170 47 25770;
1524 1205 209 41 Ullstein
1766 1216 40 28 a.
1839 1216 38 37 g.

237 1263 279 48 (34-35508)

206 1371 81 48 Iles,
319 1356 325 63 Margaret.

227 1428 211 55 Season
468 1430 192 68 ticket,
690 1432 33 52 by
793 1433 296 67 Margaret
1178 1449 70 35 Iles.
1316 1430 260 68 London,
1605 1431 71 53 V.
1710 1428 294 70 Gollancz,
2034 1429 123 66 ltd.,

158 1510 148 50 1934.

226 1579 84 41 287
339 1591 41 37 p.
443 1580 54 40 19
501 1584 43 20 cm
550 1615 7 6 .

160 1636 1998 107 © 1c. Oct. 25, 1934: A ad int. 19470 ; pubd. Aug. 27; M. lies, Southend-on-Sea,
367 1697 235 47 England.
676 1698 278 47 (34-36783)

156 1789 164 63 Jack,
351 1790 209 54 David.

225 1864 218 68 Soccer,
473 1865 76 68 by
581 1866 195 52 David
808 1866 175 67 Jack;
1020 1866 353 67 experiences
1405 1865 64 52 of
1500 1866 96 53 the
1629 1882 162 51 game
1824 1864 139 53 with
154 1884 1980 112 practical
335 1944 343 52 instruction
724 1962 71 34 on
842 1943 257 70 training
1145 1945 111 52 and
1302 1961 72 34 on
1421 1944 137 68 play
1605 1943 59 52 in
1711 1944 135 51 each
1892 1944 264 67 position.

153 2021 257 67 London,
439 2022 252 52 Putnam
728 2025 171 64 [1934]

227 2095 85 39 viii
340 2106 56 37 p.,
423 2096 27 38 2
513 2127 8 14 l.,
549 2096 86 39 336
660 2107 42 36 p.
763 2097 148 39 front,
941 2095 172 49 (port.)
1150 2097 169 47 plates,
1348 2097 178 46 diagrs.
1590 2096 53 39 19
1647 2098 43 21 cm
1697 2128 7 7 .

161 2148 1996 53 © 1c. Oct. 15, 1934; A ad int. 19436; pubd. Sept. 3; Putnam, & co., ltd.
238 2208 279 50 (34-36800)

159 2298 203 66 Johns,
395 2300 195 54 Ethel.

231 2374 1924 71 An activity analysis of nursing, by Ethel Johns … and
162 2452 1994 70 Blanche Pfefferkorn … Prepared under the auspices of the
164 2530 334 54 Committee
526 2549 66 34 on
623 2532 95 52 the
744 2532 247 67 grading
1017 2533 61 50 of
1106 2535 238 65 nursing
1371 2533 232 53 schools.
1671 2532 136 53 New
1837 2532 160 52 York
2027 2535 131 62 city,

168 2611 144 49 1934.

229 2679 84 39 214
341 2690 42 37 p.
411 2681 109 39 incl.
549 2681 166 39 tables.
773 2681 56 40 20
833 2683 42 21 cm
882 2714 7 7 .

230 2735 206 41 “Source
460 2738 254 39 materials
737 2738 126 39 from
891 2738 155 40 which
1073 2740 271 40 conditions
1368 2742 110 38 lists
1505 2751 124 29 were
1655 2741 262 45 compiled"
1939 2753 6 26 :
1979 2752 37 34 p.
2046 2741 109 37 125-

158 2792 110 47 126;
307 2793 233 41 “Sources
574 2793 126 40 from
739 2795 155 40 which
931 2796 244 40 activities
1211 2798 107 39 lists
1356 2808 125 28 were
1517 2798 291 46 compiled":
1851 2809 37 35 p.
1928 2798 226 39 149-150:

158 2849 293 41 “Reference
478 2851 281 39 materials"
779 2864 8 28 :
819 2862 40 36 p.
889 2852 215 40 213-214.

162 2906 50 51 ©
244 2911 126 47 Sept.
398 2910 68 48 26,
496 2910 139 43 1934;
667 2911 63 39 2c.
762 2913 91 38 and
885 2912 81 39 aff.
997 2911 102 40 Oct.
1127 2913 81 46 13;
1238 2913 42 39 A
1308 2913 142 39 75767
1470 2925 7 35 ;
1509 2913 286 40 Committee
1825 2925 59 28 on
1914 2914 80 39 the
230 2915 1911 100 grading
336 2968 50 39 of
414 2968 204 46 nursing
644 2969 202 39 schools.
918 2968 277 48 (34-36024)

172 3056 298 66 Johnston,
502 3058 244 54 Charles
776 3061 205 51 Haven
1014 3060 180 61 Ladd,
1231 3065 165 49 1877-

235 3135 242 54 Famous
528 3135 303 52 American
881 3135 237 54 athletes
1167 3136 61 52 of
1277 3139 214 67 to-day.
1581 3136 221 53 Fourth
1849 3137 188 67 series,
2084 3136 72 68 by

165 3212 1950 70 Charles H. L. Johnston … Boston, L. C. Page & company
167 3324 11 32 [
184 3296 17 21 c
207 3292 151 65 1934]

230 3362 100 39 xiii.
357 3361 84 39 273
470 3372 41 36 p.
568 3362 163 45 front.,
760 3365 147 44 ports.
965 3363 25 38 20½cm.
1186 3365 208 40 Famous
1424 3368 187 37 leaders
1640 3368 162 44 seriesi

229 3418 159 39 "First
419 3420 299 45 impression,
746 3419 217 43 October.
995 3420 154 40 1934."

163 3474 49 50 ©
242 3478 99 40 Oct.
372 3480 68 45 15,
468 3477 141 42 1934;
640 3478 65 39 2c.
737 3479 94 38 and
860 3478 79 40 aff.
973 3479 100 40 Oct.
1103 3479 80 41 22;
1215 3481 41 38 A
1287 3480 169 42 76699;
1489 3482 48 37 L.
1571 3481 47 40 O.
1650 3482 128 46 Page
1808 3481 42 40 &
1873 3492 80 36 co.,
1984 3479 90 43 inc.

238 3534 278 48 (34-36021)

159 3609 240 65 Lomax,
428 3612 154 52 John
612 3614 219 62 Avery,
864 3614 171 53 1872-
1247 3633 176 48 romp.

227 3687 308 54 American
563 3689 221 52 ballads
815 3692 112 50 and
959 3690 125 52 folk
1112 3709 184 50 songs,
1328 3692 268 52 collected
1627 3692 113 51 and
1771 3692 280 65 compiled
2082 3692 73 65 by

158 3764 1994 71 John A. Lomax … and Alan Lomax: with a foreword by
159 3841 1966 148 George Lyman Kittredge … New York, The Macmillan company, 1934.
