2350 4196
1096 4004 96 50 503

141 365 118 55 Das
291 366 191 54 kleine
517 367 406 68 gediehtbuch;
961 368 153 68 lyrik
1148 385 108 34 von
1287 369 183 50 heute.
1546 368 304 65 München,
1884 367 72 53 A.
212 369 1902 142 Langen/G.
461 443 230 69 Müller,
727 448 149 52 1934.

217 517 1914 51 63, [1] p. 18 × 10 ½ cm . (Lettered on cover: Die kleine bücherei. [30])
148 571 1993 52 © Oct. 31, 1933; 1c. Mar. 5, 1984; A -Foreign 23825; Albert Langen-
218 632 155 48 Georg
402 633 175 39 Müller
606 634 177 47 verlag,
815 645 40 36 g.
887 644 56 28 in.
976 634 39 39 b.
1047 633 43 37 h.
1163 631 279 49 (34-10204)

141 734 311 66 Laughlin,
483 737 171 53 Clara
685 736 325 63 Elizabeth,
1043 735 166 53 1873-

217 814 311 68 Traveling
565 815 251 68 through
855 813 133 67 life;
1029 814 169 68 being
1234 814 97 51 the
1371 812 459 69 autobiography
1871 812 62 53 of
1973 811 170 56 Clara

146 892 69 52 E.
248 892 307 68 Laughlin.
627 893 215 52 Boston
878 892 111 52 and
1023 892 137 52 New
1195 891 180 67 York,
1408 890 320 69 Houghton
1762 891 204 51 Mifflin
145 909 1977 128 company,
348 972 149 50 1934.

216 1042 27 38 4
269 1052 45 38 p.
380 1073 9 17 l.,
418 1041 88 41 319
532 1052 43 38 p.
635 1041 149 43 front,
816 1042 169 49 (port.)
1054 1042 55 39 21½
1144 1044 42 21 cm
1191 1074 8 8 .

150 1096 50 51 ©
240 1100 112 48 Apr.
392 1100 69 46 27,
501 1099 141 48 1934;
682 1101 67 39 2c.
791 1102 112 46 May
943 1101 52 45 5;
1037 1099 82 41 aff.
1161 1103 113 45 May
1311 1101 54 45 4;
1407 1100 42 39 A
1487 1100 170 47 71494;
1701 1100 49 41 C.
1791 1102 51 37 E.
1885 1101 255 50 Laughlin,

217 1157 222 48 Chicago.
514 1157 278 47 (34-27123)

142 1259 331 67 Lawrence,
504 1263 191 53 David
726 1262 275 65 Herbert,
1035 1265 325 50 1885-1930.

143 1340 1980 146 … D. H. Lawrence; reminiscences and correspondence. London, M. Seeker [1934]
216 1490 97 49 319,
353 1491 53 50 [1]
441 1502 43 38 p.
544 1490 56 38 22½
633 1494 44 20 cm
682 1523 8 9 .

220 1548 64 41 At
308 1549 125 41 head
461 1548 50 41 of
537 1549 135 41 title:
705 1550 118 39 Earl
850 1551 95 39 and
973 1549 193 40 Achsah
1193 1549 258 42 Brewster.

222 1606 1925 50 “Letters … cover the period of the last nine years of his life.”—
150 1665 270 41 Foreword.

150 1720 1995 51 © 1c. Apr. 13, 1934; A ad int. 18854; pubd. Feb. 15; Earl Brewster and
217 1782 192 39 Echsah
436 1781 259 45 Brewster,
726 1780 64 40 St.
820 1778 335 49 Cyr-sur-mer,
1182 1780 112 47 Var,
1324 1780 198 41 France.
1590 1782 280 47 (34-10899)

142 1884 79 53 Le
249 1885 161 63 Fort,
439 1883 277 65 Gertrud,
741 1884 173 67 freiin
926 1926 10 24 ,
964 1899 130 50 von,
1123 1884 169 53 1876-

278 1960 1866 73 … Das reich des kindes; legende der letzten Karolinger.
146 2040 304 67 München,
479 2039 70 52 A.
579 2038 344 69 Langen/G.
954 2038 229 68 Müller,
1214 2042 149 50 1934.

220 2113 1916 55 54, [1] p. 18 × 10 ½ cm . ( Lettered on cover : Die kleine bücherei. [27])
150 2168 1995 109 © Oct. 31, 1933; 1c. Mar. 5, 1934; A -Foreign 23822; Albert Langen-Georg
408 2229 175 38 Müller
615 2229 180 46 verlag,
828 2238 40 37 g.
902 2239 55 28 m.
995 2228 42 40 b.
1069 2229 44 38 h.
1184 2228 279 48 (34-10202)

143 2319 203 65 Lenin,
380 2317 253 66 Nikolai,
669 2317 323 53 1870-1924.

216 2397 183 53 Lenin
444 2415 70 34 on
560 2397 94 52 the
701 2395 217 56 Jewish
962 2396 270 67 question.
1309 2397 139 53 New
1496 2399 179 65 York,
1721 2400 420 53 International
149 2474 317 68 publishers
503 2510 12 32 [
521 2481 16 21 c
543 2479 135 48 1934
682 2509 12 31 ]

217 2550 58 40 23
301 2560 41 37 p.
401 2548 55 40 18½
489 2550 44 21 cm
539 2580 8 7 .

222 2603 1924 52 “Selections from Lenin’s writings … ‘The declaration of the rights
149 2659 1777 51 of the nationalities of Russia’ … and the special ‘Decree on the
149 2667 1998 101 uprooting of the anti-Semitic movement’ … are included in this pamphlet.”—
149 2777 210 40 Editor’s
387 2776 257 40 foreword.

219 2834 174 40 Edited
423 2834 62 46 by
513 2832 277 39 Alexander
820 2831 374 48 Trachtenberg.

154 2888 55 51 ©
242 2892 121 38 Mar.
400 2891 70 46 30,
505 2889 140 46 1934;
684 2889 67 39 2c.
788 2888 111 47 Apr.
939 2888 80 46 18;
1059 2887 81 41 aff.
1176 2889 114 47 Apr.
1328 2889 81 45 14;
1448 2889 42 38 A
1527 2889 169 47 72088;
1739 2891 256 41 Internatl.

220 2892 1908 96 publishers
426 2958 81 35 co.,
539 2946 88 40 inc.
703 2944 278 49 (34-10691)

145 3038 279 65 Leyford,
457 3038 224 62 Henry.

217 3115 238 51 Murder
483 3133 185 48 moon,
697 3112 75 68 by
802 3113 202 67 Henry
1036 3111 270 69 Leyford.
1382 3114 139 51 New
1552 3114 179 67 York,
1762 3115 120 53 The
148 3116 1972 146 Macaulay
272 3211 279 49 company
587 3225 11 33 [
605 3198 14 20 c
628 3194 132 49 1933]

218 3269 83 39 253
332 3279 39 36 p.
460 3266 25 41 19
488 3269 45 20 cm
538 3300 7 6 .

155 3321 50 51 ©
239 3325 99 40 Oct.
371 3324 39 46 5,
441 3322 112 40 1933;
615 3322 65 39 2c.
713 3321 95 39 and
840 3320 79 40 aff.
955 3320 99 41 Oct.
1088 3320 82 47 10;
1202 3321 41 38 A
1274 3321 169 46 65536;
1480 3322 258 48 Macaulay
1771 3334 64 29 co.

236 3380 278 49 (33-28933)

151 3466 836 64 Löwenstem-Seharffeneek,
1020 3467 325 64 Hubertus,
1377 3468 136 66 graf
1545 3484 131 49 von,
1710 3473 171 49 1906-

222 3548 122 51 The
381 3545 241 69 tragedy
663 3542 63 53 of
767 3562 31 33 a
838 3542 226 66 nation;
1109 3541 305 69 Germany,
1459 3545 325 70 1918-1934,
1826 3546 75 69 by
1942 3548 205 52 Prince

153 3624 293 53 Hubertus
495 3620 416 65 Loewenstein;
966 3620 140 51 with
1156 3638 71 34 an
1278 3620 390 54 introduction
1718 3623 75 69 by
1844 3624 303 54 Wickham

156 3701 183 56 Steed.
399 3701 258 64 London,
684 3697 185 52 Faber
894 3699 45 50 &
965 3697 202 67 Faber,
1192 3698 222 52 limited
1447 3701 171 65 [1934]

223 3775 101 49 viii,
353 3774 84 41 373
467 3784 43 37 p.
571 3771 145 40 19½cm.

158 3827 1989 56 © 1c. Apr. 7, 1934; A ad int. 18809; pubd. Feb. 15; Hubertus Friedrich,
224 3891 136 48 prinz
393 3900 56 28 zu
483 3883 966 49 Löwenstein-Wertheim-Freudenberg,
1484 3885 212 42 London.

233 3945 277 51 (34-10399)
