2350 4196
1178 3997 64 47 48

222 373 212 63 Shane,
463 374 136 51 Mrs.
629 371 220 65 Peggy.

290 449 234 66 Change
558 452 278 63 partners,
975 449 197 66 Peggy
1207 446 203 54 Shane.
1486 447 135 51 New
1658 445 177 58 York,
1871 448 65 50 R.
1971 448 163 64 Long
2166 450 44 48 &

221 528 66 52 R.
319 527 66 51 R.
420 526 206 56 Smith,
659 529 147 48 1934.

290 601 84 39 338
410 612 39 36 p.
513 599 54 39 19½
599 602 42 21 cm
648 631 7 7 .

227 654 50 50 ©
308 659 107 38 Jan.
446 658 68 38 19.
544 656 140 42 1934;
716 657 66 40 2c.
813 658 94 38 and
937 656 81 39 aff.
1050 656 107 38 Jan.
1188 656 80 44 23;
1302 655 39 37 A
1372 654 168 45 68970;
1575 655 107 45 Ray
1711 654 132 43 Long
1872 655 94 37 and
1998 653 210 40 Richard

294 715 51 38 R.
379 714 167 46 Smith,
576 713 87 40 inc.
739 713 248 46 (34-1467)

223 816 282 65 Shenton,
532 817 256 55 Herbert
815 816 316 65 Newhard,
292 819 1003 141 1884-Cosmopolitan
748 891 415 66 conversation;
1196 892 95 52 the
1322 892 281 67 language
1634 891 280 67 problems

1947 889 61 53 of
225 890 1960 134 international
509 971 355 54 conferences
903 970 108 68 [by]
1050 969 246 53 Herbert
1329 968 284 54 Newhard
1649 967 252 55 Shenton
2000 993 5 6 …
2072 968 135 53 New

227 1048 170 66 York,
432 1047 293 55 Columbia
753 1047 314 69 university
1095 1065 170 50 press,
1297 1050 148 48 1933.

294 1118 661 51 xviii, 803 p., 1 l. 23½ cm .
290 1177 349 41 “Conferences
669 1177 254 47 convened,
954 1176 213 47 1923-29,
1199 1178 238 46 arranged
1469 1178 61 46 by
1559 1176 169 48 years”:
1789 1189 42 36 p.
1860 1176 236 51 487-[589]

292 1234 207 41 “Source
526 1236 50 37 of
604 1234 317 41 information
952 1245 59 28 on
1039 1233 80 40 the
1147 1234 305 39 conferences
1482 1234 201 40 listed’’:
1713 1246 41 36 p.
1782 1234 221 50 488-[489]

225 1291 51 51 ©
302 1297 111 38 Dec.
440 1295 68 41 30.
537 1294 138 41 1933;
705 1295 65 38 2c.
799 1295 109 38 Dec.
937 1293 81 40 28:
1049 1293 80 39 aff.
1160 1293 105 39 Jan.
1294 1294 39 39 4.
1362 1293 140 41 1934;
1533 1294 40 37 A
1601 1292 169 49 68740;
1803 1294 247 40 Columbia
2081 1293 128 41 univ.

290 1361 149 38 press.
509 1351 250 48 (34-1311)

224 1441 294 66 Stebbins,
545 1443 138 52 Mrs.
711 1442 162 62 Lucy
901 1441 199 54 Poate.

292 1518 292 68 Gorgeous
622 1524 202 47 towers
884 1518 92 67 [by]
1019 1519 158 65 Lucy
1213 1520 177 51 Poate
1429 1518 280 55 Stebbins.
1785 1519 424 66 Philadelphia,

223 1596 116 51 The
368 1597 160 51 Penn
556 1594 332 69 publishing
915 1613 277 49 company
1267 1599 149 62 [1934]

296 1668 740 49 vi p., 1 l., [7]-307 p. 19½c m .
226 1722 50 51 ©
308 1727 108 38 Jan.
447 1726 68 42 12,
547 1724 139 40 1934;
720 1726 65 37 2c.
819 1727 91 37 and
945 1725 80 39 aff.
1059 1724 109 39 Jan.
1198 1725 81 39 22:
1314 1725 39 37 A
1386 1724 167 46 69132;
1590 1724 130 40 Penn
1753 1724 108 48 pub.
1894 1735 65 29 co.

301 1782 248 47 (34-1294)

222 1872 347 52 Tennessee.
645 1872 182 65 Laws,
857 1876 255 60 statutes,
1143 1878 96 46 etc.

294 1947 321 53 Annotated
662 1946 151 54 Code
851 1948 64 51 of
949 1948 320 66 Tennessee,
1310 1950 161 62 1934;
1512 1946 329 70 containing
1878 1946 75 53 all
1993 1953 115 48 acts
2148 1947 62 52 of

228 2044 27 32 a
284 2024 226 67 general
537 2024 111 54 and
676 2024 191 67 public
892 2029 199 48 nature
1116 2025 59 52 in
1200 2024 153 54 force
1379 2024 260 69 January
1668 2027 46 64 1,
1743 2027 149 65 1934,
1919 2023 295 70 including

225 2101 116 53 also
370 2104 95 51 the
493 2108 144 48 state
669 2104 111 51 and
814 2102 217 54 federal
1065 2102 393 53 constitutions
1491 2102 111 55 and
1636 2103 148 53 rules
1815 2102 61 52 of
1905 2103 306 67 Appellate

228 2178 1923 70 courts, compiled and annotated by Samuel C. Williams …
225 2258 236 52 Volume
527 2301 8 8 I.
610 2257 416 71 Indianapolis,
1061 2261 120 52 The
1217 2261 442 53 Bobbs-Merrill
1695 2278 278 52 company
2056 2264 150 63 [c1934]

289 2332 64 45 ix,
387 2332 83 40 693
503 2343 41 37 p.
607 2332 54 40 26
666 2335 42 20 cm
716 2366 6 6 .

295 2385 128 47 Kept
456 2396 63 36 up
553 2388 47 37 to
634 2387 112 41 date
779 2385 120 40 with
932 2386 293 41 cumulative
1260 2388 170 46 pocket
1465 2389 326 46 supplements
1826 2393 47 36 to
1907 2390 56 39 be
1997 2390 210 41 inserted

225 2441 46 39 in
300 2442 674 48 perpetual-revision-binder
1002 2447 50 37 at
1079 2445 90 38 end
1196 2445 50 38 of
1273 2446 117 38 each
1416 2446 203 38 volume.

227 2499 51 50 ©
307 2504 109 39 Jan.
447 2503 37 41 6.
514 2502 139 40 1934;
684 2504 66 39 2c.
782 2504 106 38 Jan.
920 2503 80 40 18:
1034 2503 78 39 aff.
1146 2504 107 39 Jan.
1282 2505 82 40 17;
1395 2505 42 37 A
1466 2504 168 47 69069;
1666 2505 368 41 Bobbs-Merrill
2065 2517 64 29 co.

301 2559 249 48 (34-1354)

224 2648 299 65 Turnbull,
556 2649 323 65 Margaret.

292 2726 122 52 The
439 2725 205 54 bride’s
669 2727 225 53 mirror.

303 2800 80 45 (In
413 2794 249 45 Woman’s
695 2796 212 51 journal,
939 2798 129 50 Dec.,
1102 2798 141 49 1933)

226 2849 1985 63 © 1c. Jan. 20, 1934; A ad int. 18644; pubd. Nov. 24, 1933; M. Turnbull,
289 2911 116 38 New
431 2912 149 47 Hope,
607 2912 80 40 Pa.

228 2997 250 66 Vernon,
506 3002 135 53 Mrs.
671 3001 290 66 Virginia,
993 3008 169 48 1894-
1397 3021 160 52 comp.
1603 3009 114 50 and
1743 3015 67 46 tr.

291 3074 242 54 Modern
562 3084 221 48 one-act
814 3081 164 67 plays
1008 3078 154 55 from
1189 3081 95 53 the
1316 3082 241 69 French,
1588 3083 267 55 collected
1887 3086 112 52 and
225 3090 1964 115 translated
407 3154 73 67 by

511 3152 270 70 Virginia
815 3158 112 51 and
961 3157 197 53 Frank
1188 3158 250 69 Vernon,
1469 3158 229 69 preface
1733 3161 75 69 by
1842 3160 198 54 Frank
222 3163 1966 118 Vernon.
415 3230 138 52 New
585 3231 178 68 York,
794 3233 111 53 Los
935 3234 263 69 Angeles,
1232 3234 56 55 S.
1322 3237 252 67 French;
1607 3237 257 69 London,
1900 3238 54 55 S.
1989 3239 218 53 French

220 3306 132 67 ltd.;
405 3313 119 61 [etc.,
554 3312 118 63 etc.]
708 3312 150 51 1933.

294 3379 94 47 xiv,
419 3380 85 39 454
532 3389 42 37 p.
634 3380 56 40 20½
724 3384 42 20 cm
772 3413 6 8 .

225 3433 51 51 ©
308 3438 115 46 July
451 3438 69 40 10.
550 3437 113 42 1933;
724 3439 65 40 2c.
822 3441 95 39 and
949 3441 80 40 aff.
1064 3442 100 40 Oct.
1195 3442 81 47 16;
1311 3444 40 37 A
1383 3443 167 47 68758;
1588 3444 191 41 Samuel
1814 3445 199 41 French.

303 3494 250 48 (34-1245)

225 3581 180 65 Vilas,
432 3585 137 54 Mrs.
600 3585 175 54 Faith
804 3588 127 52 Van
960 3589 442 66 Valkenburgh.

289 3659 190 53 Roads
517 3660 63 52 of
616 3662 179 68 earth,
830 3664 74 66 by
940 3665 173 52 Faith
1151 3668 127 51 Van
1315 3666 410 70 Valkenburgh
1764 3672 177 51 Vilas.
221 3672 1963 130 Philadelphia,
501 3737 289 56 Dorrance
821 3743 42 49 &
893 3761 95 38 co.,
1021 3743 103 52 inc.
1203 3748 149 63 [c1934]

292 3809 85 40 125
416 3822 41 36 p.
519 3811 54 40 19
576 3814 43 20 cm
625 3844 8 7 .
705 3812 296 48 (Half-title:
1040 3815 378 50 Contemporary
1457 3822 134 43 poets
1631 3821 49 37 of
1720 3820 256 39 Dorrance.
2040 3821 106 39 119)

227 3862 50 51 ©
311 3868 108 39 Dec.
454 3868 66 39 19.
554 3867 139 47 1933;
728 3869 65 40 2c.
828 3870 107 40 Jan.
970 3873 67 39 17.
1071 3873 138 41 1934;
1246 3875 78 39 aff.
1362 3876 105 39 Jan.
1503 3877 79 40 13:
1620 3877 39 39 A
1692 3876 167 43 69038:
1898 3880 245 38 Dorrance
2176 3880 37 40 &

294 3934 81 37 co.,
404 3924 89 40 inc.
565 3926 248 47 (34-1252)
