2350 4196
1129 4004 97 50 669

171 354 474 56 Massachusetts
693 356 188 69 digest
927 355 325 67 annotated,
1301 353 131 53 1761
1480 359 57 49 to
1585 355 147 67 date,
1779 356 268 66 covering
2093 355 76 52 all

240 452 148 34 cases
427 435 263 66 reported
732 436 59 51 in
832 433 439 54 Massachusetts
1310 437 221 63 reports
1573 433 111 51 and
1723 434 187 52 North
1950 438 219 48 eastern

240 517 272 64 reporter,
562 513 138 52 with
751 520 230 45 current
1027 511 341 55 cumulative
1418 512 204 66 pocket
1667 512 213 52 service
1925 511 246 69 keeping

240 588 1929 72 the digest always to date … By the publisher’s editorial
240 664 1929 152 staff, v. 18-20. Boston, Little, Brown, and company; St. Paul, West publishing co. [ c 1934]
242 823 30 38 3
297 833 40 27 v.
396 821 56 39 26
455 823 43 21 cm
506 854 6 8 .

580 888 43 29 CONTENTS.—v.
654 876 69 41 18.
752 875 652 49 Taxation-Vagrancy.—v.
1435 873 71 43 19.
1534 876 192 39 Vendor
1755 877 95 38 and
174 875 2000 101 purchaser-Work
349 936 94 38 and

472 935 258 39 labor.—v.
759 934 70 40 29.
858 935 149 39 Table
1032 934 51 39 of
1110 941 134 32 cases
1273 932 233 47 digested.

177 1004 40 27 v.
252 991 67 46 18,
359 987 51 51 ©
447 992 115 47 May
595 991 68 47 25,
700 991 141 43 1934;
878 1003 41 28 v.
955 991 68 46 19,
1060 990 68 46 20,
1168 985 50 52 ©
1256 990 113 47 May
1405 989 82 47 28;
1524 989 67 40 2c.
1629 990 117 41 each
1783 991 128 38 June
1944 990 81 47 20;
2064 989 108 42 affs.

250 1050 127 38 June
404 1048 81 45 21;
519 1049 40 37 A
589 1047 319 41 72913-72915;
968 1048 134 39 West
1132 1047 107 48 pub.
1269 1058 80 34 co.,
1383 1047 94 39 and
1509 1046 164 48 Little,
1705 1046 190 48 Brown,
1929 1048 95 38 and
245 1056 1912 97 company.

170 1197 208 63 Model,
412 1198 154 54 Else.

180 1271 1995 135 … Die kinder vom Pfrontener tal; eine erzählung aus den Pfrontener
577 1352 232 67 bergen;
862 1351 106 53 mit
1017 1352 118 52 vier
1185 1349 263 69 farbigen
1499 1350 222 52 bildern
1775 1369 111 33 von
1936 1350 238 52 Eduard
179 1429 274 53 Winkler.
521 1429 309 68 Stuttgart,
859 1430 72 51 K.
965 1429 387 53 Thienemann
1390 1462 12 34 [
1409 1435 16 21 c
1432 1431 131 49 1933
1572 1462 10 34 ]

249 1500 1112 50 110 p., 1 l. col. front., col. plates. 21 cm .
178 1558 55 51 ©
268 1562 100 40 Oct.
405 1563 38 45 1,
480 1562 140 41 1983;
659 1563 66 38 1c.
762 1563 112 47 May
911 1563 38 46 1,
986 1560 139 43 1934;
1166 1561 38 40 A
1206 1561 269 47 -Foreign
1512 1562 171 47 24483;
1721 1563 60 40 K.
1818 1561 357 41 Thienemanns

245 1621 177 45 verlag.
498 1619 279 48 (34-15447)

172 1709 228 64 Munro,
435 1709 254 54 William
725 1711 275 62 Beimett,
1040 1710 167 54 1875-

177 1785 1934 140 Municipal administration, by William Bennett Munro … New York, The
701 1865 333 53 Macmillan
1064 1883 295 50 company,
1390 1869 150 50 1934.

252 1938 85 38 viii
367 1949 54 36 p.,
451 1940 20 37 1
542 1971 6 7 l.,
580 1938 83 40 699
692 1949 41 36 p.
795 1938 125 40 illus.
952 1936 130 48 (incl.
1114 1947 149 39 maps,
1294 1938 164 48 plans)
1495 1939 178 47 diagrs.
1736 1938 54 39 22
1795 1940 42 22 cm
1844 1971 6 8 .

252 1994 349 41 “References”
631 1998 51 38 at
712 1997 89 37 end
834 1996 50 39 of
912 1996 116 39 each
1059 1995 198 48 chapter
1287 1997 171 45 except
1485 1996 201 46 chapter
1715 2006 158 32 seven.

181 2048 52 51 ©
262 2053 115 46 May
404 2053 69 45 15,
506 2053 140 44 1934;
677 2053 68 41 2c.
776 2054 94 38 and
901 2052 83 41 aff.
1014 2054 114 46 May
1157 2051 54 42 16;
1268 2053 43 38 A
1340 2053 172 47 71638;
1546 2054 282 39 Macmillan
1860 2065 66 30 co.

259 2109 280 49 (34-14335)

175 2200 144 52 New
352 2200 160 52 York
547 2200 217 67 (State)
850 2200 183 69 Laws,
1063 2206 256 62 statutes,
1350 2208 99 46 etc.

249 2275 1929 70 Clevenger’s practice manual of New York … as amended
178 2355 1998 69 to end of legislative session of 1934 … 12th ed. Edited and
178 2434 2000 74 annotated by Joseph R. Clevenger … New York, Baker,
177 2513 248 55 Voorhis
468 2517 45 50 &
555 2530 107 49 co.;
708 2515 138 51 New
892 2514 161 53 York
1096 2513 110 54 and
1249 2515 250 67 Albany,
1542 2516 279 52 Matthew
1867 2518 226 52 Bender
2136 2522 44 49 &
177 2609 296 50 company,
504 2592 417 67 incorporated,
954 2595 148 49 1934.

251 2668 24 37 1
307 2678 42 27 v.
409 2666 146 41 25½cm.

249 2723 209 40 Various
490 2722 216 48 pagings.

184 2776 51 51 ©
260 2781 127 39 June
410 2780 38 46 5,
474 2780 140 45 1934;
640 2779 65 39 2c.
732 2779 127 39 June
882 2780 24 38 7;
961 2778 81 40 aff.
1068 2778 125 41 June
1217 2778 53 48 6;
1297 2780 40 38 A
1361 2779 170 48 72678;
1561 2780 236 40 Matthew
1824 2781 189 40 Bender
2039 2783 36 40 &
2097 2792 83 39 co.,

256 2837 103 46 inc.,
394 2837 95 39 and
521 2837 173 45 Baker,
729 2836 206 39 Voorhis
969 2836 37 39 &
1037 2847 67 29 co.

179 2912 144 54 New
353 2913 160 52 York
548 2911 217 68 (State)
850 2913 276 65 Supreme
1159 2920 172 46 court.

311 2988 1869 74 … Reports of cases heard and determined in the Appellate
180 3063 2001 146 division … Austin B. Griffin, reporter. v. 239, 1934. [Official ed.] Albany, J. B. Lyon company, 1934.
252 3222 115 48 xlvi,
396 3221 84 41 965
511 3232 40 37 p.
611 3220 54 39 23½
699 3222 43 20 cm
749 3253 6 7 .

187 3275 51 51 ©
267 3280 128 39 June
420 3279 67 45 18,
517 3277 113 39 1934;
687 3277 67 39 2c.
782 3277 127 38 June
936 3276 81 46 21;
1049 3276 79 41 aff.
1161 3277 123 40 June
1312 3277 54 39 19;
1425 3278 41 38 A
1494 3278 170 47 73156;
1696 3278 212 41 Edward
1938 3281 42 38 J.
2012 3279 170 49 Flynn,

256 3338 246 44 secretary
539 3334 49 39 of
626 3334 81 39 the
744 3335 127 37 state
909 3332 53 40 of
993 3333 116 40 New
1146 3332 130 41 York
1313 3333 49 39 in
1400 3337 129 38 trust
1565 3335 79 39 for
1682 3337 81 38 the
1800 3336 179 40 benefit
2011 3337 52 39 of
2100 3339 82 37 the

253 3394 166 47 people
447 3392 52 38 of
524 3393 81 37 the
634 3392 141 44 state,
804 3390 204 41 Albany.

204 3469 224 63 [Niisen,
459 3467 202 51 Anthon
733 3465 308 53 Bernhard
1070 3465 179 68 Elias]
1288 3472 169 48 1855-

252 3544 339 67 Impossible
635 3542 277 68 Evensen,
958 3562 30 32 a
1030 3543 165 52 novel
1236 3542 76 68 by
1355 3542 161 55 Elias
1558 3543 338 54 Kraemmer
1962 3547 194 66 [pseud.]
183 3622 311 55 translated
530 3620 152 52 from
717 3620 94 52 the

846 3618 342 69 Norwegian
1221 3620 76 67 by
1332 3621 65 54 E.
1433 3621 66 53 E.
1534 3622 209 68 Hagen
1778 3624 112 51 and
1925 3623 67 53 E.
183 3623 1994 131 Gay-Tifft.
418 3700 138 51 New

593 3697 179 61 York,
809 3695 550 58 Coward-McCann.
1394 3698 126 68 inc.,
1556 3702 150 51 1933.

254 3776 25 39 3
310 3785 43 37 p.
419 3805 9 18 l.,
459 3772 87 41 346
574 3782 43 38 p.
677 3769 146 42 19½cm.

255 3832 161 39 “First
446 3826 227 44 edition.”

190 3885 51 51 ©
271 3889 99 40 Oct.
401 3887 68 48 26,
499 3886 140 46 1933;
669 3885 64 39 2c.
764 3884 117 40 Nov.
911 3885 51 46 7;
993 3884 52 40 aff
1104 3884 117 41 Nov.
1250 3885 52 46 9;
1334 3885 41 39 A
1401 3885 170 48 67026;
1605 3887 455 49 Coward-McCann,
2090 3891 90 41 inc.

268 3943 278 51 (34-14546)
