2350 4196
1143 4004 100 54 470

250 380 1930 69 … Hamty garden guide; accurate, authentic. New York,
265 456 195 58 Irwin,
489 458 229 53 Banner
745 459 44 49 &
821 457 308 54 Caruthers
1164 492 12 34 [
1180 465 18 21 c
1203 460 134 49 1934
1341 491 13 34 ]

270 534 83 49 [36]
386 544 42 38 p.
486 534 27 39 20½cm.

264 598 64 39 At
354 598 124 39 head
505 598 51 39 of
581 597 135 41 title:
744 599 147 39 What
919 601 47 37 to
994 600 149 46 plant,
1171 600 138 38 when
1336 602 47 36 to
1411 599 149 47 plant,
1589 600 106 37 how
1719 601 48 37 to
1795 599 148 48 plant.

265 654 227 41 Lettered
517 666 60 28 on
601 665 166 30 cover:
796 656 73 38 An
894 656 53 39 A.
974 657 53 38 B.
1054 656 47 40 C.
1128 656 143 39 index
1298 656 51 39 of
1373 655 278 48 gardening.

265 712 160 39 Blank
449 722 146 37 pages
620 712 81 39 for
728 712 369 39 “Memoranda”
1138 711 80 50 ([3]
1248 715 54 37 at
1325 712 116 47 end)

198 782 53 51 ©
286 787 110 47 Apr.
436 787 39 46 5,
511 786 140 46 1934;
689 786 67 40 2c.
794 787 111 46 Apr.
945 786 51 46 6;
1037 785 80 39 aff.
1155 786 111 46 Apr.
1306 785 80 47 13;
1426 785 43 38 A
1504 785 169 47 71253;
1714 785 162 47 Irwin,
1917 786 194 39 Banner
2149 785 36 39 &

265 843 279 40 Caruthers.
619 842 248 49 (34-9908)

192 947 311 65 Hastings,
533 947 228 65 Quincy
787 949 69 54 D.

262 1025 122 67 We,
421 1026 94 51 the
554 1026 199 67 people
793 1026 61 51 of
892 1027 94 50 the
1024 1026 216 54 United
1280 1027 205 65 States,
1523 1025 74 67 by
1637 1024 224 68 Quincy
1900 1026 70 50 D.
192 1025 1969 147 Hastings

192 1102 1968 148 … [Batavia, N. Y., Printed by The Batavia times publishing company, c 1933]
267 1262 55 40 92
348 1273 42 36 p.
448 1261 55 40 23
508 1263 43 21 cm
556 1292 7 8 .

201 1327 52 52 ©
279 1333 113 46 May
417 1331 38 47 6,
483 1331 111 40 1933;
652 1331 64 40 2c.
745 1333 94 38 and
867 1330 80 41 aff.
976 1332 109 40 Dec.
1115 1331 79 45 22;
1224 1331 39 38 A
1290 1330 169 45 67651;
1491 1329 52 47 Q.
1570 1330 56 39 D.
1657 1329 250 47 Hastings,
1938 1327 248 46 Franklin,

268 1389 80 39 Pa.

194 1492 225 61 Hauck,
450 1492 139 52 Mrs.
617 1491 212 54 Louise
861 1489 220 67 (Platt)
1123 1495 168 48 1883-

269 1568 262 68 Friday’s
563 1567 153 53 child
752 1567 90 68 [by]
896 1567 205 53 Louise
1133 1566 158 53 Platt
1323 1565 219 53 Hauck.
1614 1564 422 68 Philadelphia,
2068 1565 118 51 The

198 1646 156 52 Penn
388 1643 332 70 publishing
752 1662 275 50 company
1064 1678 13 34 [
1081 1651 18 21 c
1105 1646 133 50 1934
1242 1677 13 34 ]

267 1716 89 42 308
384 1726 44 38 p.
484 1715 59 41 19
543 1718 44 22 cm
591 1747 9 9 .

202 1786 51 51 ©
280 1791 112 46 Apr.
419 1790 68 47 13,
516 1790 113 39 1934;
685 1789 66 39 2c.
780 1790 93 39 and
901 1789 80 39 aff.
1009 1790 112 46 Apr.
1150 1788 54 40 25;
1261 1790 40 37 A
1328 1788 142 40 72177;
1528 1789 133 39 Penn
1688 1789 106 47 pub.
1826 1800 66 28 co.

279 1846 248 48 (34-9622)

196 1947 244 65 Holden,
469 1947 254 56 William
754 1949 209 64 Curry,
997 1952 168 48 1896-

270 2025 120 52 The
420 2024 153 68 Spur
602 2024 203 65 ranch;
839 2043 30 33 a
901 2024 168 68 study
1101 2023 62 52 of
1191 2025 94 52 the
1316 2024 246 52 inclosed
1592 2023 175 53 ranch
1798 2024 172 67 phase
2003 2023 64 52 of
2094 2023 94 51 the

200 2101 1962 146 cattle industry in Texas, by William Curry Holden … Boston, The Christopher publishing house [1934]
270 2250 89 41 229
381 2261 42 38 p.
481 2250 176 48 diagrs.
715 2251 55 39 20½c
819 2253 27 20 m
852 2282 7 7 .

273 2309 114 46 Map
418 2319 62 28 on
509 2307 335 48 lining-paper.

269 2365 144 39 “This
431 2365 133 39 work
581 2375 227 37 proposes
827 2366 47 37 to
893 2365 56 39 be
968 2373 26 29 a
1014 2366 142 46 study
1180 2365 51 39 of
1255 2366 80 39 the
1357 2365 236 49 ranching
1612 2365 225 49 industry
1861 2367 52 39 of
1934 2368 81 38 the
2040 2367 148 41 Great

201 2422 158 49 plains
386 2433 114 29 area
523 2422 127 40 from
674 2422 114 39 1885
816 2424 47 37 to
889 2420 113 41 1907
1028 2432 53 28 as
1105 2422 301 47 exemplified
1431 2424 60 46 by
1517 2424 82 39 the
1628 2423 127 48 Spur
1779 2425 147 39 ranch
1953 2424 52 40 of
2029 2425 157 40 Texas

254 2478 1933 51 … an outstanding example of a ranch owned and operated by a foreign
202 2535 485 50 syndicate.”—Pref.

204 2608 51 51 ©
284 2613 120 38 Mar.
433 2611 67 40 16.
528 2610 139 46 1934;
697 2609 67 39 2c.
795 2609 92 38 and
916 2607 79 40 aff.
1025 2609 111 46 Apr.
1166 2609 80 46 11;
1276 2610 41 37 A
1344 2607 143 42 70976;
1547 2610 314 48 Christopher
1889 2612 107 46 pub.
2028 2612 160 39 house.

282 2667 247 49 (34-9906)

198 2772 228 63 Horler,
457 2772 254 62 Sydney.

269 2850 120 52 The
420 2846 194 69 prince
646 2846 62 53 of
742 2846 257 67 plunder.
1082 2846 384 64 [Instalments
1501 2851 150 62 6-10]

284 2924 82 47 (In
391 2917 221 50 Tit-bits,
641 2917 127 42 Mar.
797 2918 40 49 3,
868 2917 70 49 10,
969 2918 70 48 17,
1070 2917 70 49 24,
1172 2917 69 49 31,
1273 2917 142 50 1934)

206 2989 1980 51 © 1c. each Apr. 18, 1934; A ad int. 18947; pubd. Feb. 24-Mar. 24;
278 3049 43 40 S.
350 3048 189 45 Horler,
569 3046 376 45 Bournemouth,
976 3046 232 46 England.

199 3152 165 63 Jean,
397 3150 197 52 Frank
626 3150 233 63 Covert,
892 3151 170 51 1880-

273 3224 1918 72 An introductory course in science for colleges … by Frank
206 3302 208 54 Covert
445 3302 163 66 Jean,
641 3302 149 51 Ezra
825 3300 267 55 Clarence
1125 3301 234 53 Harrah
1394 3304 112 51 and
1540 3305 152 52 Fred
1726 3305 173 53 Louis
1933 3305 258 52 Herman

262 3380 1925 71 … with the editorial collaboration of Samuel Ralph Powers,
203 3457 1986 71 v. 1. Man and the nature of his physical universe … Boston,
203 3536 1363 68 New York [etc.] Ginn and company [ c 1934]
275 3623 44 34 x,
349 3611 83 40 524
461 3621 41 36 p.
560 3609 141 46 illus.,
731 3608 177 47 diagrs.
965 3608 54 39 21½cm.

276 3665 191 40 Earlier
495 3663 182 40 edition
706 3664 87 39 has
823 3663 133 39 title:
987 3663 335 40 Introduction
1352 3665 46 38 to
1429 3664 196 42 science.

279 3718 345 43 “References”
656 3720 52 38 at
736 3720 92 38 end
857 3718 52 40 of
936 3720 116 39 each
1084 3720 208 46 chapter.

209 3787 51 51 ©
295 3793 118 37 Mar.
449 3792 38 45 1,
521 3790 138 45 1934;
695 3790 66 39 2c.
796 3790 120 39 Mar.
949 3789 80 40 19:
1067 3789 78 39 aff.
1180 3791 112 46 Apr.
1328 3793 79 44 11;
1444 3793 42 37 A
1518 3793 168 47 71307;
1725 3794 48 41 F.
1811 3795 48 40 C.
1895 3796 134 45 Jean,
2066 3797 122 37 Ezra

277 3847 229 41 Clarence
550 3847 210 45 Harrah,
807 3845 123 40 Fred
975 3846 145 39 Louis
1164 3846 227 47 Herman,
1439 3848 213 49 Greeley,
1699 3851 111 47 Col.,
1857 3853 94 38 and
1999 3851 191 40 Samuel

279 3904 158 47 Ralph
470 3903 205 44 Powers,
709 3902 116 40 New
857 3902 143 40 York.
1072 3902 246 48 (34-9607)
