2350 4196
1097 3994 130 50 1285

170 358 283 64 Norman,
483 359 289 54 Winston.

243 436 66 52 “I
343 435 169 53 think
542 436 33 51 I
608 454 92 34 am
732 436 200 67 slowly
965 432 394 68 recovering”;
1394 432 198 51 letters
1626 430 153 52 from
1813 448 32 34 a
1881 428 294 69 forgotten

173 515 308 52 Democrat
517 520 57 47 to
613 514 92 53 his
742 516 389 66 government,
1169 511 75 68 by
1282 509 269 55 Winston
1594 508 284 67 Norman;
173 508 1975 138 illustrations
351 592 74 67 by

456 592 154 52 Berk
637 591 295 67 Anthony.
1008 591 139 52 New
1178 588 181 68 York,
1389 588 124 52 The
1543 588 156 54 John
1731 588 130 66 Day
1897 605 278 49 company

193 674 158 50 [ c 1934]
247 744 56 40 64
331 756 42 36 p.
402 744 109 39 incl.
541 744 164 41 front.,
736 744 126 40 illus.
925 745 54 38 19½
1012 745 43 21 cm
1061 774 7 7 .

180 799 49 51 ©
260 802 101 41 Oct.
388 804 39 37 4.
457 801 139 47 1934;
627 801 66 40 2c.
725 801 99 41 Oct.
855 802 24 38 6;
939 800 79 40 aff.
1051 800 101 40 Oct.
1180 800 51 40 5;
1263 800 39 37 A
1332 797 169 42 76369;
1535 798 68 39 W.
1636 798 228 45 Norman,
1899 797 97 40 San
248 798 1910 101 Francisco.
457 857 278 49 (34-32743)

177 976 164 52 Ohio.
417 977 182 65 Laws,
632 982 256 50 statutes,
922 983 97 45 ete.

247 1052 200 68 Page’s
493 1052 151 54 Ohio
688 1053 343 54 cumulative
1077 1053 130 51 code
1253 1052 228 66 service,
1526 1052 334 66 containing
1902 1053 95 50 the
2039 1052 137 51 laws

178 1132 201 66 passed
424 1136 57 46 at
524 1132 93 51 the
661 1132 157 51 third
861 1131 209 67 special
1114 1129 209 53 session
1365 1129 65 52 of
1471 1130 95 51 the
1609 1129 279 52 ninetieth
1932 1128 245 53 General

179 1209 276 66 assembly
490 1210 194 58 (June.
728 1211 187 65 1934).
957 1209 134 51 with
1136 1213 157 47 notes
1334 1208 63 51 of
1437 1208 275 53 decisions
1753 1208 62 52 of
1854 1209 96 52 the
1990 1213 188 48 courts

180 1287 106 51 and
340 1287 263 67 opinions
651 1288 62 51 of
761 1288 93 52 the
903 1288 285 65 Attorney
1236 1285 225 69 general
1515 1287 333 66 construing
1897 1287 94 52 the
178 1291 1975 126 statutes.

390 1365 387 53 Annotations
806 1367 72 64 by
912 1367 133 53 Carl
1074 1367 173 50 Louis
1277 1365 179 52 Meier
1491 1408 54 8 ...
1626 1365 220 67 George
1880 1367 59 53 C.
183 1368 1971 135 Trautwein,
367 1444 314 67 managing

708 1443 199 53 editor,
984 1461 87 34 no.
1106 1448 60 46 13;
1230 1447 147 47 1934.
1457 1442 347 57 Cincinnati.
1833 1444 120 52 The
1986 1447 83 52 W.
2100 1445 75 50 H.

176 1522 840 66 Anderson company [ c 1934]
249 1595 495 47 2 p. l. , 62 p. 26 cm .
180 1647 51 52 ©
261 1652 100 40 Oct.
390 1652 68 45 11,
489 1651 139 47 1934;
660 1652 66 40 2c.
754 1653 95 38 and
878 1652 80 39 aff.
988 1652 99 40 Oct.
1117 1652 79 46 15;
1227 1652 43 38 A
1299 1652 168 46 76548;
1499 1652 71 40 W.
1601 1653 58 37 H.
1691 1652 253 40 Anderson
1972 1664 67 30 со.

172 1769 326 66 Oxenham,
533 1772 173 64 John,
742 1773 194 65 pseud.

246 1846 196 55 Christ
471 1849 111 51 and
611 1849 94 52 the
733 1849 158 52 third
922 1852 131 50 wise
1081 1868 149 48 man,
1257 1849 74 66 by
1359 1850 156 55 John
1542 1850 316 55 Oxenham.
1923 1851 258 67 London,

173 1928 139 51 New
341 1927 163 53 York
537 1932 136 61 [etc.]
706 1928 344 67 Longmans,
1079 1928 185 55 Green
1293 1929 113 51 and
1434 1948 97 46 со.,
1561 1932 151 50 1934.

247 2001 61 47 vi,
340 2000 99 48 184,
474 2001 54 48 [1]
565 2012 42 36 p.
668 2000 56 40 20½
756 2004 44 20 cm
806 2033 7 8 .

250 2058 229 40 “Printed
505 2058 48 38 in
585 2058 79 39 the
693 2058 177 40 United
901 2058 163 41 States
1092 2058 51 40 of
1170 2057 265 41 America.”

249 2115 161 40 “First
442 2115 228 40 edition.”

184 2168 50 52 ©
262 2173 100 40 Oct.
388 2173 39 46 3,
454 2172 113 41 1934;
621 2173 66 39 2c.
716 2172 101 40 Oct.
843 2172 27 38 4;
926 2172 80 41 aff.
1036 2172 99 40 Oct.
1164 2173 23 38 5;
1244 2173 41 37 A
1310 2172 142 40 76308;
1507 2173 218 40 William
1751 2173 185 40 Arthur
249 2174 1915 104 Dunkerley,
370 2230 269 47 Worthing,
673 2230 234 47 England.

981 2228 278 49 (34-32562)

174 2349 334 63 Patterson,
543 2349 257 53 Frances
832 2348 233 63 Taylor.

244 2424 194 55 White
470 2444 315 49 wampum;
820 2426 97 53 the
948 2431 157 61 story
1138 2426 62 52 of
1232 2428 205 52 Kateri
1470 2427 395 67 Tekakwitha,
1894 2428 72 66 by
175 2429 1982 129 Frances
290 2504 213 67 Taylor

532 2506 306 52 Patterson
874 2551 53 7 ...
1008 2505 257 66 London,
1295 2507 139 52 New
1466 2505 162 53 York
1664 2510 138 62 [etc.]
1836 2508 346 66 Longmans,

175 2580 185 55 Green
393 2583 111 52 and
536 2601 98 47 со.,
668 2586 149 50 1934.

247 2655 535 49 4 p. l., 304 p. 19 cm .
251 2712 229 40 “Printed
511 2713 49 38 in
592 2713 82 38 the
705 2712 178 41 United
918 2712 162 41 States
1112 2714 50 40 of
1191 2713 267 40 America.”

250 2769 161 41 “First
445 2768 227 41 edition.”

184 2823 50 51 ©
265 2827 101 40 Oct.
394 2828 40 46 3,
462 2826 114 40 1934;
633 2828 64 37 2c.
729 2828 101 39 Oct.
857 2828 27 37 4;
944 2827 80 40 aff.
1057 2827 99 39 Oct.
1188 2828 50 45 5;
1271 2828 40 38 A
1342 2828 141 39 76309;
1544 2828 286 47 Longmans,
1864 2828 155 40 Green
2049 2829 38 40 &
2113 2840 68 29 со.

259 2884 279 48 (34-32560)

176 3000 169 65 Peck,
378 3001 172 54 Anne
580 3003 344 56 Merriman,

247 3077 211 69 Young
489 3079 240 67 Mexico,
760 3080 72 65 by
864 3082 168 51 Anne
1061 3080 316 54 Merriman
1409 3081 179 66 Peck;
1624 3081 327 53 illustrated
1981 3082 73 65 by
2085 3082 96 52 the

177 3156 220 52 author.
475 3157 137 52 New
644 3157 179 65 York,
850 3159 68 52 R.
945 3158 79 52 M.
1054 3160 275 52 McBride
1358 3163 45 50 &
1431 3178 279 49 company
1745 3193 14 34 [
1764 3166 17 21 c
1787 3163 151 63 1934]

254 3228 102 48 xiii,
388 3230 85 40 270
502 3241 58 38 p.,
591 3232 23 38 1
668 3263 7 7 l.
708 3232 109 40 incl.
850 3233 164 47 front.,
1046 3232 128 41 illus.,
1221 3244 75 37 pl.,
1327 3236 136 46 ports.
1535 3233 172 49 plates,
1738 3236 138 45 port.,
1907 3233 118 40 fold.
2057 3244 124 38 map.
180 3286 145 41 21½cm.

186 3340 49 51 ©
265 3344 127 47 Sept.
420 3346 67 39 12.
516 3343 113 42 1934;
687 3347 65 37 2c.
781 3346 94 38 and
904 3346 80 40 aff.
1016 3346 124 48 Sept.
1171 3346 53 39 29;
1281 3347 40 38 A
1348 3347 148 40 76199;
1549 3348 52 38 A.
1687 3378 6 7 M.
1723 3348 137 45 Peck,
1891 3348 116 38 New
2036 3347 143 39 York.

264 3400 278 48 (34-32557)

179 3501 175 56 Pérez
385 3505 193 63 Lngín
611 3504 343 67 Alejandro,
989 3506 325 56 1870-1926.

252 3580 274 56 Shadows
563 3584 63 51 of
661 3584 96 52 the
792 3603 133 47 sun;
965 3587 314 52 translated
1315 3587 154 52 from
1506 3587 319 66 Alejandro
1859 3590 175 51 Perez
181 3590 1976 136 Lugin’s
363 3659 251 69 Spanish

648 3663 182 66 novel,
865 3662 269 55 “Currito
1170 3665 68 53 de
1271 3668 55 50 la
1364 3665 201 66 Cruz”,
1601 3666 73 65 by
1712 3665 215 68 Sidney
181 3666 1976 123 Franklin.
353 3737 138 54 New
519 3739 179 67 York,
728 3742 61 53 C.

821 3740 311 57 Scribner’s
1160 3761 155 49 sons,.
1338 3747 149 51 1934.

250 3811 527 49 4 p. l., 439 p. 21cm.
192 3864 48 52 ©
276 3870 126 48 Sept.
435 3869 69 48 21,
536 3869 140 48 1934;
710 3869 66 42 2c.
811 3870 100 42 Oct.
948 3872 24 39 5;
1036 3873 81 39 aff.
1156 3874 123 46 Sept.
1316 3874 80 40 29;
1437 3875 38 37 A
1510 3874 167 43 76326;
1719 3873 177 48 Sidney
1932 3873 249 41 Franklin.

256 3926 258 48 Brooklyn.
588 3926 277 49 (34-32569)
