2350 4196
1188 4019 99 47 208

245 401 237 64 Wilson,
510 403 255 51 Howard
796 403 259 63 Eugene,
1087 405 169 49 1901-

312 479 120 52 The
461 478 191 53 fusion
680 478 64 52 of
769 478 172 53 social
968 478 209 53 studies
1205 480 61 50 in
1293 477 191 68 junior
1512 477 140 68 high
1680 479 242 65 schools;
1954 497 31 32 a
2013 480 217 51 critical

242 554 1989 69 analysis, by Howard E. Wilson … Cambridge, Harvard
244 634 314 67 university
596 651 171 50 press,
807 636 148 49 1933.

244 706 1969 104 5 p. l., 211 p. diagrs. 22½cm. (Half-title: Harvard studies in education … v. 21)
315 821 334 40 “Curriculum
678 821 185 38 studies
891 820 51 38 in
968 820 80 39 the
1078 818 146 41 social
1254 817 212 42 studies”:
1527 830 42 36 p.
1599 818 199 39 114-122;
1858 818 344 49 Bibliography;

243 888 42 36 p.
317 878 215 40 191-206.

246 932 1985 51 © Sept. 29. 1933; 2c. Jan. 25. 1934; aff. Feb. 7; A 69323; President and
311 993 189 39 fellows
527 992 50 39 of
603 992 230 38 Harvard
861 992 190 45 college,
1081 989 298 47 Cambridge,
1410 990 145 38 Mass.
1629 989 248 47 (34-2.623)

248 1082 237 64 Wilson,
515 1082 243 52 Rinaldo
787 1082 89 63 A.,
906 1102 177 33 comp.

314 1157 121 52 The
470 1157 306 52 American
814 1158 224 66 catalog
1074 1155 63 54 of
1175 1157 75 51 all
1287 1156 217 53 United
1545 1155 187 55 States
1772 1156 152 53 coins
1963 1157 113 53 and

246 1174 1964 129 currency;
486 1234 201 69 giving
732 1253 29 33 a
806 1235 154 67 price
1002 1252 177 50 range
1220 1249 71 36 on
1336 1234 133 51 each
1515 1234 125 52 coin
1684 1238 58 48 to
1788 1234 166 52 allow
2001 1233 94 54 for
2138 1235 95 51 the

244 1313 291 52 condition
570 1313 113 51 and
718 1312 205 68 selling
956 1330 63 34 or
1054 1311 232 69 buying.
1355 1311 140 53 Also
1531 1330 31 33 a
1596 1311 146 53 mint
1778 1312 114 67 list,
1928 1311 207 69 figures
2171 1311 64 52 of

245 1390 93 53 the
373 1395 370 63 government
778 1389 192 67 mints,
1007 1389 184 52 which
1229 1389 118 51 will
1384 1389 153 52 show
1574 1389 95 53 the
1706 1389 236 53 number
1980 1389 63 52 of
2081 1391 153 52 coins

242 1468 179 52 made.
498 1467 101 51 All
641 1466 199 53 official
882 1467 153 52 coins
1077 1466 63 52 of
1181 1467 153 67 gold,
1376 1466 188 67 silver,
1605 1466 203 68 nickel,
1852 1468 112 52 and
2009 1485 224 50 copper.

246 1543 1989 70 Compiled and published by R. A. Wilson … Santa Monica,
246 1621 174 54 Calif.
461 1656 13 33 [
479 1629 17 21 c
502 1625 130 50 1933
640 1655 12 33 ]

312 1698 54 40 63
396 1709 40 36 p.
498 1697 128 39 illus.
686 1698 54 38 17
744 1699 44 20 cm
794 1729 7 7 .

248 1750 1985 51 © Dec. 18. 1933; 2c. and aff. Jan. 22, 1934; A 09147; R. A. Wilson, Los
317 1812 215 44 Angeles.
605 1810 249 48 (34-1725)

250 1896 285 66 Winston,
564 1900 221 52 Robert
815 1901 264 62 Watson,
1113 1903 168 48 1860-

313 1976 211 52 Robert
559 1977 65 50 E.
660 1976 137 66 Lee;
836 1996 28 32 a
900 1975 339 69 biography,
1272 1976 75 67 by
1379 1975 214 53 Robert
1624 1977 89 52 W.
1746 1978 282 52 Winston.
2097 1977 136 52 New

245 2054 176 66 York,
447 2054 88 53 W.
564 2054 250 51 Morrow
840 2056 46 49 &
912 2072 294 49 company,
1237 2056 148 51 1934.

314 2126 1918 49 xi p., 2 l., 3-428 p. front., illus. (maps) 2 pl., ports., 2 double facsim.
243 2185 55 38 22½
332 2186 44 21 cm
380 2216 9 8 .

317 2241 245 40 “Selected
593 2240 335 47 bibliography:
989 2251 40 36 p.
1060 2239 214 40 417-421.

248 2295 1982 50 © Feb. 26. 1934; 2c. Mar. 3: aff. Mar. 5; A 70447: R. W. Winston.
314 2355 180 47 Chapel
521 2355 115 39 Hill.
712 2387 5 6 N.
748 2354 48 39 C.
868 2353 248 48 (34-4693)

250 2444 194 64 Wood,
477 2442 303 65 Howland,
815 2443 171 53 1877-

316 2521 120 53 The
468 2520 283 68 Gampola
781 2521 150 52 larin
961 2521 198 67 hoard,
1188 2521 76 67 by
1296 2521 289 52 Howland
1614 2522 202 52 Wood.
1885 2522 139 52 New
2058 2522 178 65 York,

246 2599 120 52 The
398 2598 303 52 American
734 2599 361 52 numismatic
1125 2600 227 66 society,
1385 2602 151 49 1934.

318 2671 1920 49 2 p. l., 84 p. front., illus., plates. 17 cm . (Half-title: Numismatic
247 2732 135 37 notes
410 2731 94 38 and
532 2731 333 46 monographs,
933 2740 85 38 [no.
1038 2729 95 48 61])

246 2786 1928 50 © Jan. 26, 1934; 2c. and aff. Feb. 8: A 70150: Amer. numismatic soc.
326 2845 249 47 (34-3932)

270 2932 308 67 [Woolfolk,
608 2933 206 54 Josiah
845 2933 176 68 Pitts]
1060 2938 168 48 1894-

314 3010 155 51 Male
494 3013 111 51 and
635 3012 221 63 female,
882 3013 75 66 by
985 3012 231 54 Gordon
1247 3013 177 65 Sayre
1474 3014 179 65 [pseud.]
1767 3017 136 50 New
1933 3017 176 64 York,
2139 3018 88 52 W.

246 3087 261 60 Godwin,
535 3089 124 59 inc.,
689 3095 147 48 1934.

317 3160 85 40 285
435 3171 42 36 p.
539 3161 54 39 19
597 3163 43 20 cm
645 3194 7 7 .

249 3214 1982 50 © Feb. 9, 1934; 2c. Feb. 17: aff. Mar. 13: A 69535: J. P. Woolfolk,
316 3275 341 40 Jacksonville.
685 3275 100 39 Fla.
858 3275 249 46 (34-344)

257 3362 1974 72 The … year book of the eye. ear, nose and throat [1933] The
321 3441 1767 64 eye [by] E. Y. L. Brown, M. D. … and Louis Bothman, M. D.
381 3518 1851 73 … The ear, nose and throat [by] George E. Shambaugh,
321 3597 1883 127 M. D. … and Elmer W. Hagens, M. D. … Avith the collaboration
477 3673 1754 71 of George E. Shambaugh, jr., M. D. … Chicago. The
324 3751 148 50 Year
511 3751 145 50 book
694 3751 337 66 publishers,
1071 3753 397 67 incorporated
1556 3757 149 63 [c1933]

315 3831 84 39 632
429 3842 40 36 p.
530 3832 141 44 illus.,
704 3832 178 48 diagrs.
942 3833 55 39 18½cm.
1157 3833 263 48 (Practical
1452 3835 235 40 medicine
1720 3836 162 45 series,
1916 3836 137 48 1933)

248 3892 1979 56 © Dec. 6, 1933; 2c. and aff. Jan. 4, 1934; A 68708; Year book publishers,
322 3952 86 39 inc.
