2350 4196
1141 3994 134 54 1734

223 443 65 50 ed,
332 462 59 33 so
416 460 57 34 as
497 449 57 45 to
580 448 208 47 restore
815 443 161 50 much
1007 444 121 51 that
1156 443 110 50 had
1292 443 138 50 been
1455 442 253 65 changed
1736 461 62 34 or
1824 442 109 52 lost
1957 444 249 65 through

230 522 151 65 lapse
419 520 62 52 of
517 520 152 56 time,
706 521 109 51 and
852 532 61 40 to
946 519 322 52 harmonize
1306 521 93 49 the
1438 521 280 64 language
1755 520 62 51 of
1853 520 93 52 the
1983 520 230 51 manual

224 598 136 52 with
403 598 128 51 that·
568 598 293 66 employed
902 600 58 48 in
1001 599 93 50 the
1135 598 326 51 monitorial
1502 597 157 51 work
1697 596 63 52 of
1798 615 169 47 many
2008 597 63 53 of
2111 599 94 51 the

224 676 176 51 oldest
436 676 111 52 and
579 675 231 66 leading
840 676 183 66 grand
1057 675 389 66 jurisdictions
1480 674 62 52 of
1574 675 93 51 the
1704 676 194 52 world,
1931 682 57 44 to
2022 675 182 53 which

227 754 47 52 is
315 754 116 51 also
472 753 200 51 added,
711 754 428 51 commentaries
1175 770 69 34 on
1285 771 147 32 some
1474 751 61 51 of
1575 753 93 50 the
1707 755 314 62 important
2063 753 149 53 rites,

224 831 245 66 symbols
509 832 109 50 and
661 831 293 66 allegories
995 830 61 51 of
1097 831 218 52 ancient
1356 828 148 52 craft
1548 848 277 47 masonry.
1904 832 87 65 By
2032 832 175 52 Jewel

224 909 62 50 P.
381 881 254 88 Lightfoot
677 950 53 8 ...
817 907 156 64 [Fort
1013 906 221 66 Worth,
1273 907 153 65 Tex.,
1466 906 237 51 Printed
1743 905 72 67 by
1856 906 255 53 students
2147 909 63 50 of
221 986 167 66 Dept.
421 984 63 52 of
516 984 277 68 printing,
823 983 254 52 Masonic
1108 985 160 52 home
1302 984 108 51 and
1444 983 206 66 school,
1685 985 150 65 1934]

333 1091 6 9 x.
368 1059 83 38 241
480 1069 40 36 p.
585 1058 141 46 illus.,
755 1059 84 38 col.
869 1058 168 46 plates,
1068 1057 175 47 diagrs.
1304 1056 55 39 20
1363 1059 43 20 cm
1412 1091 6 5 .

295 1116 198 45 Hymns,
525 1115 116 37 with
673 1114 151 39 music;
884 1125 40 36 p.
955 1113 155 40 67-68.

224 1181 52 51 ©
358 1195 70 28 Nov.
465 1185 68 40 30.
570 1184 112 39 1934;
748 1187 66 36 2c.
853 1184 92 39 and
982 1184 79 38 aff.
1100 1185 108 37 Dec.
1246 1184 24 38 3;
1339 1185 37 36 A
1414 1184 140 38 77444;
1623 1184 40 37 J.
1703 1184 47 38 P.
1789 1184 264 47 Liglitfoot.
2134 1192 73 31 Fort

295 1243 179 38 Worth.
507 1243 109 37 Tex.
692 1240 217 48 (33-195)

219 1344 289 64 Littauer,
540 1345 286 52 Vladimir
855 1344 308 63 Stanislas,
1198 1350 166 48 1892-

289 1420 219 68 Riding
551 1419 282 67 forward;
880 1421 233 51 modern
1158 1420 430 65 horsemanship
1635 1419 92 52 for
1773 1420 315 67 beginners,
2135 1420 70 68 by

227 1498 63 52 V.
322 1497 54 54 S.
405 1498 261 51 Littauer
700 1541 53 7 ...
822 1498 176 52 Boots
1025 1498 111 51 and
1162 1497 221 53 saddles
1415 1498 81 51 ed.
1563 1497 137 51 New
1729 1497 180 56 York,
1937 1498 87 52 W.
223 1498 1962 128 Morrow
368 1574 44 50 &
441 1593 97 48 со.,
569 1577 147 50 1934.

290 1649 1270 47 vi p., 3 l., 3-166 p. front., illus., plates. 19½ cm .
292 1706 142 40 "This
462 1706 194 41 edition,
688 1706 257 39 numbered
977 1707 93 38 and
1099 1705 164 47 signed
1292 1706 58 46 by
1381 1706 80 39 the
1490 1707 189 38 author,
1714 1707 37 37 is
1780 1706 183 39 limited
1998 1711 44 34 to
2076 1708 132 38 three

221 1764 215 38 hundred
466 1764 93 38 and
588 1762 108 47 fifty
723 1762 157 47 copies
907 1762 78 39 for
1014 1764 113 38 sale.
1184 1762 128 47 Copy
1340 1763 200 39 number
1568 1762 125 40 362."

290 1821 346 46 Bibliography;
694 1830 40 36 p.
771 1818 214 40 161-164.

223 1886 54 51 ©
307 1892 108 37 Dec.
448 1893 37 37 1.
517 1888 112 41 1934;
688 1892 64 36 2c.
787 1891 108 37 Dec.
928 1890 24 35 8;
1013 1889 79 39 aff.
1126 1891 108 37 Dec.
1272 1889 50 39 10;
1383 1892 39 35 A
1452 1890 141 39 77570;
1657 1891 49 37 V.
1747 1893 40 34 S.
1826 1890 232 39 Littauer.
2093 1890 115 37 New

291 1947 139 37 York.
504 1946 218 47 (33-138)

219 2050 424 55 Louis-André.

301 2170 54 6 ...
405 2125 229 67 Voyage
681 2143 68 33 au
795 2142 140 51 pays
981 2125 71 50 du
1101 2124 87 65 jeu;
1268 2133 280 58 gagnants
1550 2157 68 4 —
1623 2125 267 66 perdants
1894 2157 68 3 —
1968 2124 240 64 faisans;

223 2204 225 66 préface
470 2203 65 51 de
559 2203 229 50 Tristan
810 2202 275 53 Bernard.
1163 2202 179 67 Paris,
1368 2203 66 52 A.
1460 2201 206 53 Michel
1698 2205 171 64 [1934]

290 2273 25 38 2
341 2284 43 36 p.
433 2304 21 16 l.,
485 2273 173 48 [7]-254
685 2284 56 36 p.,
769 2276 25 35 1
845 2306 6 7 l.
912 2274 55 38 19
971 2276 42 20 cm
1020 2307 6 5 .

555 2330 308 39 CONTENTS.—Sorbonne
889 2329 125 40 1950.
1034 2353 56 4 —
1109 2332 227 37 Baccara.
1356 2354 56 3 —
1433 2332 166 38 Poker.
1619 2355 55 3 —
1695 2331 236 40 Boulette.
1951 2356 55 3 —
219 2332 1966 94 Illuminés.—Faisans.—Pent-on
893 2386 518 47 gagner?—Comment
1440 2388 629 48 gagner?—Vocabulaires.

225 2457 1788 105 © June 23. 1934; 1c. Sept. 17; A- Foreign 23331; Albin Michel. (33-63)
219 2620 337 63 Macdonell,
588 2620 317 53 Archibald
939 2621 247 62 Gordon,
1222 2627 167 47 1895-

291 2697 147 51 How
472 2698 111 51 like
619 2717 68 32 an
722 2699 181 65 angel,
937 2699 71 65 by
1045 2700 66 49 A.
1150 2698 63 54 G.
1251 2700 336 50 Macdoneîl.
1658 2700 256 64 London,
218 2699 1958 127 Macmillan
342 2776 108 52 and
480 2793 96 35 со.,
603 2775 238 54 limited,
871 2779 145 49 1934.

290 2848 603 48 3 p. l., 3-297 p. 19 ½cm .
223 2914 1979 51 © 1c. Dec. 29. 1934; A ad int. 19815; pubd. Nov. 1; A. G. Macdonell,
292 2976 128 37 Goda
431 2976 157 43 lming.
624 2977 190 43 Surrey.
851 2974 228 45 England.

221 3076 182 64 Malti,
432 3076 210 53 Michel
670 3078 243 64 George,
944 3082 169 48 1895-

290 3153 244 51 Electric
580 3153 200 52 circuit
826 3153 265 66 analysis,
1136 3154 72 64 by
1252 3154 210 51 Michel
1510 3154 65 54 G.
1622 3155 166 51 Malti
1843 3198 55 8 ...
1986 3153 215 53 Second

223 3230 255 65 printing
524 3230 337 64 (corrected)
940 3230 138 51 New
1114 3230 176 66 York,
1324 3231 56 52 J.
1412 3232 187 64 Wiley
1634 3235 46 48 &
1711 3249 144 37 sons,
1887 3232 135 61 inc.;
218 3231 1959 139 London,
376 3306 297 66 Chapman
704 3310 44 49 &
777 3307 159 64 Hall,
964 3307 238 61 limited,
1234 3310 149 50 1934.

288 3376 1915 52 2 p. l., iii-vii. 389 p. illus., tables (1 fold.) diagrs. 23 ½ cm . $4.30
222 3430 50 51 ©
302 3436 107 36 Dec.
437 3436 51 36 14,
527 3435 116 38 1934;
698 3437 62 36 2c.
792 3436 107 37 Dec.
927 3435 54 38 18;
1039 3435 79 38 aff.
1148 3436 106 37 Dec.
1286 3437 51 37 17;
1395 3437 41 37 A
1463 3436 131 39 77721;
1661 3438 60 37 M.
1753 3436 49 38 G.
1834 3435 154 39 Malti.
2019 3436 181 39 Ithaca.

335 3492 1443 48 N. Y. [Copyright is claimed on corrections] (33-23)
222 3594 478 52 Manufacturers
728 3598 159 49 trust
917 3611 301 46 company.

289 3669 241 65 Foreign
561 3670 282 67 exchange
872 3671 345 66 regulations
1244 3670 270 69 affecting
1542 3679 242 60 exports.
1859 3670 137 52 New
2025 3669 177 59 York,

226 3746 1140 66 Manufacturers trust company [ c 1934]
289 3820 839 47 cover-title. 1 p. l., 31 p. 22½cm.
221 3870 51 50 ©
300 3876 113 44 July
440 3876 67 39 23.
536 3876 111 39 1934;
703 3878 62 36 2c.
797 3878 94 37 and
920 3876 80 39 aff.
1073 3888 73 35 Aug.
1174 3877 80 46 28;
1286 3879 40 37 A
1355 3877 166 42 74679;
1554 3880 396 37 Manufacturers
1980 3880 129 37 trust
2135 3886 66 30 со.

297 3929 218 44 (35-197)
