2350 4196
1067 3999 127 57 1627

213 436 956 53 5 p. l., 370 p. ports., maps. 23½ cm .
214 493 233 43 Contains
481 496 186 41 studies
700 496 49 41 of
788 496 103 41 Leif
925 496 237 41 Ericsson.
1198 494 164 41 Marco
1396 495 125 40 Polo.
1555 494 273 46 Columbus,
1863 493 182 41 Cabeza
2084 495 55 41 de

149 552 138 47 Vaca,
312 551 259 50 Magellan,
600 553 138 41 Vitus
762 553 192 47 Bering,
982 552 176 48 Mungo
1181 552 143 46 Park,
1352 551 211 40 Richard
1593 552 184 40 Burton
1802 552 92 39 and
1929 551 211 49 Fridtjof

146 609 204 40 Nansen.

148 662 51 51 ©
232 667 117 40 Nov.
379 668 70 39 27.
481 666 109 39 1934;
655 668 64 37 2c.
754 667 96 38 and
881 666 80 39 aff.
995 666 112 38 Dec.
1140 665 26 38 5;
1226 665 40 37 A
1298 664 137 40 77471;
1506 664 165 41 Simon
1702 665 39 40 &
1772 664 246 47 Schuster,
2050 663 90 40 inc.

224 722 279 48 (34-28474)

146 826 178 64 More,
354 826 148 53 Paul
529 826 216 65 Elmer,
780 832 171 49 1864-

215 897 1867 76 The sceptical approach to religion, by Paul Elmer More …
146 980 324 67 Princeton,
506 983 307 53 Princeton
850 981 316 68 university
1200 999 175 50 press,
1409 985 150 49 1934.

215 1055 27 38 4
271 1065 43 37 p.
379 1085 9 17 l.,
416 1054 82 40 201
528 1066 42 37 p.
636 1054 151 51 diagr.
850 1055 54 39 19
907 1057 43 21 cm
956 1087 8 7 .
1035 1055 116 43 (His
1179 1055 116 39 New
1327 1054 268 41 Shelburne
1623 1062 181 39 essays,
1865 1054 92 40 vol.
2039 1055 12 44 II)

150 1106 1993 106 CONTENTS. — Rationalism and faith. — The Socratic revolution. —Platonic
409 1168 402 40 idealism.—The
852 1167 220 41 Platonic
1114 1165 547 51 teleology.—Illusions
1701 1167 51 41 of
1794 1167 351 41 reason.—The

147 1223 244 41 evolution
420 1224 51 40 of
498 1224 438 41 Hebraism.—The
967 1226 118 39 telos
1115 1224 50 39 of
1193 1222 504 50 Christianity.—The
1726 1224 93 48 gift
1849 1224 49 40 of
1929 1224 134 46 hope.

148 1277 50 51 ©
230 1281 100 40 Oct.
359 1282 39 47 5,
426 1280 141 47 1934;
599 1283 52 38 2c
695 1283 92 38 and
820 1282 79 40 aff.
930 1283 116 37 Nov.
1078 1283 51 40 7;
1161 1281 40 39 A
1230 1281 170 47 76961;
1432 1281 262 41 Princeton
1723 1281 129 42 univ.
1882 1290 149 39 press.

225 1336 279 51 (34-40312)

170 1440 232 66 [Morris,
432 1442 350 54 Gwendolen
813 1443 378 66 Sutherland]

221 1513 1922 76 Send danger, by Morris Sutherland [pseud.] … London,
156 1593 134 55 Rich
326 1596 46 49 &
405 1594 231 66 Cowan,
671 1594 119 61 ltd.,
825 1599 147 48 1934.

217 1675 41 37 v,
288 1665 144 41 7-288
463 1676 42 37 p.
564 1665 55 40 19
622 1668 43 21 cm
672 1698 7 6 .

149 1722 50 50 ©
227 1728 65 40 1c.
317 1727 115 38 Nov.
460 1727 37 40 1.
524 1727 112 37 1934;
693 1727 37 38 A
757 1728 60 39 ad
846 1728 82 38 int.
956 1726 142 41 19556;
1154 1727 138 49 pubd.
1324 1727 126 48 Sept.
1479 1728 24 39 6;
1560 1728 52 41 G.
1643 1729 42 40 S.
1714 1729 192 47 Morris,
1932 1728 212 43 London.

226 1783 280 48 (34-40524)

149 1886 234 53 Mother
413 1887 206 55 Goose.

222 1960 225 55 Mother
485 1961 207 67 Goose;
733 1964 139 52 with
910 1964 247 67 pictures
1191 1965 71 67 by
1301 1964 157 52 Ruth
1496 1964 65 52 E.
1601 1964 236 53 Newton
1873 1965 109 52 and
153 1961 1968 134 Mabel
269 2039 66 54 G.
368 2040 182 53 Horn.
618 2039 229 70 Racine,
879 2041 158 68 Wis.,
1067 2041 297 55 Whitman
1397 2042 334 70 publishing
1763 2061 76 34 co.
1877 2078 11 33 [
1895 2050 17 21 c
1919 2046 134 48 1934
2057 2077 14 33 ]

235 2111 69 48 [28]
340 2122 42 36 p.
443 2112 127 39 illus.
600 2113 134 48 (part
764 2113 112 43 col.)
945 2114 55 40 30½
1033 2116 44 21 cm
1083 2145 8 8 .

219 2169 288 39 Illustrated
543 2169 349 48 lining-papers
929 2171 47 38 in
1014 2172 166 41 colors.

152 2225 50 51 ©
238 2229 99 40 Oct.
372 2229 68 45 20,
473 2228 114 40 1934;
650 2227 66 44 2c.
750 2230 111 40 Dec.
898 2232 49 39 7;
986 2230 81 40 aff.
1101 2231 117 41 Nov.
1252 2231 82 42 28;
1371 2232 41 38 A
1444 2232 143 40 77503;
1650 2232 253 40 Whitman
1934 2234 109 46 pub.
2080 2244 67 32 co.

228 2286 280 48 (34-40516)

148 2375 279 53 National
465 2376 279 63 advisory
782 2377 222 53 council
1042 2396 73 35 on
1152 2379 167 52 radio
1355 2381 57 50 in
1451 2380 330 55 education.
1858 2382 290 65 Advisory

217 2452 317 54 committee
569 2473 65 34 on
673 2454 366 69 engineering
1073 2456 439 69 developments.

216 2529 236 54 Present
492 2531 112 51 and
645 2531 337 69 impending
1021 2533 382 68 applications
1439 2540 60 49 to
1539 2535 299 53 education
1880 2535 63 53 of
1985 2535 162 54 radio

147 2607 110 53 and
286 2608 171 52 allied
487 2613 145 62 arts;
663 2615 191 61 report
882 2609 63 52 of
971 2610 97 52 the
1095 2609 337 56 Committee
1462 2631 68 34 on
1562 2611 370 72 engineering
147 2609 1975 145 developments.
513 2685 270 69 Chicago,
838 2687 112 69 Ill.,
1002 2689 120 51 The
1174 2689 336 70 University
1565 2690 64 53 of
1683 2690 253 70 Chicago
1991 2710 156 50 press

193 2764 150 67 [c1934]

243 2834 26 41 83
298 2846 42 37 p.
401 2836 179 45 diagrs.
641 2835 56 40 19
701 2838 44 21 cm
749 2869 7 8 .

217 2891 50 38 A.
298 2892 53 40 N.
381 2891 289 48 Goldsmith,
700 2893 264 41 chairman.

223 2948 224 40 “Council
476 2948 352 48 publications”:
883 2960 42 37 p.
955 2952 98 39 4-5.

152 3003 52 50 ©
246 3008 114 46 May
402 3008 67 41 15,
512 3008 113 37 1934;
694 3009 66 40 2c.
801 3010 116 38 Nov.
961 3009 53 43 2;
1057 3011 82 39 aff.
1180 3013 101 39 Oct.
1325 3014 83 40 31;
1452 3015 41 37 A
1533 3013 170 48 76888;
1746 3016 115 38 Natl.
1920 3017 231 48 advisory

219 3063 188 41 council
434 3066 77 37 for
540 3066 136 37 radio
704 3066 48 38 in
780 3067 272 42 education,
1080 3069 103 47 inc.,
1212 3070 117 39 New
1355 3071 143 38 York.
1563 3070 281 50 [Copyright
1875 3074 41 38 is
1946 3074 202 40 claimed

219 3131 60 29 on
307 3121 254 48 rewriting
585 3123 94 38 and
708 3133 103 28 new
839 3124 242 48 material]
1155 3124 278 49 (34-40275)

172 3209 356 65 [Negligence
562 3214 114 51 and
712 3215 441 62 compensation
1187 3234 165 36 cases
1386 3220 344 66 annotated]

149 3285 1974 156 Common sense index of volumes 33-35 N. C. C. A. … Chicago, Callaghan and company, 1934.
222 3439 284 48 cover-title,
536 3439 85 41 325
652 3451 43 37 p.
753 3441 54 40 25
812 3444 43 21 cm
861 3475 8 7 .

156 3491 50 51 ©
243 3498 112 38 Dec.
391 3497 56 38 26.,
506 3496 107 39 1934;
675 3499 66 40 2c.
779 3499 94 38 and
910 3500 79 38 aff.
1029 3502 111 40 Dec.
1175 3504 49 38 31;
1296 3505 41 38 A
1375 3506 170 39 78774;
1583 3504 272 49 Callaghan
1894 3507 36 38 &
1965 3519 66 27 co.

149 3637 358 67 Negligence
539 3643 111 52 and
684 3647 427 66 compensation,
1138 3667 148 35 cases
1319 3651 336 66 annotated;
1689 3653 96 51 the
1816 3653 333 54 workmen’s

218 3719 441 69 compensation,
709 3724 333 67 employers'
1091 3726 249 68 liability
1387 3729 111 51 and
1547 3734 228 49 current
1821 3731 329 68 negligence

223 3814 149 35 cases
404 3798 234 52 decided
669 3800 58 52 in
759 3801 94 52 the
884 3802 220 54 federal
1133 3808 187 51 courts
1350 3806 63 52 of
1442 3808 97 51 the
1567 3808 216 54 United
1819 3809 205 67 States,
2053 3811 97 52 the

223 3881 187 46 courts
442 3875 64 53 of
536 3878 108 50 last
676 3883 179 48 resort
887 3879 64 53 of
982 3883 76 50 all
1089 3883 94 53 the
1214 3888 173 49 states
1420 3885 110 52 and
1563 3885 316 55 territories
1912 3889 109 51 and
2054 3890 97 52 the
