2350 4196
1155 4016 101 49 244

202 483 213 65 strued,
460 485 149 49 1933.
684 481 192 52 James
917 481 348 66 Monaghan,
1308 480 201 66 editor,
1551 480 235 52 assisted
1826 480 73 66 by
1940 481 255 51 Norman

204 557 1816 68 Lindenheim … Newark. N. J., Soney & Sage co., 1934.
282 631 548 48 2 p. l., 540 p. 26½ cm .
279 689 226 40 Lettered
533 699 60 28 on
620 698 138 29 cover:
817 686 314 48 Monaghan's
1161 689 178 37 annual
1370 687 169 47 digest,
1570 686 127 40 1932.

213 754 50 51 ©
294 760 120 37 Mar.
443 759 37 40 5,
509 757 140 46 1934;
680 757 64 39 2c.
776 757 120 38 Mar.
925 756 51 46 3;
1009 755 80 41 aff.
1119 757 119 38 Mar.
1268 756 51 46 6;
1351 756 43 38 A
1419 754 169 48 69737;
1623 755 155 48 Soney
1805 756 36 39 &
1872 756 122 47 Sage
2022 766 67 29 co.

210 875 254 65 Hepner,
493 875 225 54 Walter
748 875 148 63 Ray,
929 877 169 50 1891-

280 954 120 51 The
428 953 147 67 good
606 951 229 66 citizen;
869 970 30 33 a
927 950 268 53 textbook
1223 951 61 52 in
1314 950 174 55 social
1518 952 112 51 and
1659 951 321 51 vocational
2009 950 187 66 civics,

210 1029 1985 67 by Walter R. Hepner … and Frances K. Hepner … Boston,
210 1105 1645 69 New York [etc.] Houghton Mifflin company [ c 1934]
280 1192 45 36 x,
353 1181 98 47 446,
481 1180 159 40 xxxiii
666 1190 42 37 p.
768 1180 141 46 illus.,
940 1179 178 48 diagrs.
1175 1178 55 40 19½
1262 1180 44 21 cm
1312 1211 8 8 .

284 1237 248 48 “Reading
568 1238 80 39 for
686 1237 82 39 the
805 1235 162 49 pupil”
1008 1237 95 39 and
1142 1236 247 47 “Reading
1426 1235 80 40 for
1544 1236 82 40 the
1665 1234 223 41 teacher”
1930 1237 52 38 at
2019 1236 93 39 end
2150 1233 51 43 of

208 1296 117 38 each
358 1294 213 47 chapter.

215 1360 1988 51 © Feb. 8, 1934; 2c. Mar. 1; aff. Feb. 27; A 69663; W. R. Hepner and
286 1421 210 38 Frances
524 1421 58 40 K.
611 1421 208 45 Hepner,
852 1420 323 46 Sacramento,
1207 1419 141 40 Calif.
1413 1415 69 52 [©
1510 1429 106 31 new
1644 1422 180 37 matter]

292 1476 248 47 (34-5268)

213 1596 251 64 Hoover,
490 1597 138 51 Mrs.
659 1594 248 53 Mildred
939 1594 286 65 (Brooke)

283 1673 120 51 The
441 1672 274 52 Farallon
752 1672 230 67 islands,
1021 1670 350 69 California;
1414 1691 31 33 a
1484 1690 178 49 paper
1700 1673 133 51 read
1871 1672 194 52 before
2103 1674 95 51 the

213 1749 272 53 National
517 1750 209 66 society
758 1749 64 53 of
853 1748 242 53 colonial
1128 1751 188 51 dames
1349 1749 63 53 of
1442 1750 265 52 America
1739 1750 59 51 in
1834 1751 98 50 the
1961 1756 143 46 state
2137 1749 63 52 of

212 1826 1985 223 California, San Francisco, California, April 5, 1932, by Mildred Brooke Hoover … Stanford University, Calif., Stanford university press; London, H. Milford, Oxford university
212 2078 156 48 press
404 2095 12 32 [
421 2067 17 20 c
445 2064 149 63 1934]

286 2132 984 49 3 p. l., 18 p. front. (map) pl. 23 cm .
283 2191 211 40 “Second
528 2190 195 47 edition,
758 2190 156 40 1934.”

281 2246 261 42 “Sources”:
605 2258 42 37 p.
684 2246 188 50 [16]-18.

217 2313 1985 51 © Feb. 23, 1934; 2c. Mar. 10; aff. Mar. 6; A 70612; Board of trustees
285 2374 51 39 of
365 2376 79 38 the
474 2374 182 39 Leland
690 2372 234 41 Stanford
953 2374 163 46 junior
1148 2372 282 49 university,
1466 2373 234 40 Stanford
1732 2374 294 47 University,
2060 2372 142 42 Calif.

294 2431 249 47 (34-5265)

211 2546 1989 301 Indiana three in one service; a cumulative service which supplements the digests, statutes and notes to Indiana decisions. This volume contains a synopsis of acts 1933, regular session … Prepared by Daniel W. Crockett, assisted
280 2854 1896 142 by the publishers’ editorial staff. 1933 annual volume. Indianapolis, The Bobbs-Merrill company [ c 1934]
289 3008 23 37 1
341 3018 41 36 p.
432 3038 21 13 l.,
483 3007 84 39 624
595 3019 39 35 p.
692 3008 54 38 20
750 3010 43 19 cm
800 3040 6 7 .

217 3071 1902 54 © Feb. 7, 1934; 2c. Feb. 26; aff. Feb. 12; A 70368; Bobbs-Merrill co.
216 3194 218 63 James,
463 3194 205 52 Norah
699 3196 60 54 C.

288 3269 280 68 Sacrifice,
612 3272 74 66 by
729 3273 195 51 Norah
971 3273 61 54 C.
1078 3274 206 52 James.
1361 3273 137 52 New
1546 3274 177 65 York,
1771 3274 426 54 Covici-Friede

221 3381 10 32 [
238 3354 17 20 c
260 3352 150 62 1934]

286 3418 86 40 315
400 3431 41 37 p.
503 3419 55 40 19½
590 3421 44 22 cm
640 3452 7 7 .

289 3475 289 40 “Published
606 3477 49 38 in
680 3477 222 47 England
929 3477 151 39 under
1108 3477 79 39 the
1217 3476 106 40 title
1351 3477 50 38 of
1431 3477 446 48 ‘Strap-hangers’.”

218 3541 50 51 ©
296 3545 108 39 Feb.
432 3545 67 39 19.
526 3544 113 41 1834;
695 3547 65 38 2c.
789 3548 119 38 Mar.
937 3545 50 47 9;aff.
1126 3547 119 38 Mar.
1274 3547 50 45 8;
1355 3547 43 38 A
1423 3546 167 47 70559;
1621 3548 54 39 N.
1706 3548 48 40 C.
1783 3548 176 47 James,
1989 3548 210 39 London.

294 3601 248 47 (34-5177)

216 3701 180 66 Kaus,
427 3705 157 51 Frau
617 3704 166 64 Gina,
820 3708 168 49 1894-

284 3777 1913 72 Dark angel, by Gina Kaus … translated from the German by
218 3855 160 51 Eden
413 3858 111 51 and
562 3856 181 54 Cedar
778 3857 161 54 Paul.
1004 3857 135 52 New
1175 3857 176 68 York,
1387 3858 119 53 The
1540 3857 329 55 Macmillan
1906 3876 292 51 company,

218 3934 146 49 1934.
