2350 4196
1140 4011 133 49 1324

225 386 255 65 Cleeton,
514 387 143 54 Glen
687 388 179 64 Uriel,
901 394 169 49 1895-

297 464 308 52 Executive
647 464 219 67 ability,
908 467 72 52 its
1020 465 291 67 discovery
1353 464 111 52 and
1506 463 411 67 development,
1955 463 73 68 by
2069 464 147 55 Glen

232 540 1985 69 U. Cleeton … and Charles W. Mason … Yellow Springs, O,
228 619 119 52 The
374 618 250 53 Antioch
697 637 130 46 press,
858 623 149 49 1934.

298 693 95 45 xvi,
421 692 98 46 183,
552 691 82 49 [27]
665 703 41 37 p.
736 693 107 40 incl.
873 693 162 47 diagrs.,
1092 693 164 37 forms.
1318 691 54 38 24½
1405 693 43 20 cm
1455 723 7 6 .

300 748 246 41 “Selected
579 748 298 40 references":
941 760 41 36 p.
1021 748 243 49 [181]-183.

234 815 51 50 ©
316 818 128 48 Sept.
471 819 69 39 24.
568 819 114 39 1934;
738 818 64 40 2c.
837 819 124 47 Sept.
991 819 54 38 27;
1216 817 126 47 Sept.
1370 817 57 39 28;
1482 818 41 37 A
1552 816 141 40 76190;
1750 817 206 40 Antioch
1986 827 135 37 press
2150 828 65 30 co.

312 875 277 49 (34-33625)

227 993 142 66 Dell,
406 994 200 64 Floyd,
646 994 168 53 1887-

305 1069 120 53 The
447 1068 206 68 golden
674 1069 174 68 spike,
869 1069 74 67 by
967 1069 183 68 Floyd
1176 1068 143 51 Dell.
1380 1067 135 52 New
1542 1067 176 66 York,
1745 1068 210 51 Farrar
1981 1069 42 48 &
234 1067 1960 145 Rinehart,
409 1147 396 67 incorporated
841 1182 14 33 [
859 1154 18 21 c
882 1149 134 50 1934
1020 1181 13 33 ]

304 1219 64 47 ix,
397 1217 87 40 470
510 1229 42 37 p.
612 1218 52 39 21
669 1221 43 21 cm
718 1250 8 7 .

236 1289 1981 50 © Oct. 11. 1934; 2c. Oct. 16: Oct. 12; A 75780; F. Dell. Winchester.
350 1383 6 6 N.
383 1350 58 38 H.
514 1350 278 47 (34-33670)

228 1467 266 65 Edholm,
526 1467 229 54 Lizette
783 1469 79 52 M.

368 1539 1847 73 … Ship ahoy! By Lizette M. Edholm. A teaching unit
238 1620 156 52 book.
459 1620 136 54 New
628 1621 177 67 York,
834 1621 63 51 T.
928 1620 207 52 Nelson
1166 1620 110 52 and
1307 1638 143 46 sons,
1482 1622 149 48 1934.

306 1692 60 47 vi,
392 1692 145 40 13-78
559 1702 43 37 p.
625 1693 108 39 incl.
758 1693 162 46 front.,
946 1693 126 40 illus.
1125 1692 53 39 19½
1211 1695 44 21 cm
1260 1724 8 7 .
1333 1691 124 47 (Our
1480 1693 239 47 changing
1747 1692 174 45 world)

307 1749 286 40 Illustrated
623 1750 361 47 lining-papers.

309 1806 68 38 “A
399 1806 99 39 tale
523 1806 52 39 of
597 1806 177 48 sailing
799 1807 147 47 ships,
972 1807 76 39 old
1075 1807 92 39 and
1191 1817 118 36 new,
1335 1816 54 30 as
1415 1817 112 29 seen
1554 1807 58 45 by
1639 1807 181 38 Martin
1849 1807 176 40 Drake,
2053 1817 59 28 an
236 1816 1963 94 apprentice

477 1873 60 29 on
563 1864 80 38 the
672 1863 180 47 clipper
880 1864 108 46 ship
1018 1863 89 40 Sea
1137 1862 122 48 Gull,
1291 1873 59 29 on
1380 1873 26 29 a
1434 1872 183 38 voyage
1645 1865 185 38 around
1858 1873 115 37 cape
2002 1864 134 38 Horn
2168 1865 45 37 in

236 1921 81 39 the
351 1930 116 37 year
501 1919 264 48 1900.”—p.
803 1921 28 38 i.

237 1991 50 50 ©
315 1996 116 46 Aug.
460 1995 68 41 30.
556 1993 112 41 1934;
724 1993 66 40 2c.
820 1995 93 38 and
1053 1993 122 47 Sept.
1206 1991 54 40 29:
1317 1994 42 37 A
1388 1992 139 40 76211;
1586 1993 209 39 Thomas
1823 1993 179 39 Nelson
2031 1993 34 39 &
2095 2003 122 29 sons.

315 2051 276 48 (34-33676)

230 2168 215 63 Frank,
477 2169 201 53 Waido
709 2168 207 64 David,
949 2173 168 49 1889-

306 2244 120 51 The
456 2244 167 53 death
653 2245 110 52 and
791 2244 155 52 birth
973 2243 63 54 of
1066 2244 189 52 David
1282 2243 303 67 Markand,
1616 2262 71 35 an
1715 2243 303 53 American
2047 2245 172 63 story,

237 2321 72 67 by
332 2321 206 52 Waldo
563 2321 208 51 Frank.
832 2320 135 54 New
997 2321 175 56 York,
1194 2320 254 69 London,
1476 2320 60 55 C.
1565 2321 308 53 Scribner’s
1898 2338 143 48 sons,
2069 2322 146 49 1934.

308 2392 580 49 5 p. l., 3-542 p. 21 cm .
237 2450 1982 50 © Oct. 8. 1934; 2c. Oct. 16: aff. Oct. 12; A 75786; Charles Scribner's
307 2520 123 30 sons.
502 2509 277 47 (34-33666)

230 2626 283 63 Gardner,
543 2627 219 52 Robert
795 2628 269 54 Edward.

298 2704 173 52 Arms
519 2702 358 67 fabricators,
925 2704 221 53 ancient
1194 2706 110 52 and
1351 2706 230 52 modern;
1664 2724 30 32 a
1743 2704 368 67 compilation
2156 2703 64 52 of

231 2781 94 51 the
369 2799 190 34 names
605 2781 112 51 and
764 2782 156 52 dates
966 2781 63 52 of
1073 2781 334 69 gunsmiths,
1452 2782 387 66 bladesmiths,
1887 2797 333 49 armourers,

229 2858 253 66 bowyers
512 2858 111 52 and
653 2858 330 52 cannoniers
1013 2859 210 53 offered
1253 2860 136 51 with
1420 2860 135 53 such
1585 2861 287 66 pertinent
1903 2859 133 53 data
2067 2877 151 49 upon

229 2936 149 51 their
407 2936 138 52 lives
577 2936 111 51 and
720 2935 279 53 activities
1030 2956 58 33 as
1117 2935 46 55 is
1195 2937 380 54 discoverable
1604 2938 258 67 together
1893 2936 137 52 with
2062 2937 158 52 three

232 3013 258 52 hundred
532 3012 339 68 sixty-eight
907 3013 291 55 identified
1241 3014 268 66 poinçons
1559 3016 107 66 [by]
1712 3015 214 52 Robert
1967 3014 247 52 Edward

232 3089 276 54 Gardner.
585 3088 323 69 Columbus,
939 3089 85 61 G.,
1052 3092 118 51 The
1198 3092 64 52 F.
1293 3093 53 52 J.
1376 3093 154 51 Heer
1559 3093 261 67 printing
1847 3110 97 48 co.,
1975 3095 148 48 1934.

302 3163 86 39 114
413 3173 58 37 p.,
500 3162 24 39 1
588 3196 7 15 l.,
624 3162 202 40 115-337
852 3173 43 37 p.
923 3163 109 41 incl.
1060 3163 139 48 illus.,
1228 3166 170 46 plates,
1457 3166 149 39 front.
1665 3165 55 40 23½
1753 3169 44 21 cm
1804 3196 7 7 .

302 3219 374 48 Bibliography:
716 3229 42 37 p.
798 3219 215 40 332-337.

238 3273 1978 51 © Sept. 15. 1934; 2c. Sept. 19: aff. Oct. 1; A 75570: B. E. Gardner.
305 3333 271 45 Columbus,
613 3332 50 40 O.
735 3332 276 47 (34-33466)

231 3448 561 64 Gilbert-Tassigny,
828 3449 306 56 Gabrielle.

361 3525 1855 72 … La Bédouine, par Gabrielle Gilbert-Tassigny … Roman
233 3605 1744 68 pour adultes … [Les Andelys (Eure) A. Briard, 1933]
305 3675 1185 51 cover-title, 66 p., 1 l. illus. (music) 25½ cm .
305 3733 63 40 At
392 3733 122 39 head
541 3733 50 40 of
617 3734 134 38 title:
781 3732 151 42 Judée
969 3733 199 45 (mœurs
1196 3736 56 39 de
1278 3736 137 46 1900)

305 3788 201 47 “Tirage
535 3789 154 40 limité
717 3790 28 39 à
773 3789 113 40 1800
915 3791 359 46 exemplaires.”

235 3843 1966 106 © Dec. 28. 1933; 1c. May 14. 1934; A- Foreign 24686: G. Gilbert-Tassigny.
486 3905 201 45 Morgny
729 3904 175 48 (Eure)
944 3903 198 40 France.
1212 3907 278 46 (34-34734)
