2350 4196
1131 4003 98 49 268

171 383 182 66 Palm,
384 383 283 53 Franklin
699 382 261 63 Charles,
993 383 171 50 1890-

240 455 1916 73 Europe since Napoleon, by Franklin Charles Palm … with
172 533 1986 65 the assistance of Frederick E. Graham … Boston, New York
194 620 119 63 [etc.]
346 616 155 54 Ginn
529 615 112 52 and
669 632 278 49 company
981 647 12 33 [
998 620 17 20 c
1021 616 150 63 1934]

246 682 1587 55 ix, 890 p. front., illus., maps (part double) diagr. 21 ½cm .
241 746 287 39 Illustrated
562 743 350 48 lining-papers;
975 741 291 49 descriptive
1298 743 284 46 letterpress
1615 751 60 30 on
1708 750 139 30 verso
1883 739 50 39 of
167 737 1981 113 frontispiece.

245 859 130 40 “The
407 857 98 41 rise
538 857 52 41 of
624 857 82 40 the
739 856 180 40 middle
953 856 193 47 classes,
1182 856 82 39 the
1296 854 315 49 bourgeoisie,
1649 856 48 38 to
1733 853 283 41 dominance
2052 864 111 29 over

174 918 207 37 western
409 915 191 47 Europe
626 914 91 39 has
744 913 118 39 been
888 913 141 39 made
1057 913 82 39 the
1168 913 158 39 theme
1353 912 51 41 of
1432 912 99 41 this
1559 910 358 41 book.”—Pref.

245 971 117 39 “Mr.
397 969 215 43 Graham
642 969 44 40 is
718 969 298 49 responsible
1046 970 79 40 for
1157 980 28 30 a
1218 968 159 48 major
1409 971 112 47 part
1553 969 52 40 of
1638 969 81 40 the
1752 967 227 41 material
2012 968 152 39 found

171 1028 49 38 in
249 1028 226 47 chapters
636 1049 142 25 XXII-XXV,
931 1026 420 40 XXXI-XXXIX.”—Pref.

243 1084 246 40 “Selected
518 1083 177 41 books”:
755 1094 42 37 p.
828 1082 216 42 825-852.

178 1150 1985 51 © Jan. 5, 1934; 2c. and aff. Mar. 5; A 70500; F. C. Palm, Berkeley,
246 1210 158 47 Calif.,
433 1212 95 38 and
556 1210 262 39 Frederick
844 1211 56 38 D.
931 1210 225 47 Graham,
1189 1211 95 40 San
1313 1211 126 47 Jose,
1469 1210 144 41 Calif.

254 1266 249 49 (34-5190)

175 1370 241 65 Parker,
444 1370 233 57 Lockie.

243 1448 114 53 Art
393 1448 112 52 and
541 1448 219 67 people,
796 1448 74 67 by
907 1449 208 53 Lockie
1149 1449 233 52 Parker.
1458 1450 137 51 New
1635 1450 178 64 York,
1851 1449 119 51 The
2008 1449 152 53 John

173 1526 130 66 Day
331 1542 279 50 company
644 1560 10 32 [
661 1532 17 20 c
684 1530 150 61 1934]

249 1596 681 49 5 p. l., 126 p., 1 l. 19½cm.
247 1653 375 49 Bibliography:
655 1665 43 37 p.
729 1654 217 42 119-126.

180 1720 51 51 ©
269 1724 110 40 Feb.
415 1725 69 46 23,
522 1724 113 40 1934;
701 1725 65 39 2c.
805 1725 110 39 Feb.
953 1725 81 46 23;
1076 1724 79 40 aff.
1194 1725 109 39 Feb.
1341 1725 82 46 27;
1463 1725 43 38 A
1540 1724 170 47 70394;
1751 1725 49 40 L.
1839 1724 196 47 Parker,
2076 1724 91 38 Kiz

245 1781 168 47 Lisesi,
444 1782 134 38 Turk
608 1782 184 38 Maarif
822 1781 247 47 Cemiyeti,
1102 1782 171 46 Bursa,
1304 1781 208 47 Turkey.
1587 1780 249 49 (34-5416)

182 1882 310 65 Parkman,
524 1886 174 63 Mary
729 1885 267 64 Rosetta,
1032 1886 169 51 1875-

311 1959 1797 71 … Language ways, grade five[-six] by Mary R. Parkman …
179 2037 321 55 illustrated
532 2038 73 68 by
697 2057 94 34 Vera
827 2038 172 54 Stone
1034 2038 265 52 Norman.
1372 2036 413 70 Indianapolis,
1820 2037 135 52 New
1993 2037 175 67 York,

178 2116 1118 68 The Bobbs-Merrill company [ c 1934]
245 2187 26 39 2
296 2199 42 29 v.
390 2189 85 38 col.
499 2188 163 47 front.,
688 2189 85 39 col.
797 2189 128 42 illus.
976 2188 55 40 19
1034 2191 43 20 cm
1084 2222 7 7 .
1155 2188 537 48 (Shepherd-Parkman
1722 2191 236 46 language
1985 2189 173 49 series)

247 2245 226 41 Lettered
503 2256 60 28 on
594 2255 140 30 cover:
792 2246 259 47 Language
1081 2247 94 38 and
1204 2256 257 37 grammar.

250 2301 159 41 Grade
436 2302 75 39 six
539 2302 61 47 by
628 2303 138 46 Mary
794 2302 55 42 R.
876 2303 246 39 Parkman
1148 2304 93 39 and
1270 2303 147 40 Edith
1446 2304 51 40 E.
1532 2304 260 46 Shepherd.

249 2360 226 39 Includes
503 2358 390 49 bibliographies.

182 2430 51 51 ©
258 2434 109 38 Feb.
392 2433 68 47 28,
484 2433 114 40 1934;
650 2434 65 39 2c.
742 2434 117 39 each
883 2433 94 39 and
1002 2432 105 40 affs.
1134 2434 121 38 Mar.
1281 2433 24 39 5;
1359 2434 40 37 A
1424 2433 155 47 70462,
1606 2433 141 40 70463;
1804 2432 367 42 Bobbs-Merrill

249 2501 65 28 co.
389 2486 77 52 (©
500 2499 105 30 new
639 2490 240 49 material]
953 2489 248 48 (34-5203)

181 2591 307 67 Pearman,
519 2592 255 55 William
805 2592 180 66 Irvin,
1017 2596 170 49 1903-

253 2670 259 69 Support
557 2670 64 53 of
667 2674 145 50 state
862 2670 356 53 educational
1267 2689 297 50 programs
1615 2671 72 66 by
1739 2670 321 52 dedication
2110 2669 61 52 of

182 2748 225 68 specific
451 2766 266 35 revenues
766 2749 112 52 and
922 2749 74 67 by
1040 2751 228 66 general
1312 2767 239 34 revenue
1597 2748 465 68 appropriations;
2143 2765 27 34 a

180 2826 172 68 study
386 2826 63 53 of
482 2826 214 52 certain
731 2826 214 53 factors
977 2826 185 53 which
1195 2828 174 51 relate
1403 2833 58 46 to
1494 2828 95 51 the
1624 2827 273 67 adoption
1933 2827 110 52 and
2078 2845 93 33 use

182 2904 64 53 of
288 2905 154 52 these
486 2907 230 65 general
761 2904 231 68 policies
1035 2905 76 68 by
1154 2911 143 46 state
1339 2910 414 63 governments,
1795 2905 73 68 by
1913 2906 255 52 William

186 2982 1984 70 Irvin Pearman … New York city, Teachers college, Columbia
183 3060 330 68 university,
549 3062 152 50 1933.

256 3145 31 28 x
309 3143 58 38 p.,
391 3134 25 38 1
439 3133 44 46 1.,
509 3132 85 39 141
617 3143 42 38 p.
721 3132 55 39 23½
809 3135 43 20 cm
857 3165 8 8 .
937 3134 263 46 (Teachers
1224 3133 190 50 college,
1443 3133 248 42 Columbia
1719 3133 283 49 university.
186 3135 1970 96 Contributions
475 3193 49 38 to
552 3190 270 48 education,
850 3203 72 29 no.
953 3190 108 49 591)

257 3247 169 41 Issued
453 3248 105 40 also
582 3259 56 29 as
662 3248 154 40 thesis
853 3248 106 47 (PH.
1019 3250 32 46 D.)
1091 3246 248 42 Columbia
1367 3249 284 47 university.

255 3305 347 50 Bibliography:
660 3316 42 38 p.
736 3303 214 42 139-141.

187 3361 51 51 ©
264 3366 110 38 Dec.
400 3365 38 45 7,
464 3362 113 41 1933;
632 3363 64 39 2c.
725 3363 109 39 Feb.
860 3364 39 44 1,
926 3362 114 39 1934;
1096 3362 79 40 aff.
1202 3362 110 39 Feb.
1340 3363 56 39 16;
1449 3364 41 37 A
1516 3363 140 40 69451;
1714 3365 240 40 Teachers
1978 3365 191 48 college,

256 3420 248 41 Columbia
538 3420 128 39 univ.
741 3419 249 46 (34-5326)

186 3521 213 66 Pelley,
428 3520 253 56 William
710 3521 246 64 Dudley,
989 3525 169 49 1885-

255 3599 1853 68 No more hunger; an exposition of Christian democracy …
184 3676 1987 70 v. 1. by William Dudley Pelley … Asheville, N. C., The
183 3755 364 51 Foundation
577 3755 94 51 for
702 3754 291 55 Christian
1024 3755 306 52 economics
1367 3788 10 32 [
1384 3761 17 20 c
1407 3757 150 63 1933]

345 3827 424 48 180 p. illus. 19 cm .
191 3881 51 51 ©
267 3886 110 38 Dec.
403 3884 67 47 28,
497 3884 112 40 1933;
664 3885 65 38 2c.
757 3885 94 38 and
877 3883 80 40 aff.
985 3884 107 38 Jan.
1119 3883 66 41 13,
1213 3883 138 46 1934;
1381 3884 40 37 A
1447 3883 167 47 68856;
1644 3884 70 39 W.
1741 3884 55 38 D.
1825 3884 176 47 Pelley,
2026 3882 131 42 Ashe
259 3942 125 38 ville.
460 3973 7 7 N.
496 3940 46 40 C.
616 3940 247 43 (34-5308)
