2350 4296
1084 4005 97 49 145

151 350 281 64 Addams,
465 350 225 63 George
722 351 271 55 Stanton.

224 429 134 48 1934
383 428 341 52 cumulative
753 427 361 67 supplement
1142 433 58 46 to
1227 428 259 52 Addams
1518 428 112 51 and
1657 427 308 53 Hosford’s
1995 427 150 55 Ohio

152 505 234 65 probate
430 505 248 67 practice
722 505 112 52 and
877 506 327 66 procedure,
1248 505 298 68 including
1590 505 257 53 uniform
1889 507 150 51 rules
2082 507 63 53 of

153 584 263 64 practice,
450 583 149 52 table
633 582 63 52 of
729 584 241 66 parallel
1003 584 257 57 sections,
1295 585 108 51 and
1441 603 71 33 an
1545 584 240 67 entirely
1818 603 121 33 new
1974 585 170 52 index

151 660 61 51 of
251 661 94 51 the
385 660 247 68 original
672 661 157 52 work
869 662 112 51 and
1021 662 94 52 the
1157 664 417 65 supplemental
1614 668 223 46 matter.
149 663 1970 142 Cincinnati,
312 740 118 51 The
455 737 89 54 W.
571 741 74 52 H.
674 739 302 53 Anderson
1002 757 278 50 company
1313 774 11 33 [
1331 747 16 20 c
1354 744 135 48 1934
1493 773 11 33 ]

213 813 86 38 232
330 824 40 36 p.
430 813 55 39 25
489 816 43 19 cm
539 845 6 7 .

213 870 294 40 Cover-title.

152 936 50 51 ©
232 941 108 39 Jan.
368 941 68 40 23.
464 940 140 47 1934;
633 941 67 39 2c.
729 940 107 39 Jan.
865 941 82 47 24;
978 953 25 27 aff
1010 941 49 40 .
1090 941 105 39 Jan.
1226 940 81 47 25;
1338 941 40 38 A
1408 940 141 40 70006;
1608 942 69 39 W.
1710 942 57 38 H.
1799 942 251 39 Anderson
2108 953 38 28 co.

148 1058 341 65 Aldington,
519 1060 276 54 Richard.

215 1138 55 52 A
297 1154 200 50 grave;
536 1156 199 48 [poem.]

221 1211 80 47 (In
332 1206 210 51 Queen’s
574 1207 273 51 quarterly,
878 1207 190 51 spring,
1103 1207 141 49 1934)

149 1263 1995 52 © 1c. Mar. 24. 1934; A ad int. 18770; pubd. Feb. 15; Doubleday, Doran
217 1326 32 38 &
282 1336 80 35 co.,
394 1326 103 45 inc.,
532 1325 193 39 Garden
757 1325 123 47 City,
912 1324 55 41 N.
1001 1325 50 38 Y.

150 1426 1990 67 American art annual … Volume xxx. For the year 1933.
215 1506 400 67 Washington,
644 1508 71 51 D.
749 1507 79 57 C.,
859 1507 119 52 The
1009 1506 306 52 American
1347 1505 323 53 federation
1701 1506 61 51 of
1795 1511 116 47 arts
1944 1539 11 33 [
1962 1512 16 20 c
1985 1509 150 63 1934]

216 1580 84 39 848
331 1591 41 36 p.
432 1581 53 38 23
490 1581 43 21 cm
540 1612 7 7 .

146 1632 1994 52 © Mar. 2, 1934; 2c. and aff. Mar. 12; A 70592: Amer. federation of arts.
145 1756 314 54 American
486 1757 111 52 law
626 1756 297 54 institute.

214 1835 390 52 Restatement
641 1834 61 53 of
743 1835 95 51 the
878 1834 109 52 law
1026 1833 62 53 of
1129 1839 299 60 contracts,
1468 1852 58 34 as
1568 1833 247 68 adopted
1859 1834 111 51 and
143 1852 1971 128 promulgated

478 1913 73 64 by
594 1914 93 51 the
729 1912 305 52 American
1078 1914 108 50 law
1229 1911 276 53 institute.
1583 1911 354 68 Containing
146 1912 1968 131 Indiana
296 1990 379 62 annotations,

716 1990 1425 68 prepared by Hugh E. Willis … under the
145 2068 1934 68 auspices of the Indiana state bar association. Volume I, II …
146 2147 81 54 St.
255 2149 163 58 Paul,
443 2148 305 51 American
775 2149 109 50 law
911 2147 257 53 institute
1194 2147 341 67 publishers,
1565 2151 148 48 1933.

210 2222 25 38 2
265 2231 41 31 v.
365 2221 55 39 22½
454 2223 43 21 cm
503 2254 7 7 .

212 2279 71 40 On
313 2287 139 31 cover:
511 2278 178 39 Pocket
719 2279 317 46 supplement.

146 2332 1994 51 © Dec. 6, 1933; 2c. each and ail. Jan. 19, 1934; A 69078; Amer. law
209 2394 238 39 institute.

147 2497 282 64 Barnard,
457 2497 227 52 Allison
715 2497 63 54 F.

207 2573 171 53 Plain
411 2573 169 67 paths
609 2578 58 46 to
699 2573 96 52 the
826 2573 137 51 land
995 2571 63 53 of
1089 2571 273 68 promise;
1397 2590 81 48 or,
1513 2570 430 55 Sanctification
1975 2573 165 51 made

138 2654 164 50 clear.
377 2651 56 51 A
465 2650 169 53 series
667 2650 62 53 of
761 2650 203 67 simple
998 2651 112 51 and
1144 2650 215 52 concise
1392 2654 330 49 statements
1755 2651 65 52 of
1849 2651 163 51 truth
2046 2649 93 54 for

137 2727 1978 143 those seeking true holiness, by Allison F. Barnard … Anderson, Ind., Gospel trumpet company [ c 1933]
208 2891 41 37 v,
279 2881 142 40 7-128
451 2892 41 36 p.
554 2881 54 39 17½
642 2882 44 21 cm
691 2912 8 8 .

143 2935 49 50 ©
220 2940 109 38 Jan.
416 2971 7 9 18.
451 2939 139 39 1934;
619 2939 65 37 2c.
712 2939 95 37 and
834 2948 81 28 aff.
944 2938 108 37 Jan.
1080 2937 54 38 22;
1191 2937 40 38 A
1258 2937 169 45 69148;
1459 2937 174 47 Gospel
1662 2939 214 44 trumpet
1903 2947 65 28 co.

218 2995 250 48 (34-2624)

143 3097 276 65 Seeding,
450 3097 263 65 Francis,
741 3098 195 65 pseud.

209 3177 121 51 The
375 3194 103 34 one
524 3192 133 38 sane
701 3194 151 47 man,
897 3175 75 66 by
1020 3174 238 55 Francis
1305 3173 273 68 Beeding.
1656 3176 232 63 Boston,
1939 3173 194 61 Little,

140 3254 228 65 Brown,
400 3255 111 51 and
542 3272 296 48 company
871 3257 147 49 1934.

205 3327 60 46 vi,
296 3328 85 39 314
411 3338 40 36 p.
513 3327 54 39 19½
601 3327 44 22 cm
650 3359 7 6 .

145 3379 1974 109 © Feb. 16, 1934; 2c. and aff. Feb. 17; A 70273; Little, Brown, and company. (34-2592)
142 3543 207 64 Belloc,
380 3543 243 58 Hilaire,
657 3542 169 54 1870-

206 3621 259 54 William
488 3623 97 51 the
609 3623 344 65 Conqueror,
977 3621 75 67 by
1076 3620 227 53 Hilaire
1327 3621 209 52 Belloc.
1613 3622 137 51 New
1777 3621 178 55 York,
141 3622 1964 139 London,
294 3701 70 51 D.
392 3699 538 67 Appleton-Century
997 3716 278 49 company
1302 3697 416 67 incorporated,
1750 3701 148 49 1934.

212 3770 1557 50 3 p. l., 144, [1] p. front. 19½c m . [Appleton biographies]
213 3826 161 42 “First
403 3827 259 50 printing.”

145 3881 49 51 ©
227 3886 109 40 Feb.
367 3886 38 40 6.
437 3885 139 45 1934;
611 3885 66 39 2c.
709 3886 96 38 and
837 3884 79 40 aff.
950 3884 109 40 Feb.
1094 3884 50 46 8;
1179 3884 40 38 A
1252 3883 167 46 70162;
1456 3885 56 38 D.
1546 3884 442 47 Appleton-Century
2053 3894 81 37 co.,

211 3942 87 40 inc.
371 3942 249 48 (34-2880)
