2350 4296
1101 3983 100 54 937

164 355 203 65 Beebe,
400 355 204 54 Victor
634 354 333 66 Llewellyn,
1002 354 169 56 1872-

233 433 245 54 History
503 433 64 53 of
593 436 200 51 Potter
817 440 225 62 county,
1067 432 441 68 Pennsylvania,
1532 432 76 67 by
1632 431 202 55 Victor
1860 433 63 51 L.
1955 430 195 54 Beebe.

165 510 403 70 Coudersport,
593 514 119 64 Pa.,
740 515 200 51 Potter
967 518 207 61 county
1201 511 295 52 historical
1523 508 227 68 society,
1780 512 148 50 1934.

236 589 87 40 280
349 601 42 37 p.
452 590 162 48 front.,
643 592 170 48 plates,
844 594 147 45 ports.
1052 590 54 38 24
1111 591 42 21 cm
1160 621 7 8 .

169 658 1974 110 © July 2, 1934; 2c. July 6; aff. July 13; A 73446; V. L. Beebe, Coudersport, Pa. (34-21280)
158 839 174 64 Berg,
366 840 271 55 Edward«

236 914 313 54 Essentials
571 914 62 53 of
653 914 462 68 metalworking;
1141 933 27 33 a
1191 913 269 54 textbook
1484 912 95 53 for
1600 913 215 53 schools
1839 913 112 52 and
1975 913 185 69 shops,

166 991 1992 68 by Edward Berg and Bristol E. Wing … illustrations by Hay J.
169 1068 1728 70 Matasek … Peoria, Ill., The Manual arts press [ c 1934 ]
236 1141 86 39 160
349 1152 43 37 p.
450 1140 127 42 illus.
639 1141 55 40 20½
727 1144 44 21 cm
776 1173 8 8 .

167 1211 50 52 ©
244 1216 115 47 July
384 1216 68 47 13,
479 1216 138 47 1934;
646 1217 68 39 2c.
742 1217 115 47 July
883 1216 81 47 20;
994 1215 80 40 aff.
1102 1216 115 47 July
1242 1216 81 45 19;
1351 1215 41 39 A
1417 1215 170 47 74283;
1619 1216 52 38 E.
1700 1216 128 47 Berg
1853 1217 94 39 and
1976 1215 183 41 Bristol

235 1274 50 37 E.
317 1273 154 48 Wing,
504 1273 303 40 Milwaukee.
871 1273 281 50 [Copyright
1177 1273 42 39 is
1250 1272 204 40 claimed
1485 1283 59 30 on
1573 1282 111 30 new
1711 1275 195 47 matter]

244 1330 279 48 (34-21315)

158 1446 190 66 Betts,
381 1449 226 64 Evelyn
639 1448 206 66 Wylie,
880 1451 171 51 1889-

294 1525 1854 69 … Time-limit vs. work-limit in learning [by] Evelyn W.
164 1604 177 53 Betts.
418 1604 333 69 Baltimore,
797 1606 140 67 Md.,
983 1606 122 52 The
1148 1605 288 55 Williams
1482 1609 46 49 &
1572 1604 251 56 Wilkins
1872 1624 279 49 company

168 1716 12 34 [
186 1688 17 21 c
208 1685 134 50 1934
345 1717 13 34 ]

162 1757 1981 106 cover-title, 58 p. illus., diagrs. 23 cm . (Mental measurement monographs … serial no. 10)
233 1872 171 39 Issued
431 1872 102 39 also
561 1882 54 29 as
641 1871 154 41 thesis
832 1871 15 49 (PD.
1017 1872 14 48 D.)
1066 1871 154 40 Johns
1247 1870 223 48 Hopkins
1498 1870 287 49 university.

233 1928 378 41 “References”:
641 1939 41 38 p.
713 1928 156 41 51-53.

165 1995 51 51 ©
244 2000 126 39 June
395 1999 68 47 20,
491 1999 114 41 1934;
660 2000 67 39 2c.
755 2000 94 39 and
879 1998 79 41 aff.
988 1999 126 40 June
1140 1998 80 46 28;
1250 1999 41 38 A
1318 1998 170 47 73255;
1520 1999 241 39 Williams
1790 1999 36 40 &
1853 1999 209 40 Wilkins
2092 2008 67 30 co.

243 2056 280 50 (34-20939)

160 2175 185 65 Brice,
376 2175 270 57 Mitford.

237 2252 119 51 The
389 2253 112 53 tale
534 2252 62 52 of
628 2271 143 50 your
804 2252 139 68 dog;
978 2255 88 51 his
1102 2253 185 67 origin
1321 2252 106 52 and
1465 2252 89 52 his
1587 2252 184 67 needs,
1804 2252 73 68 by
1911 2250 250 54 Mitford

168 2329 195 68 Brice;
412 2330 141 53 with
600 2350 29 32 a
678 2330 366 69 frontispiece
1090 2331 74 68 by
1210 2330 232 69 Pugald
1489 2329 334 69 McGregor.
1906 2330 256 69 London,

167 2408 86 53 W.
285 2409 379 68 Heinemann,
692 2408 223 55 limited
951 2412 171 65 [1934]

240 2480 114 50 [150]
387 2491 43 38 p.
488 2480 163 49 front.,
683 2482 171 47 plates.
914 2481 55 41 20½c
1018 2484 27 20 m
1052 2515 7 7 .

166 2551 1728 54 © 1c. June 5, 1934; A ad int. 19024; pubd. Apr. 8; M. Brice,
1927 2557 232 48 Welwyn,

234 2612 194 41 Garden
459 2613 123 48 City,
616 2614 162 46 Herts,
813 2614 236 47 England.
1121 2613 278 49 (34-21309)

160 2730 278 54 Brittain,
469 2731 158 53 Vera
653 2732 192 63 Mary.

230 2805 1932 72 Poems of the war and after, by Vera Brittain … London,
166 2884 63 54 V.
260 2883 292 69 Gollancz,
581 2885 123 68 ltd.,
738 2888 150 50 1934.

231 2956 56 39 94
315 2967 44 37 p.
420 2957 55 40 19
479 2960 45 20 cm
527 2988 9 9 .

238 3013 224 40 Includes
488 3023 162 37 poems
677 3014 125 39 from
833 3015 81 41 the
943 3014 216 40 author's
1188 3015 201 40 “Verses
1418 3015 51 40 of
1493 3026 27 29 a
1549 3016 52 40 V.
1634 3017 52 38 A.
1715 3015 86 40 D.”
1831 3015 253 48 published
2113 3015 49 39 in

164 3066 125 42 1918.
352 3070 58 46 cf.
441 3070 274 41 Foreword.

165 3137 1978 110 © 1c. June 19, 1934; A ad int. 19119; pubd. Apr. 30; Vera Brittain Catlin, London. (34-21492)
160 3316 341 66 Carpenter,
533 3318 277 54 Clarence
840 3318 147 64 Ray,
1020 3321 169 49 1905-

295 3394 1867 68 … A field study of the behavior and social relations of
161 3471 2002 74 howling monkeys, by C. R. Carpenter … Baltimore, Md., The
160 3549 182 54 Johns
382 3550 264 68 Hopkins
679 3568 175 50 press,
886 3554 153 50 1934.

231 3623 1933 55 cover-title, 168 p. inch plates, maps, diagr. pl. 25½ cm . (Comparative
162 3679 290 49 psychology
478 3681 339 47 monographs,
871 3692 42 28 v.
941 3681 69 48 10,
1038 3681 147 41 serial
1210 3693 75 30 no.
1312 3683 70 47 48,
1413 3685 127 47 May,
1567 3684 140 50 1934)

234 3735 305 49 Descriptive
567 3738 285 46 letterpress
883 3748 59 29 on
972 3748 166 31 versos
1164 3739 169 49 facing
1360 3747 125 32 most
1519 3741 50 39 of
1600 3742 84 40 the
1712 3742 174 48 plates.

231 3793 376 48 Bibliography:
639 3805 42 36 p.
713 3793 215 41 129-132.

165 3859 50 52 ©
247 3864 126 41 June
402 3865 69 46 13,
503 3864 140 46 1934;
676 3865 67 40 2c.
776 3866 95 38 and
904 3864 80 40 aff.
1017 3865 126 40 June
1175 3866 80 47 21;
1291 3867 40 38 A
1363 3868 171 47 73163;
1569 3869 154 42 Johns
1757 3870 225 47 Hopkins
2014 3880 148 38 press.

242 3920 278 49 (34-21329)
