2350 4196
1107 4003 100 49 265

187 352 281 64 Landers,
498 351 255 55 William
785 353 66 54 E.

254 428 348 68 Whiterock,
642 448 31 33 a
710 435 157 61 story
905 430 63 51 of
1004 431 94 52 the
1137 431 235 68 Ozarks,
1410 433 74 67 by
1520 435 259 54 William
1819 437 66 52 E.
1923 438 255 52 Landers

241 506 1814 73 … Kansas City, Mo., Burton publishing company [ c 1932]
256 578 620 49 3 p. l. , 9-274 p. 19½cm.
186 632 50 51 ©
265 637 108 38 Jan.
402 637 67 45 18,
497 636 139 46 1933;
667 637 64 38 2c.
761 638 95 37 and
883 637 81 39 aff.
994 638 121 38 Mar.
1144 637 67 48 19,
1240 639 114 39 1934;
1411 640 40 39 A
1479 641 169 47 70701;
1680 643 189 39 Burton
1896 643 108 48 pub.
2034 655 66 29 co.

263 692 249 49 (34-5598)

184 769 322 65 Langevin,
535 771 74 54 H.

312 848 1863 72 … Le sens et la portée du système Culbertson; lettre-préface
180 924 171 67 d’Ely
384 925 353 54 Culbertson.
815 927 184 64 Paris,
1030 927 146 51 Plon
1215 931 170 63 [1933]

249 998 843 48 3 p. l. , iii-vii, 106 p., 1 l. 20 cm .
184 1050 50 51 ©
268 1055 100 39 Oct.
399 1055 68 46 22,
500 1055 139 41 1933;
674 1056 64 39 1c.
772 1057 110 39 Dec.
914 1056 82 45 20;
1030 1056 310 49 A-Foreign
1371 1058 170 48 23095;
1576 1059 244 40 Librairie
1848 1060 134 40 Plon.

261 1112 251 47 (34-5188)

181 1188 333 64 Lawrence,
542 1191 137 51 Mrs.
708 1189 133 53 Una
869 1189 273 55 Roberts.

249 1264 121 52 The
403 1264 135 68 keys
574 1264 64 53 of
673 1264 95 53 the
799 1265 295 69 kingdom,
1129 1265 75 69 by
1238 1266 133 53 Una
1407 1266 242 54 Roberts
1683 1267 319 57 Lawrence.
181 1268 1977 141 Atlanta,
382 1341 122 68 Ga.,
531 1343 121 52 The
677 1343 187 52 Home
889 1344 234 52 mission
1149 1344 196 68 board,
1371 1343 287 55 Southern
1683 1346 236 68 Baptist
179 1363 1977 109 convention
332 1453 12 34 [
349 1427 18 20 c
373 1423 151 64 1934]

245 1492 85 41 128
357 1504 41 37 p.
461 1492 144 43 19½cm.

182 1548 50 51 ©
265 1553 107 38 Feb.
404 1553 39 44 3,
474 1552 140 45 1934;
647 1553 69 39 2c.
746 1553 118 38 Mar.
898 1553 51 40 2;
985 1553 79 39 aff.
1099 1554 120 38 Mar.
1251 1554 51 45 1;
1337 1552 40 39 A
1408 1553 143 40 69687;
1612 1555 154 39 Home
1797 1554 199 41 mission
2028 1557 150 38 board

248 1609 51 39 of
329 1611 79 37 the
441 1610 241 38 Southern
714 1609 195 47 Baptist
941 1609 299 40 convention.
1313 1610 250 47 (34-5492)

178 1684 284 65 Leonard,
497 1686 208 63 Maria,
743 1688 169 49 1880-

247 1763 282 69 Building
586 1764 111 51 and
757 1764 306 68 balancing
1120 1764 239 68 budgets
1417 1764 94 52 for
1567 1782 127 33 men
1751 1765 111 51 and
1919 1766 260 51 women’s

177 1841 354 53 fraternities
603 1841 334 68 (adaptable
996 1847 58 47 to
1115 1842 160 52 other
1337 1843 452 68 organizations)
1858 1844 73 67 by
1990 1844 189 52 Maria

174 1919 2002 68 Leonard … [and] Marie Freeman Palmer … illustrative forms.
177 1999 317 67 Attleboro,
522 1998 190 69 Mass.,
739 1999 64 52 L.
835 1998 67 54 G.
932 1999 249 53 Balfour
1210 2018 297 50 company,
1539 2003 150 49 1934.

248 2071 55 40 82
331 2083 42 37 p.
403 2073 108 39 incl.
541 2071 142 49 illus.,
713 2072 168 41 forms.
912 2073 47 47 (1
988 2073 143 47 fold.)
1195 2072 55 40 23½
1285 2075 43 21 cm
1333 2106 8 8 .

178 2127 50 51 ©
262 2132 108 39 Feb.
404 2131 68 46 26,
505 2131 139 41 1934;
680 2131 64 39 2c.
779 2132 95 38 and
907 2131 80 39 aff.
1022 2132 121 39 Mar.
1175 2131 52 46 3;
1263 2132 41 37 A
1336 2131 169 48 69699;
1542 2134 62 37 M.
1638 2133 220 39 Leonard
1892 2135 94 38 and
2021 2135 154 40 Marie

250 2188 236 39 Freeman
515 2189 206 43 Palmer,
753 2188 211 47 Urbana,
997 2189 74 38 Ill.
1144 2187 250 50 (34-5328)

175 2261 1344 70 Lincoln, Abraham, pres. U. S., 1809-1865.
243 2342 305 53 Facsimile
575 2342 358 67 manuscript
964 2342 63 52 of
1059 2364 31 33 a
1122 2342 200 67 speech
1354 2361 71 33 on
1455 2343 401 68 sectionalism,
1888 2345 75 66 by
172 2344 1981 129 Abraham
333 2420 256 53 Lincoln.
672 2419 290 69 [Chicago]
997 2421 76 51 H.
1104 2421 71 51 D.
1209 2420 235 68 Sickles,
1475 2428 17 21 c
1498 2424 148 49 1934.

239 2498 27 36 4
315 2525 24 18 l.,
367 2494 189 40 facsim.
587 2494 51 47 (8
685 2496 35 45 l.)
758 2494 25 40 8
835 2528 8 6 l.
904 2497 162 46 ports.,
1097 2492 216 41 facsims.
1373 2493 178 41 33×22½
1584 2496 43 22 cm
1634 2527 8 8 .

240 2552 260 39 Photostat
526 2550 255 50 (positive)

241 2608 217 40 Portrait
487 2609 229 39 mounted
746 2619 61 29 on
836 2618 151 30 cover.

239 2664 100 40 The
362 2664 391 48 mimeographed
778 2667 105 37 text
908 2664 378 48 accompanying
1310 2665 81 39 the
1416 2662 242 42 facsimile
1682 2673 117 30 runs
1824 2665 205 46 parallel
2055 2665 117 39 with

171 2721 120 39 back
326 2721 50 40 of
409 2731 140 30 cover
585 2722 95 38 and
716 2720 218 41 includes
969 2732 26 29 a
1032 2719 183 42 section
1247 2721 129 40 from
1413 2720 298 40 “Historical
1747 2720 257 40 American
169 2725 1987 101 autographs”
409 2777 256 49 published
692 2778 62 47 by
786 2778 79 40 the
896 2777 260 41 American
1186 2780 77 38 art
1295 2777 310 48 association,
1636 2777 104 48 inc.,
1774 2778 115 38 New
1921 2778 142 46 York,
170 2788 1983 93 entitled,
369 2834 304 48 “Important
716 2834 304 48 manuscript
1063 2835 50 38 of
1157 2844 27 29 a
1230 2834 170 47 speech
1446 2833 198 40 written
1687 2835 95 38 and
1827 2834 241 40 delivered
2114 2834 57 46 by

170 2891 245 39 Abraham
443 2891 243 47 Lincoln”,
720 2892 94 39 and
847 2893 137 37 notes
1013 2891 60 47 by
1105 2891 69 40 W.
1209 2892 72 39 W.
1311 2890 208 40 Latham
1552 2889 289 48 concerning
1870 2890 81 40 the
1983 2890 187 48 history

169 2948 50 38 of
247 2948 162 47 Logan
437 2948 217 47 county's
681 2948 107 40 first
816 2950 141 38 court
981 2947 153 40 house
1160 2950 50 38 at
1238 2947 247 47 Postville,
1514 2947 81 39 the
1623 2948 276 38 settlement
1931 2946 50 40 of
2009 2947 162 48 Logan

168 3014 81 36 co.,
279 3005 89 45 Ill.,
399 3006 94 38 and
522 3004 82 40 the
631 3004 197 48 naming
855 3005 50 39 of
935 3006 80 38 the
1044 3004 97 48 city
1172 3004 50 40 of
1251 3004 215 40 Lincoln.
1527 3004 99 39 The
1657 3006 104 37 text
1791 3004 51 39 of
1871 3004 82 39 the
168 3003 1986 105 Gettysburg
317 3062 202 39 address
547 3061 41 40 is
620 3062 138 46 given
791 3071 58 29 on
881 3061 100 39 leaf
1011 3061 26 38 2
1069 3062 95 39 and
1196 3060 83 41 the
1306 3060 269 40 facsimiles
1606 3059 192 40 include
1829 3060 342 47 reproduction

170 3118 50 38 of
247 3128 28 28 a
302 3117 192 48 printed
524 3120 106 38 text
656 3119 51 38 of
735 3119 81 39 the
844 3118 299 40 President's
1170 3117 353 49 proclamation
1552 3117 51 39 of
1634 3117 277 47 September
1939 3116 69 47 22,
2039 3115 128 46 1862,

166 3175 93 38 and
289 3174 50 40 of
365 3175 82 40 the
474 3175 373 48 Emancipation
873 3175 367 47 proclamation.

172 3227 50 51 ©
252 3232 108 39 Feb.
389 3232 37 40 1.
455 3232 112 39 1934;
624 3232 65 40 2c.
717 3233 95 38 and
841 3232 80 40 aff.
951 3232 110 40 Feb.
1089 3231 55 39 26;
1200 3232 43 38 A
1267 3230 170 47 70536;
1469 3231 165 47 Harry
1662 3231 194 46 Dayton
1888 3228 194 42 Sickles.

247 3288 250 47 (34-5581)

168 3347 314 55 Louisiana
543 3350 110 52 and
717 3351 285 54 Southern
1063 3349 199 68 digest.
1360 3351 132 50 1933
1552 3348 344 52 cumulative
1955 3347 210 51 annual

235 3428 203 66 pocket
470 3433 135 62 part
636 3431 94 50 for
761 3429 110 51 vol.
906 3430 80 51 30.
1063 3428 176 52 Table
1273 3426 63 52 of
1368 3444 149 36 cases
1551 3425 256 67 digested
1842 3425 112 52 and
1987 3424 176 52 Table

234 3501 1926 71 of statutes construed … St. Paul, "West publishing co.
237 3617 11 33 [
254 3590 17 21 c
277 3587 151 63 1934]

238 3658 83 38 101
350 3669 42 36 p.
449 3658 55 39 25
508 3660 43 20 cm
559 3690 6 6 .

237 3714 294 40 Cover-title.

237 3772 117 38 This
395 3772 246 45 pamphlet
683 3772 40 38 is
766 3773 47 37 to
855 3772 56 39 be
952 3771 137 39 fitted
1131 3770 102 39 into
1275 3769 81 39 the
1396 3768 171 47 pocket
1610 3768 50 36 at
1702 3765 81 39 the
1823 3764 122 38 back
1984 3763 52 40 of
2078 3764 81 39 the

163 3828 189 38 volume
380 3828 49 37 of
457 3829 81 37 the
565 3829 76 37 set
665 3830 48 37 to
740 3827 158 40 which
927 3828 39 39 it
993 3827 207 46 belongs.

166 3880 50 51 ©
247 3885 108 38 Feb.
386 3883 68 47 28,
485 3884 113 39 1934;
658 3884 64 39 2c.
755 3885 121 38 Mar.
908 3883 53 39 19;
1023 3883 80 40 aff.
1136 3883 119 38 Mar.
1287 3882 81 45 21;
1402 3880 40 38 A
1472 3877 169 47 69924;
1674 3878 134 38 West
1838 3875 107 49 pub.
1978 3885 65 30 co.
