2350 4196
1100 4075 96 47 155

151 428 151 64 Nan,
331 426 178 54 Louis
538 426 173 57 John,
745 427 169 50 1869-

219 503 235 52 Manual
491 520 70 33 on
595 502 95 51 the
724 502 284 65 marriage
1043 500 135 52 laws
1212 499 62 52 of
1306 500 95 52 the
1436 498 133 53 code
1604 498 62 52 of
1699 517 178 34 canon
1907 500 127 69 law,
2070 500 71 68 by

151 576 1993 69 Rt. Rev. Louis J. Nau … New York, Cincinnati, Frederick
150 659 197 52 Pustet
374 676 96 50 co.,
498 659 123 55 inc.,
653 659 148 48 1933.

219 728 1195 49 x p., 1 l., 252 p. incl. diagrs., forms. 21½cm.
216 787 375 47 Bibliography:
623 797 41 37 p.
696 785 123 41 v-vi.

154 845 50 50 ©
344 860 22 27 June
402 850 67 37 20.
506 847 140 40 1933;
684 847 64 38 2c.
791 847 104 39 Jan.
932 845 68 42 22,
1037 845 114 39 1934;
1216 845 80 39 aff.
1335 846 107 38 Jan.
1482 845 80 46 23;
1602 848 39 36 A
1678 845 169 44 68964;
1889 847 258 40 Frederick

224 907 169 37 Pustet
423 917 79 28 co.,
535 905 88 39 inc.
696 903 250 48 (34-2840)

150 995 142 51 New
323 995 159 51 York
517 994 217 66 (State)
822 994 206 51 Courts
1060 994 62 66 of
1150 993 214 53 record.

319 1070 1827 67 … The miscellaneous reports. Cases decided in the Courts
153 1150 62 53 of
248 1150 196 52 record
480 1149 63 52 of
576 1149 93 52 the
706 1153 143 48 state
885 1149 63 52 of
982 1151 137 50 New
1156 1149 177 65 York,
1368 1150 162 51 other
1564 1150 141 50 than
1739 1150 96 52 the
1869 1149 178 54 Court
2082 1149 62 51 of

151 1231 232 64 appeals
434 1229 109 50 and
593 1229 94 50 the
735 1228 310 67 Appellate
1093 1227 248 53 division
1389 1227 63 52 of
1499 1229 95 51 the
1645 1227 274 68 Supreme
1969 1234 176 47 court.

149 1305 212 52 Austin
399 1309 65 50 B.
505 1302 218 71 Griffin,
763 1309 272 64 reporter,
1111 1324 49 35 v.
1202 1308 115 64 148,
1357 1309 149 49 1934.
1588 1303 239 69 [Official
1863 1307 103 65 ed.]
151 1307 1970 145 Albany,
345 1386 54 53 J.
428 1387 65 50 B.
522 1386 162 65 Lyon
711 1401 296 50 company,
1037 1387 148 49 1934.

218 1470 74 29 XV,
325 1458 83 39 963
441 1469 41 36 p.
542 1458 146 39 23½cm.

154 1512 52 50 ©
241 1516 108 38 Jan.
385 1515 68 41 31.
490 1515 139 40 1934;
668 1516 64 37 2c.
771 1515 109 38 Feb.
917 1514 51 39 6:
1008 1514 80 39 aff.
1127 1514 109 39 Feb.
1274 1516 50 39 2:
1364 1515 39 37 A
1440 1514 169 46 69340;
1650 1516 210 38 Edward
1899 1515 41 39 J.
1979 1515 169 48 Flynn,

221 1575 244 45 secretary
504 1572 50 38 of
592 1573 79 38 the
708 1575 128 36 state
873 1572 51 37 of
959 1572 116 37 New
1113 1572 130 38 York
1280 1572 50 38 in
1366 1575 129 37 trust
1532 1572 79 40 for
1649 1575 81 37 the
1767 1573 176 40 benefit
1980 1572 52 41 of
2069 1575 81 38 the

221 1631 166 45 people
413 1631 50 37 of
489 1631 80 37 the
595 1631 140 40 state,
764 1630 202 45 Albany.

150 1704 221 65 Ogden,
405 1705 226 64 George
664 1704 412 64 Washington,
1112 1707 170 50 1871-

217 1784 120 53 The
361 1784 183 67 guard
570 1783 63 51 of
656 1782 365 66 Timberline,
1047 1784 73 66 by
1144 1783 220 68 George
1387 1785 88 53 W.
1504 1784 218 67 Ogden.
1800 1786 137 51 New
1968 1786 175 51 York.

150 1861 187 57 Dodd,
369 1863 167 50 Mead
566 1865 43 49 &
641 1880 296 48 company,
970 1865 148 49 1934.

221 1933 557 48 4 p. l., 268 p. 19½cm.
153 1988 50 51 ©
233 1993 107 38 Feb.
367 1992 69 43 15,
464 1992 139 40 1934;
632 1992 67 38 2c.
728 1992 94 38 and
849 1991 79 39 aff.
959 1990 109 40 Feb.
1098 1990 79 41 16:
1207 1991 41 38 A
1275 1991 169 42 69444;
1477 1991 52 41 G.
1558 1992 68 39 W.
1659 1991 178 48 Ogden,
1866 1992 107 39 Van
1999 1993 149 48 Nuys,

220 2049 143 40 Calif.
437 2048 250 47 (34-2566)

149 2121 224 65 Pascal,
402 2123 144 52 Paul
575 2122 204 54 Victor
808 2124 203 64 Henri,
1044 2126 171 50 1880-
1427 2125 83 53 ed.

222 2201 1926 68 Traité de chimie min é rale, publié sous la direction de Paul
154 2279 1994 69 Pascal … secretaire general, Paul Baud … t. VIII. Éléments
151 2357 95 52 des
295 2363 175 47 terres
521 2376 152 33 rares
676 2358 1020 70 —cuivre—argent—or—mercure,
1746 2379 106 49 par
1901 2381 129 32 mm.
2082 2364 65 50 F.

153 2435 272 63 Bourion,
455 2438 69 51 A.
558 2437 322 65 Conduché,
910 2437 54 53 J.
993 2437 204 56 Isabey
1251 2443 53 46 [et
1336 2439 71 65 al]
1488 2440 185 58 Paris,
1703 2441 230 51 Masson
1965 2445 55 48 et
2049 2442 99 66 cie,

155 2517 150 50 1933.

221 2587 1571 52 4 p. l., [xi]-xxiii, 1180 p., 1 l. illus., tables, diagrs. 26cm.
220 2645 232 40 Contains
483 2645 390 47 bibliographies.

158 2698 50 51 ©
240 2703 100 40 Oct.
371 2703 67 41 28.
470 2701 139 42 1933;
641 2704 65 38 1c.
737 2703 107 38 Jan.
876 2704 68 39 17.
975 2702 140 41 1934;
1149 2703 309 48 A-Foreign
1488 2704 171 47 23416;
1694 2707 194 37 Masson
1921 2705 35 40 &
1987 2704 82 42 cie.

150 2792 250 63 Pelsma,
428 2791 154 54 John
611 2791 274 55 Reinder.

220 2867 1928 69 Essentials of speech, by John R. Pelsma … Rev. ed.
151 2946 136 51 New
330 2945 178 61 York,
550 2945 247 54 Thomas
839 2946 71 52 Y.
954 2945 242 54 Crowell
1236 2963 280 50 company
1564 2947 191 64 [c1934]

219 3019 63 46 xi,
311 3019 87 40 344
425 3029 42 37 p.
529 3020 23 37 1
584 3020 142 46 illus.,
757 3019 177 48 diagrs.
996 3019 116 40 21cm.

221 3076 240 40 “Seventh
489 3076 242 47 printing;
765 3077 173 38 second
968 3075 215 49 printing
1213 3075 51 40 of
1294 3075 188 40 revised
1511 3073 226 42 edition.”

219 3133 348 47 Bibliography
586 3144 8 27 :
631 3144 40 36 p.
706 3132 216 41 333-336.

157 3186 50 51 ©
238 3191 109 39 Feb.
379 3192 37 45 8,
448 3191 138 41 1934;
619 3192 64 37 2c.
718 3191 109 38 Feb.
858 3191 81 39 14:
974 3190 79 40 aff.
1087 3190 108 40 Feb.
1228 3190 81 40 10:
1342 3190 41 38 A
1414 3189 169 41 69409:
1618 3190 209 38 Thomas
1859 3189 53 38 Y.
1945 3187 204 40 Crowell

220 3259 65 28 co.
353 3248 249 47 (34-2595)

154 3323 158 63 Post,
341 3324 137 51 Mrs.
509 3321 196 65 Emily
736 3321 227 66 (Price)
1001 3322 172 54 1873-

221 3398 319 68 Etiquette;
578 3398 155 53 “The
764 3399 128 52 blue
925 3398 147 53 book
1106 3398 64 54 of
1202 3399 173 52 social
1410 3396 224 70 usage”,
1668 3398 75 68 by
1779 3397 196 68 Emily
2010 3397 141 51 Post

164 3473 1984 72 (Mrs. Price Post) … illustrated with private photographs and
155 3551 306 55 facsimiles
496 3553 64 53 of
596 3554 172 52 social
806 3553 197 54 forms.
1077 3555 138 52 New
1252 3555 112 52 and
1405 3556 106 50 enl.
1551 3554 103 67 ed.,
1692 3553 142 52 with
1871 3556 67 49 48
1976 3569 173 51 pages

154 3631 62 51 of
262 3649 243 35 answers
553 3637 57 47 to
657 3631 242 53 readers’
946 3631 301 69 questions.
1330 3632 139 52 New
1518 3631 163 53 York
1730 3631 111 52 and
1891 3629 259 67 London,

155 3708 167 52 Funk
353 3709 44 49 &
428 3709 298 68 Wagnalls
759 3726 280 51 company
1078 3711 190 64 [c1934]

223 3778 1840 51 xviii p., 1 l., 740 p. front., illus., plates, fold. tab., diagrs. 23½cm.
155 3832 1992 109 “First edition published, July. 1922. New and enlarged edition, published. November, 1927 … fourteenth printing, enlarged, January, 1934.”
158 3945 49 50 ©
236 3950 109 39 Feb.
374 3951 37 45 6,
440 3951 113 39 1934;
609 3952 65 39 2c.
703 3953 96 38 and
827 3952 81 40 aff.
937 3953 110 39 Feb.
1076 3953 54 38 12
1150 3964 7 28 :
1187 3954 40 37 A
1255 3952 143 39 69386;
1457 3952 140 39 Funk
1626 3953 34 38 &
1689 3952 251 47 Wagnalls
1969 3962 65 28 co.

232 4007 248 48 (34-2514)
