2350 4296
1143 4013 62 48 53

159 439 134 68 ley’s
327 437 290 54 Nebraska
656 437 200 68 digest.
933 436 343 51 Abatement
1312 435 110 50 and
1458 432 217 53 revival
1709 439 56 46 to
1799 434 209 53 Words
2044 433 112 52 and

159 519 247 66 phrases.
487 515 82 54 St.
604 516 190 56 Louis,
828 516 133 55 Mo.,
996 514 247 52 Thomas
1277 515 109 49 law
1419 512 146 51 book
1600 528 298 50 company,
1936 513 149 50 1934.

225 593 24 38 1
279 602 42 37 p.
386 623 7 15 l.,
424 591 84 39 521
537 601 42 37 p.
637 589 56 40 25½
726 592 45 20 cm
776 623 7 7 .

162 660 49 51 ©
237 665 107 38 Jan.
370 662 68 47 10,
464 661 140 47 1934;
631 662 66 38 2c.
723 661 108 38 Jan.
857 660 83 46 12;
968 659 80 39 aff.
1076 658 109 40 Jan.
1210 658 82 46 15;
1320 658 41 38 A
1386 656 170 48 67982;
1584 657 211 39 Thomas
1822 658 96 38 law
1941 657 123 39 book
2090 665 67 31 co.

160 782 242 62 Dorcus,
431 781 127 63 Roy
584 778 238 65 Melvin,
851 781 171 50 1901-

228 853 1927 70 Textbook of abnormal psychology, by Roy M. Dorcus … and
160 929 2002 69 G. Wilson Shaffer … Baltimore, The Williams & Wilkins
159 1029 295 51 company,
484 1013 150 51 1934.

231 1086 101 48 xiii,
361 1084 86 42 389
472 1095 43 38 p.
577 1084 141 47 illus.,
748 1084 179 47 diagrs.
987 1082 56 41 23½
1076 1084 44 22 cm
1125 1115 8 8 .

230 1141 373 49 Bibliography:
635 1151 43 38 p.
705 1140 218 41 366-377.

162 1212 50 51 ©
241 1217 107 38 Jan.
377 1216 68 46 13,
473 1214 140 42 1934;
643 1214 64 40 2c.
738 1215 108 38 Jan.
876 1213 80 47 18;
988 1213 79 40 aff.
1098 1214 108 39 Jan.
1234 1214 82 46 17;
1347 1213 41 38 A
1415 1211 170 48 69068;
1616 1212 246 40 Williams
1889 1212 36 39 &
1953 1209 210 42 Wilkins

227 1283 66 30 co.
368 1272 249 48 (34-1446)

163 1391 320 65 Edgerton,
515 1392 253 52 Edward
797 1392 117 62 Ira,
947 1389 173 54 1877-

231 1468 1926 68 New elementary algebra, by Edward I. Edgerton … and
162 1545 1994 70 Perry A. Carpenter … Boston, New York [etc.] Allyn and
163 1628 191 51 Bacon
390 1661 12 33 [
408 1633 17 20 c
431 1629 131 50 1933
569 1660 12 33 ]

234 1698 172 48 xxxiii,
441 1699 85 40 300
559 1709 56 37 p.,
649 1699 24 38 1
745 1730 8 15 l.,
787 1697 58 40 48
879 1709 42 37 p.
983 1698 142 47 illus.,
1162 1697 178 47 diagrs.
1404 1696 56 41 19½
1492 1700 43 20 cm
1543 1729 6 6 .
1622 1696 251 48 (Lettered
1908 1707 63 30 on
2003 1707 165 31 cover:

165 1755 698 48 Edgerton-Carpenter-Glass
896 1754 175 46 series)

165 1824 50 52 ©
241 1830 110 39 Dec.
376 1829 69 48 21,
471 1828 141 47 1933;
640 1827 66 40 2c.
732 1829 110 39 Jan.
868 1827 68 46 15,
963 1826 141 48 1934;
1132 1837 81 30 aff.
1241 1828 109 38 Jan.
1376 1826 82 47 12;
1486 1826 41 40 A
1554 1826 171 48 67992;
1754 1827 146 47 Allyn
1924 1827 37 40 &
1988 1828 178 38 Bacon.

235 1882 67 54 [©
330 1896 107 30 new
463 1888 194 46 matter]
732 1884 250 48 (34-1623)

165 2005 323 64 Edmunds,
519 2003 233 53 Palmer
783 2004 227 54 Daniel.

236 2082 300 51 Edmunds
599 2081 228 53 Illinois
890 2081 133 54 civil
1087 2083 246 65 practice
1397 2081 198 52 forms.
1671 2083 283 65 January,
2017 2084 151 66 1934,

167 2159 2000 68 cumulative supplements, by Palmer D. Edmunds … v. 1-4.
168 2237 269 69 Chicago,
471 2239 320 67 Callaghan
824 2240 111 50 and
967 2256 296 50 company,
1294 2241 151 51 1934.

232 2316 26 38 4
287 2324 42 30 v.
388 2314 55 39 25
446 2316 42 20 cm
496 2346 7 7 .

229 2385 293 40 Cover-title.

237 2457 155 38 These
422 2457 274 46 pamphlets
728 2467 82 28 are
842 2458 48 37 to
921 2456 56 40 be
1008 2455 139 40 fitted
1178 2456 102 40 into
1314 2457 82 38 the
1427 2457 198 46 pockets
1657 2459 51 37 at
1741 2457 80 39 the
1854 2456 121 40 back
2007 2457 51 38 of
2091 2456 79 38 the

164 2514 215 39 volumes
406 2513 51 40 of
485 2515 79 38 the
592 2516 73 37 set
691 2516 48 36 to
767 2514 156 39 which
952 2515 113 46 they
1093 2514 182 48 belong.

171 2579 1999 54 © Jan. 6, 1934 ; 2c. each Jan. 10; aff. Jan. 11; A 68817; Callaghan & co.
1995 2641 90 42 343

223 2703 192 63 Érigny,
448 2702 234 55 Simone
716 2704 34 52 d'

237 2779 1712 72 The mysterious Madame S … by Simone d’Erigny;
170 2787 1978 123 translated
365 2857 152 52 from
563 2857 95 53 the
703 2858 220 53 French
972 2860 73 66 by
1093 2859 293 53 Elisabeth
1435 2861 235 52 Abbott.
1747 2861 427 68 Philadelphia,

169 2937 254 61 London,
450 2936 54 52 J.
535 2937 65 51 B.
629 2936 339 66 Lippincott
996 2954 279 50 company
1308 2971 12 32 [
1325 2943 18 22 c
1349 2940 136 49 1934
1488 2972 12 32 ]

240 3009 98 48 305,
377 3010 53 48 [1]
468 3020 42 37 p.
571 3009 130 41 illus.
730 3009 163 49 (plan)
961 3010 56 40 19½
1049 3012 44 22 cm
1098 3042 10 9 .

176 3077 50 51 ©
254 3081 107 39 Jan.
390 3081 38 47 8,
457 3079 113 40 1934
590 3092 7 29 :
628 3081 66 39 2c.
724 3082 94 38 and
846 3081 82 41 aff.
957 3082 110 39 Jan.
1095 3082 80 46 20;
1208 3083 39 38 A
1276 3082 169 48 69120;
1478 3084 42 40 J.
1550 3084 55 40 B.
1634 3083 281 48 Lippincott
1942 3095 67 29 co.

249 3138 249 48 (34-1473)

176 3254 290 67 Fletcher,
495 3256 149 64 Guy.

244 3334 229 67 Among
512 3335 95 51 the
645 3342 163 60 stars,
847 3337 73 65 by
959 3336 132 67 Guy
1132 3336 277 53 Fletcher.
1486 3339 237 52 London
1772 3347 137 59 [etc.]
1958 3340 212 53 Cassell

174 3413 111 51 and
316 3429 296 49 company,
644 3413 221 53 limited
902 3418 171 62 [1933]

247 3482 27 39 3
301 3493 41 36 p.
405 3516 7 15 l.,
439 3484 85 40 314
551 3495 41 37 p.
654 3484 55 41 19½c
758 3488 27 21 m
790 3517 9 9 .

179 3550 1998 56 © 1c. Jan. 4, 1934; A ad int. 18551; pubd. Nov. 9, 1933; G. Fletcher.
244 3611 210 41 London.
526 3613 249 48 (34-1306)

180 3724 245 69 French,
455 3731 136 51 Mrs.
621 3731 157 53 Julia
807 3733 230 52 Norton
1069 3735 188 63 (Dey)
1296 3737 325 50 1832-1919.

250 3804 120 51 The
413 3804 306 56 childhood
760 3808 63 51 of
867 3808 160 56 Julia
1073 3809 217 53 Norton
1335 3810 142 68 Dey,
1524 3813 328 65 1832-1919,
1896 3810 142 52 later
2080 3810 97 54 the

184 3880 133 56 wife
358 3883 63 51 of
461 3883 293 54 Reverend
794 3885 252 53 Edward
1088 3887 241 56 Warner
1370 3888 241 69 French,
1651 3908 48 34 d.
1740 3908 68 50 d.,
1852 3890 328 66 1829-1885,
