2350 4196
1074 4011 62 48 63

184 427 473 49 “Bibliographies”:
691 438 43 37 p.
769 424 213 44 194-202.

115 483 50 52 ©
199 488 126 39 June
357 488 38 46 1,
429 486 139 46 1933;
604 485 65 40 2c.
703 486 96 38 and
831 484 82 41 aff.
947 483 109 40 Jan.
1090 483 68 47 15,
1191 482 141 46 1934;
1369 481 41 39 A
1443 480 170 47 69014;
1652 480 52 41 G.
1739 480 50 40 L.
1824 481 106 39 Van
177 480 1915 110 Roosbroeck,

393 544 118 40 New
538 543 145 40 York.
754 540 251 50 (34-1490)

112 632 228 65 Spindt,
370 632 262 53 Herman
662 632 251 63 Adolph.

182 709 119 53 The
348 706 368 58 foundations
762 707 63 53 of
869 705 305 55 American
1218 709 396 65 government;
1663 726 32 34 a
1738 702 269 55 textbook
2050 702 59 53 in

113 779 1936 77 civics, by Herman A. Spindt … and Frederick Lynne Ryan …
116 859 1801 78 Boston, New York [etc.] D. C. Heath and company [ c 1934]
182 948 44 36 x,
262 936 84 40 500
378 946 41 38 p.
482 937 163 44 front.,
679 937 127 38 illus.
836 935 133 49 (incl.
1005 935 161 49 maps)
1210 935 178 48 diagrs.
1453 936 55 39 20½
1541 938 15 20 cm
1591 968 6 6 .

182 993 235 42 “General
445 992 364 51 bibliography”
830 1005 9 28 :
866 1005 41 37 p.
935 993 201 41 492-493
1157 1005 8 35 ;
1196 994 161 38 “Book
1386 991 300 43 references”
1715 996 49 38 at
1792 995 90 38 end
1910 994 50 39 of
1986 997 124 37 most

113 1052 51 40 of
202 1054 81 37 the
322 1052 239 48 chapters.

116 1108 51 53 ©
200 1114 107 39 Jan.
340 1114 40 45 4,
413 1111 113 41 1934
545 1124 8 35 ;
588 1112 65 40 2c.
689 1111 106 40 Jan.
830 1111 82 46 15;
948 1110 81 40 aff.
1064 1110 109 40 Jan.
1279 1121 8 35 18;
1322 1110 43 38 A
1395 1110 170 48 68895;
1602 1111 55 38 D.
1693 1110 49 40 C.
1777 1110 165 40 Heath
1975 1110 36 40 &
2044 1122 67 28 co.

181 1166 69 54 [©
277 1170 194 48 general
501 1168 211 41 revision
739 1170 95 38 and
860 1178 106 30 new
994 1168 159 49 index]
1227 1166 250 49 (34-1426)

117 1258 290 68 [Thomas,
438 1260 181 52 Keith
650 1258 313 70 Johnston]
1001 1262 171 50 1881-

179 1337 141 53 Miss
346 1338 272 68 Fortune,
645 1338 74 67 by
747 1339 224 51 Burton
998 1337 221 53 Hewitt
1268 1338 192 66 [pseud.]
1561 1337 259 67 London,
1847 1338 54 54 J.
1929 1338 182 67 Long,

115 1414 217 55 limited
388 1419 130 51 [1933]

185 1488 85 40 288
299 1499 42 37 p.
402 1488 54 42 19
461 1491 43 20 cm
509 1521 8 8 .

115 1534 1997 66 © 1c. Jan. 6, 1934; A ad int. 18585; pubd. Nov. 10, 1933 ; Keith Thomas,
180 1603 210 41 London.
462 1602 250 50 (34-1296)

112 1677 354 67 Thompson,
496 1678 210 55 Lillian
738 1681 61 54 C.

110 1748 1981 158 A bridge manual on bidding and play, by Lillian C. Thompson … Seattle, Wash., 1933.
183 1907 25 38 2
237 1919 42 37 p.
308 1909 43 40 l..
384 1908 144 50 [7]—48
557 1920 41 37 p.
690 1909 26 40 19½
766 1912 25 20 m
797 1942 7 8 .

185 1965 178 42 “Third
404 1967 227 40 edition.”

117 2019 50 53 ©
196 2025 120 39 Mar.
345 2026 67 40 11,
441 2025 140 46 1933;
612 2025 66 40 2c.
707 2025 111 40 Dec.
849 2025 79 47 16;
962 2025 79 40 aff.
1071 2025 109 40 Jan.
1210 2026 67 46 15,
1307 2026 140 47 1934;
1479 2027 40 37 A
1549 2025 169 42 68959;
1752 2027 49 40 L.
1832 2027 47 40 C.
179 2026 1919 102 Thompson,
312 2081 197 42 Seattle.
581 2082 251 48 (34-1631)

117 2153 279 68 Villagra,
426 2157 229 64 Gaspar
683 2159 178 52 Perez
889 2160 88 65 de,
1006 2160 53 53 d.
1092 2162 148 50 1620.

180 2232 241 68 History
443 2234 62 52 of
530 2234 136 53 New
690 2233 238 71 Mexico,
952 2236 73 68 by
1051 2233 222 71 Gaspar
1296 2235 173 53 Pérez
1494 2236 66 54 de
1585 2235 283 70 Villagrá,
1892 2235 220 72 Alcalá,

115 2313 162 52 1610:
309 2313 312 54 translated
653 2312 73 67 by
759 2310 257 58 Gilberto
1049 2313 311 67 Espinosa;
1393 2313 390 57 introduction
1814 2315 112 55 and
1959 2320 157 49 notes

117 2388 70 68 by
224 2389 64 51 F.
327 2389 86 52 W.
453 2390 218 68 Hodge.
742 2391 109 54 Los
887 2391 264 70 Angeles,
1185 2392 122 52 The
1343 2390 243 64 Quivira
1625 2394 226 68 society,
1891 2396 148 50 1933.

182 2459 89 42 308
307 2472 41 37 p.
419 2462 148 41 front,
598 2461 171 50 (port.)
819 2464 170 49 plates,
1029 2464 189 45 facsim.
1288 2466 55 39 25½c
1393 2468 25 20 m
1426 2499 7 7 .
1514 2467 191 46 (Added
1748 2472 118 43 t.-p.:
1908 2467 198 49 Quivira

114 2517 194 49 society.
370 2518 345 44 Publications,
777 2522 90 40 vol.
963 2523 13 44 IV)

180 2576 135 40 With
346 2576 243 42 facsimile
619 2578 339 48 reproduction
992 2580 51 39 of
1074 2581 82 39 the
1187 2581 208 47 original
1427 2585 95 45 t.-p.

184 2633 115 42 “Six
328 2635 219 41 hundred
580 2637 92 38 and
703 2634 243 48 sixty-five
975 2638 158 47 copies
1163 2638 191 47 printed
1383 2639 78 40 for
1492 2642 80 38 the
1604 2639 202 50 Quivira
1836 2641 196 50 society,
2062 2645 49 37 of

114 2690 156 42 which
305 2691 97 40 this
439 2692 41 39 is
515 2704 73 29 no.
625 2692 127 42 654.”

180 2749 99 39 The
310 2749 208 48 Spanish
546 2749 207 50 original
782 2750 41 40 is
851 2751 47 39 in
930 2761 149 36 verse,
1111 2752 79 41 the
1220 2758 194 42 present
1444 2755 292 42 translation
1770 2758 45 38 in
1847 2768 151 37 prose.

114 2805 51 53 ©
192 2811 109 39 Dec.
331 2812 67 46 13,
425 2810 140 48 1933;
594 2812 66 40 2c.
690 2812 93 38 and
813 2811 79 40 aff.
922 2811 108 42 Jan.
1059 2812 69 47 12,
1157 2811 140 50 1934;
1326 2814 42 38 A
1395 2813 171 49 67974;
1598 2814 203 49 Quivira
1830 2828 90 29 soc.

193 2867 250 49 (34-1318)

115 2942 271 66 Virginia
414 2948 158 50 state
601 2945 106 53 bar
736 2946 376 57 association.

185 3014 1927 88 Proceedings of the forty-fourth annual meeting … held at
115 3097 95 54 the
252 3098 348 56 Greenbriar
640 3101 155 53 hotel
839 3102 110 52 and
996 3107 267 64 cottages,
1303 3104 196 56 White
1545 3104 259 70 Sulphur
1849 3107 265 71 Springs,

114 3176 158 55 West
310 3176 287 70 Virginia,
637 3178 229 70 August
908 3184 61 48 11
1013 3183 112 50 and
1168 3185 80 66 12,
1289 3185 149 51 1933.
1516 3183 214 55 Edited
1769 3187 74 66 by
1884 3186 228 55 Cassius

114 3252 78 55 M.
242 3253 346 62 Chichester,
635 3261 297 60 secretary.
1010 3257 338 66 Bichmond,
1396 3261 322 56 Bichmond
1767 3283 173 44 press,
1990 3265 123 61 inc.,

116 3335 150 50 1933.

179 3407 86 39 348
294 3419 41 36 p.
395 3407 164 49 front.,
591 3411 148 45 ports.
800 3411 59 40 22½c
906 3412 26 22 m
938 3442 8 8 .

115 3458 51 52 ©
194 3465 108 39 Jan.
330 3466 67 40 23,
426 3465 140 41 1934;
596 3467 67 40 2c.
692 3467 94 40 and
815 3468 80 39 aff.
925 3467 107 42 Jan.
1062 3468 82 47 26;
1175 3470 39 38 A
1242 3469 169 47 69199;
1443 3471 220 47 Virginia
1695 3474 128 39 state
1852 3474 87 39 bar
1968 3483 142 37 assn.,

181 3519 281 43 Richmond.

113 3595 165 66 Wall,
307 3597 216 57 Evans.

236 3666 1876 93 River god, by Evans Wall … New York, The Macaulay
109 3756 504 66 company [ c 1934]
179 3825 82 40 311
298 3837 41 36 p.
431 3826 25 41 19½
489 3829 42 21 cm
538 3860 7 7 .

112 3876 53 52 ©
193 3883 109 40 Jan.
329 3884 68 46 19,
427 3884 139 43 1934;
597 3886 66 41 2c.
693 3888 94 39 and
816 3887 80 41 aff.
927 3888 109 42 Jan.
1065 3888 54 41 23
1139 3900 8 29 ;
1179 3890 37 39 A
1246 3889 169 47 69175;
1449 3891 258 48 Macaulay
1738 3904 64 28 co.

192 3938 248 53 (34-1463)
