2350 4196
1136 4005 131 48 1662

297 443 1906 48 ‘‘The first group of essays have to do with Catholic sentiment … The
225 499 1976 49 second batch of essays … are concerned only indirectly with religion and
223 556 913 47 directly with literature,"— p. 8 -9.
225 612 55 51 ©
307 617 116 39 Nov.
455 616 68 40 10.
556 615 139 46 1934;
728 616 67 41 2c.
825 617 117 39 Nov.
971 618 81 38 13:
1087 616 79 39 aff.
1199 617 111 40 Dec.
1342 617 53 43 4;
1431 617 39 37 A
1503 615 167 40 78443:
1705 616 257 40 Valentine
1993 616 215 40 William

291 673 144 47 Long.
469 674 67 38 St.
564 674 133 37 Bona
703 675 214 37 venture.
948 673 52 38 N.
1033 674 51 37 Y.
1157 672 277 43 (34-41239)

222 763 239 64 Mailiet,
496 763 329 55 Germaine.

351 840 1851 67 … Peinture religieuse, par Germaine Mailiet. [Paris] Bloud
220 921 44 49 &
294 918 127 65 Gay
458 920 172 63 [1934]

289 988 1920 50 2 p. l., [7]-234 p., 1 l. plates. 19 cm . (Bibliothèque catholique des
219 1047 211 39 sciences
460 1046 294 48 religieuses.
817 1046 112 48 [46])

292 1101 390 49 “Bibliographie
709 1103 284 39 sommaire":
1053 1114 40 36 p.
1129 1101 242 51 [233]-234.

223 1156 1716 51 © Feb. 28. 1934; 1c. May 13: A-Foreign 24647: Blond & Gay.
300 1217 276 43 (34-41233)

220 1306 254 63 Massey,
505 1307 136 52 Mrs.
674 1306 292 53 Gertrude
1005 1305 206 64 (Seth)
1250 1310 166 49 1868-

289 1383 205 66 Kings,
535 1399 345 35 commoners
921 1383 111 53 and
1073 1400 104 48 me,
1216 1382 72 66 by
1329 1381 284 55 Gertrude
1653 1382 239 65 Massey.
1970 1382 234 52 London

220 1461 110 51 and
358 1460 286 65 Glasgow,
672 1458 234 53 Blackie
932 1462 46 49 &
1003 1476 117 42 son,
1147 1458 218 52 limited
1402 1462 171 62 [1934]

288 1530 1103 50 4 p. l., 184 p. front., plates, ports. 20c m .
223 1586 1982 51 © 1c. Nov. 15. 1934; A ad int. 19596: pubd. Sept. 27: Gertrude Massey.
288 1648 208 37 London.
556 1645 253 48 (34-41234)

221 1735 335 64 Matthews,
585 1733 181 55 Rives
793 1734 271 55 Skinker.

286 1809 376 69 Greenburgh
705 1810 287 53 mansions
1035 1809 63 53 of
1142 1810 91 51 the
1277 1809 201 53 Misses
1522 1808 261 68 Masters,
1824 1809 382 67 Washington

218 1888 220 68 Irving,
473 1888 65 51 T.
577 1886 270 55 Coleman
884 1887 256 67 Dupont,
1178 1885 301 54 Professor
1516 1887 243 67 Draper,
1799 1885 184 69 Cyrus
2022 1885 185 65 Field,

217 1965 53 52 J.
297 1966 64 52 P.
385 1965 244 68 Morgan
679 1965 130 65 [and]
840 1964 114 69 Jay
981 1963 208 68 Gould,
1215 1964 73 68 by
1316 1964 172 53 Rives
1516 1964 320 52 Matthews.
220 1963 1983 146 Hastings-upon-Hudson,
744 2084 10 8 N.
786 2042 87 67 Y.,
899 2041 120 53 The
1045 2040 150 53 Half
1221 2058 163 35 moon
1417 2060 171 49 press,
1618 2044 149 50 1934.

284 2113 522 51 1 p. l., 37 p. 22½ cm .
221 2170 1983 107 © Sept. 1, 1934; 2c. and aff. Dec. s: A 78469: R. S. Matthews. Hastings-upon-Hudson, N. Y. (34-41285)
221 2318 286 65 [Meynell,
540 2318 300 53 Laurence
871 2317 242 66 Walter]
1153 2323 167 48 1899-

287 2393 193 54 Inside
522 2393 127 52 out!
694 2411 81 48 or,
816 2393 135 52 Mad
997 2412 60 33 as
1100 2412 30 33 a
1173 2394 217 52 hatter!
1476 2396 127 67 [By]
1654 2392 265 69 Geoffrey
1964 2393 241 52 Ludlow

236 2472 194 66 [pseud.]
515 2471 256 66 London,
797 2469 67 55 G.
890 2469 69 55 G.
985 2470 236 68 Harrap
1247 2472 45 51 &
1316 2488 62 35 co.,
1444 2471 99 51 ltd.
1594 2472 149 63 [1934]

291 2542 432 50 287, [1] p . 19 cm .
321 2600 128 40 "First
475 2599 267 48 published,
772 2599 128 46 July,
927 2598 140 46 1934;
1096 2599 257 46 reprinted.
1382 2599 128 46 July.
1544 2599 108 40 1934."

220 2655 1982 50 © 1c. Sept. 18. 1934; A ad int. 19375: pubd. July 20: Laurence Meynell.
285 2716 210 39 London.
553 2713 278 48 (34-41293)

215 2803 335 64 Mitchison,
584 2802 225 54 Gilbert
841 2802 275 56 Richard.

286 2880 118 52 The
447 2879 124 52 first
614 2879 246 52 workers'
918 2883 394 64 government;
1358 2900 80 47 or,
1481 2882 133 50 New
1660 2883 163 50 times
1866 2881 93 51 for
2003 2882 196 65 Henry

219 2957 182 67 Dubb,
433 2957 74 67 by
541 2956 65 54 G.
642 2957 66 51 R.
744 2955 335 54 Mitchison:
1116 2958 137 51 with
1286 2976 69 33 an
1390 2958 387 52 introduction
1808 2960 72 65 by
1916 2958 94 54 Sir
219 2958 1959 129 Stafford

385 3034 1408 67 Cripps … London, V. Gollanez, ltd., 1934.
284 3108 83 40 528
396 3120 42 36 p.
495 3108 55 40 19c
571 3111 25 20 m
602 3140 6 5 .

287 3164 1866 50 “This book is, in form, the story of the next socialist government …
216 3222 116 38 This
359 3222 119 39 book
502 3222 41 39 is
568 3229 81 31 not
675 3231 24 28 a
729 3222 162 41 novel:
920 3222 81 39 the
1023 3221 129 39 main
1178 3231 204 38 purpose
1409 3223 50 40 of
1484 3223 37 40 it
1550 3223 39 38 is
1618 3227 45 36 to
1691 3223 214 40 describe
1930 3234 23 28 a
1984 3222 212 41 socialis)

216 3278 389 46 policy."—Pref.

219 3330 1979 53 © 1c. Nov. 22. 1934; A ad int. 19633; pubd. Sept. 24: G. H. Mitchison,
286 3391 207 38 London.
552 3390 276 42 (34-41027)

213 3479 143 50 New
386 3479 225 62 Jersey.
689 3480 178 58 Laws,
897 3485 255 61 statutes,
1180 3487 97 48 etc.

284 3554 136 50 New
467 3557 197 65 Jersey
711 3561 209 46 statute
969 3559 221 49 service.
1275 3558 332 52 November.
1659 3563 149 49 1934.
1857 3559 340 51 cumulative

217 3633 306 65 pamphlet.
602 3633 349 67 Containing
991 3635 91 51 the
1124 3635 189 65 public
1355 3642 114 46 acts
1509 3637 62 51 of
1610 3638 93 49 the
1742 3637 208 67 special
1989 3636 205 52 session

220 3712 129 49 1934
380 3717 56 44 to
473 3711 327 65 September
834 3714 79 52 19,
949 3713 149 52 1934.
1132 3713 136 50 with
1303 3716 359 50 annotations
1697 3716 109 50 and
1837 3715 137 50 with
216 3732 1958 105 cumulative

411 3787 1785 71 table and index … Newark, Soney & Sage co.: St. Paul.
211 3865 156 50 West
400 3864 328 67 publishing
754 3883 76 33 co.
865 3899 11 32 [
883 3872 15 19 c
906 3869 148 62 1934]

285 3938 53 36 44
368 3947 39 36 p.
464 3939 53 36 24
521 3939 14 20 cm.
