2350 4196
1081 3993 133 51 1774

193 376 187 55 Starr.
411 376 222 54 Walter
663 378 329 62 Augustus,
1028 381 320 49 1903-1933.

264 453 183 53 Guide
474 459 56 45 to
556 453 92 50 the
675 453 150 50 John
854 453 155 51 Muir
1036 453 134 51 trail
1194 453 110 50 and
1332 452 93 50 the
1454 450 138 68 high
1621 449 189 54 Sierra
1842 451 190 66 region
2122 470 33 46 [by]

194 532 216 51 Walter
443 531 66 50 A.
547 529 181 54 Starr,
759 531 69 64 jr.
908 530 111 54 San
1058 529 315 66 Francisco,
1406 528 118 52 The
1559 527 187 54 Sierra
1782 527 144 66 club,
1961 532 147 46 1934.

268 601 1607 51 xiii, 145, [4] p. front. (port.) fold. map (in pocket) 21 cm .
268 661 153 39 Blank
450 671 142 36 pages
621 661 75 39 for
727 659 369 40 “Memoranda”
1133 660 79 48 ([4]
1244 663 50 36 at
1322 658 114 41 end)

265 712 1914 49 “Here we have the father completing … the work conceived by his
195 773 231 47 sun.”—p.
469 773 102 39 xiii.

195 826 1983 50 © Dec. 14. 1934; lie. Dec. 29: aff. Dec. 24: A 77880: W. A. Starr, San
262 887 268 38 Francisco.
604 888 217 43 (35-478)

190 977 275 63 Sterrett,
498 976 152 54 Cliff.

261 1053 167 53 Polly
470 1054 109 50 and
620 1054 98 50 her
760 1053 121 66 pals
923 1071 71 32 on
1033 1053 93 50 the
1168 1052 178 50 farm;
1392 1051 246 66 adapted
1682 1050 149 52 from
1872 1051 94 51 the
192 1070 1961 128 newspaper
400 1133 172 52 comic
605 1132 144 65 strip
783 1132 72 51 by

888 1128 1287 68 Cliff Sterrett … Akron. O., New York,
188 1209 118 51 The
341 1207 267 53 Saalfield
642 1208 331 67 publishing
1005 1225 292 48 company.
1329 1215 17 19 c
1352 1210 147 47 1934.

282 1284 91 46 [152]
407 1294 39 35 p.
507 1282 161 39 front.,
700 1282 123 38 illus.
887 1282 141 37 14½cm.

191 1335 1985 50 © Aug. 6. 1934; 2c. and aff. Aug. 20: A 73954: King features syndicate,
258 1394 993 46 inc., New York, (CA 34-35 Unrev'd)
188 1484 1987 67 Survey of contemporary economics … [v. 1] New York.
259 1564 59 50 T.
347 1564 208 52 Nelson
585 1564 109 52 and
721 1582 144 32 sons.
898 1566 144 47 1934.

255 1637 93 38 xvi.
384 1638 53 38 846
501 1648 38 35 p.
604 1637 123 38 illus.
760 1638 182 45 (maps)
985 1635 174 47 diagrs.
1221 1635 53 37 22½
1308 1638 43 19 cm
1358 1666 5 5 .

189 1693 195 40 Editor:
467 1725 6 6 [v.
503 1696 39 45 1]
620 1725 6 6 N.
660 1696 41 37 S.
731 1694 146 38 Buck.

188 1747 1984 51 © Nov. 2. 1934; 2c. and ail, Nov. 15: A 77261: Thomas Nelson & sons.
266 1807 277 41 (34-42379)

184 1895 239 64 Thoma,
453 1898 155 51 Kurt
638 1898 320 61 Hermann,
990 1901 167 49 1883-

256 1972 243 52 Ciinical
529 1971 309 69 pathology
867 1971 63 52 of
957 1972 93 51 the
1079 1971 157 67 jaws,
1262 1971 139 51 with
1432 1991 30 32 a
1490 1970 303 69 histologic
1823 1972 111 52 and
182 1971 1966 144 Roentgen
321 2050 168 54 study
524 2048 63 52 of
619 2049 273 66 practical
927 2068 166 46 cases,
1125 2049 74 67 by
1231 2049 156 51 Kurt
1420 2048 76 52 H.

187 2047 1958 145 Thoma … Springfield. Ill., Baltimore, Md., C. C. Thomas [ c 1934]
253 2197 1099 49 xii. 643 p., 1 l. illus., col. plates. 25½ cm .
256 2254 340 47 Bibliography
626 2259 50 35 at
702 2256 89 38 end
821 2255 50 38 of
899 2255 114 38 each
1044 2256 210 45 chapter.

185 2310 1983 50 © Nov. 8. 1934; 2c. Dec. 20: aff. Dec. 24: A 78686: Charles C. Thomas.
262 2370 218 46 (35-422)

179 2460 273 62 Thomas,
489 2459 227 54 Cordia.

251 2533 199 55 Sunny
482 2535 70 52 da
559 2552 78 35 vs.
672 2553 27 32 a
732 2534 145 52 book
910 2534 92 52 for
1035 2535 162 51 small
1230 2535 274 53 children,
1536 2535 74 61 by
1643 2534 210 55 Cordia
1888 2535 275 54 Thomas;

182 2611 319 53 illustrated
536 2612 73 53 by
639 2612 93 51 the
765 2612 220 51 author.
1055 2613 231 53 Boston.
1322 2612 65 52 A.
1422 2614 69 50 A.
1528 2613 383 66 Beauchamp.
1948 2615 149 49 1934.

249 2683 55 39 72
335 2694 40 37 p.
438 2684 123 39 illus.
624 2683 56 40 19½
713 2685 43 21 cm
761 2716 7 7 .

249 2739 282 40 Illustrated
566 2741 96 45 t.-p.
697 2741 91 37 and
824 2740 356 46 lining-papers.

248 2795 171 40 Verses
448 2796 77 38 for
553 2796 230 39 children.

183 2849 1529 51 © Dec 20. 1934; 2c. Dec. 29: aff. Dec. 31: A 78707: C.
1747 2857 221 39 Thomas.
247 2857 1903 92 Washington.
498 2911 219 40 (35-362)

176 2998 335 65 Tompkins,
543 3000 213 63 Frank,
790 3005 168 48 1868-

249 3075 251 61 Chasing
533 3075 184 53 Villa:
754 3076 93 52 the
880 3081 153 62 story
1067 3077 207 53 behind
1308 3078 94 52 the
1433 3084 157 63 story
1621 3079 64 52 of
1714 3077 328 70 Pershing’s
180 3099 1961 118 expedition
460 3154 119 50 into
610 3153 237 52 Mexico,
878 3154 73 65 by
984 3153 117 54 Col.
1135 3156 194 51 Frank
1359 3156 330 68 Tompkins.
1772 3154 392 71 [Harrisburg,

178 3232 114 62 Pa.]
332 3231 117 51 The
483 3230 263 53 Military
778 3231 208 53 service
1022 3231 330 70 publishing
1383 3252 295 50 company,
1714 3237 148 50 1934.

247 3316 76 28 xx.
359 3305 83 38 270
478 3315 39 36 p.
579 3304 160 41 front.,
777 3305 125 38 illus.
934 3305 130 41 (incl.
1100 3316 147 36 maps,
1282 3308 139 46 plan)
1464 3308 170 48 plates,
1668 3309 149 49 ports.
1876 3309 55 39 23½
1964 3309 43 21 cm
2014 3339 6 6 .

249 3362 136 45 Maps
420 3371 57 28 on
511 3360 359 48 lining-papers.

248 3416 404 39 “Commissioned
695 3419 250 45 personnel
988 3418 50 37 of
1079 3419 79 38 the
1198 3419 52 38 U.
1294 3419 43 39 S.
1379 3420 147 47 Army
1567 3421 106 39 who
1713 3422 168 38 served
1923 3419 116 39 with
2083 3421 78 38 the

178 3473 221 38 Punitive
437 3472 331 47 expedition”:
808 3484 41 35 p.
888 3473 214 40 257-270.

177 3525 1985 56 © Dec. 15. 1934; 2c. Dec. 29: aff. Dec. 28: A 78752: Military service
244 3587 103 45 pub.
380 3598 64 27 co.
517 3585 219 45 (35-477)

174 3660 208 56 Verne,
413 3661 269 53 Valcour.

245 3738 118 51 The
402 3738 326 65 pendulum,
768 3757 26 32 a
836 3742 159 49 novel
1040 3738 63 52 of
1138 3742 188 64 today,
1363 3742 75 65 by
1475 3743 250 53 Valcour
1761 3745 202 51 Verne.
2042 3744 111 57 San

175 3815 1708 68 Francisco. New York [etc.] The Mayfair press, 1935.
245 3885 1366 52 iii-xxiii, [1], 453 p. incl. front., illus., plates. 24c m .
