2350 4196
1165 3994 99 48 356

209 373 226 63 Cowen,
464 372 254 53 William
745 372 197 63 Joyce.

334 448 1859 68 … Man with four lives; illustrated by Lynd Ward. New
207 525 176 67 York,
410 526 214 51 Farrar
650 528 45 48 &
719 525 295 66 Rinehart,
1041 526 105 53 inc.
1180 529 190 63 [c1934]

279 599 85 40 277
390 610 41 37 p.
461 599 110 40 incl.
600 600 157 46 plates
785 599 47 47 (1
861 599 198 46 double)
1123 599 145 40 20½cm.

212 652 1980 51 © Mar. 29, 1934; 2c. Mar. 31; aff. Mar. 30; A 71093; W. J. Cowen,
278 712 298 46 Hollywood,
606 712 141 39 Calif.
821 712 249 48 (34-6715)

211 814 137 66 Cox,
378 814 270 64 Dorothy
675 815 273 60 Hannah,
980 819 170 48 1893-

280 892 119 53 The
449 893 254 67 Tripolis
752 892 181 53 hoard
985 893 62 52 of
1097 893 222 52 French
1368 892 307 68 seignorial
1728 892 111 52 and
1891 888 308 54 crusader’s

211 970 169 66 coins,
409 970 78 67 by
513 970 264 68 Dorothy
806 971 75 52 H.
913 971 137 54 Cox.
1115 972 138 51 New
1283 971 179 67 York,
1490 972 120 51 The
1639 970 306 52 American

206 969 1970 131 Numismatic
406 1048 229 67 society,
665 1051 151 50 1933.

283 1120 1922 51 2 p. l., 61 p. front., illus. (incl. map) VIII pl. 17cm. (Half-title:
214 1177 321 41 Numismatic
562 1181 137 38 notes
728 1180 95 38 and
851 1181 335 46 monographs,
1251 1191 86 38 [no.
1357 1180 97 49 59])

284 1234 376 50 “Bibliography
694 1236 96 39 and
825 1236 361 41 abbreviations
1220 1238 117 39 used
1372 1237 50 39 in
1457 1237 130 41 text”:
1652 1248 42 37 p.
1729 1237 156 40 60-61.

215 1290 51 51 ©
296 1296 110 38 Dec.
435 1295 69 40 23.
533 1294 112 40 1933;
706 1295 66 38 2c.
805 1296 94 37 and
926 1294 80 39 aff.
1039 1295 109 39 Feb.
1210 1327 7 15 8,
1247 1294 115 40 1934;
1420 1296 42 37 A
1491 1294 140 40 69531;
1691 1296 158 38 Amer.
1880 1294 321 42 Numismatic

281 1362 91 29 soc.
445 1351 249 47 (34-6842)

215 1453 363 67 Cummings,
609 1455 292 53 Gertrude
930 1454 346 56 McGovern.

281 1531 175 52 From
489 1530 268 54 darkness
790 1537 57 46 to
878 1531 166 68 light,
1074 1531 75 67 by
1180 1530 284 54 Gertrude
1494 1530 328 54 McGovern
1852 1529 348 69 Cummings.

217 1608 385 67 [Providence,
629 1608 240 52 Printed
894 1609 74 67 by
997 1607 168 55 Snow
1190 1611 46 49 &
1261 1608 291 53 Farnham
1579 1626 77 34 co.]
1709 1611 149 49 1934.

283 1682 536 48 4 p. l., 191 p. 18cm.
218 1735 50 51 ©
297 1740 118 39 Mar.
444 1739 68 45 22,
538 1739 139 39 1934;
707 1739 66 39 2c.
801 1740 94 38 and
921 1739 80 39 aff.
1030 1740 119 38 Mar.
1176 1739 81 46 24;
1286 1740 40 37 A
1352 1738 169 41 69976:
1553 1739 50 40 G.
1633 1741 61 37 M.
1723 1738 291 49 Cummings,
286 1739 1902 103 Providence,
475 1796 54 39 R.
558 1797 36 38 I.
667 1796 248 47 (34-6718)

215 1900 201 64 Deuel,
446 1899 155 54 John
632 1900 394 55 Yanderveer.

288 1975 193 56 White
513 1995 237 48 cayuca;
787 1979 96 50 the
912 1978 95 66 log
1037 1978 62 50 of
1133 1996 70 33 an
1236 1979 383 51 adventurous
1654 1996 215 50 voyage
1900 1984 58 46 to
1989 1976 214 54 Devil’s

214 2053 204 67 island,
455 2054 96 53 the
587 2055 185 66 valley
809 2055 63 53 of
908 2055 264 67 creeping
1208 2056 187 65 death,
1432 2056 94 53 the
1560 2057 103 52 isle

1698 2056 63 53 of
1795 2056 202 52 buried
221 2062 1959 137 treasure,
372 2133 96 51 the
503 2133 241 67 Bedbug
780 2133 231 66 islands,
1048 2134 111 51 and
1193 2134 97 51 the
1323 2134 137 52 land
1495 2134 63 52 of
1594 2151 204 50 savage

1833 2133 261 69 majesty,
2128 2134 75 68 by

214 2209 156 54 John
403 2211 362 53 Yanderveer
798 2212 206 65 Deuel;
1042 2212 138 50 with
1214 2212 379 52 illustrations
1626 2212 153 51 from
1812 2212 288 68 drawings
2132 2212 74 67 by

219 2287 259 53 William
512 2288 306 52 Braddock
854 2288 256 68 Studley,
1141 2289 89 67 jr.,
1262 2290 112 52 and
1406 2290 153 52 from
1591 2290 410 68 photographs.

221 2292 1961 126 Boston
357 2366 112 51 and
505 2368 138 51 New
679 2366 179 66 York,
893 2367 315 67 Houghton
1244 2365 202 56 Mifflin
1483 2386 294 49 company,
1815 2370 148 50 1934.

288 2438 1241 50 xii p., 1 l., 280 p. front, (port.) plates. 21cm.
287 2497 1920 49 An account of the adventurous voyage of the yacht Samona II to
217 2552 182 40 Devils
426 2553 172 46 island,
629 2564 63 37 up
720 2555 83 38 the
828 2555 161 46 valley
1016 2554 50 40 of
1094 2555 82 39 the
1204 2555 213 39 Amazon
1447 2556 95 39 and
1571 2556 187 39 around
1789 2555 152 40 South
1972 2553 234 41 America.

224 2604 50 51 ©
312 2610 120 38 Mar.
469 2610 67 46 28,
575 2610 114 39 1934;
751 2611 65 39 2c.
858 2612 94 38 and
989 2611 79 39 aff.
1105 2612 110 46 Apr.
1255 2612 52 46 2;
1346 2613 43 38 A
1424 2611 168 48 70889;
1633 2613 41 39 J.
1714 2614 53 38 V.
1805 2614 165 45 Deuel,
2010 2611 198 42 Balboa.

292 2665 142 40 Calif.
509 2667 249 47 (34-7016)

216 2752 350 67 Dictionary
597 2757 62 50 of
689 2757 306 51 American
1026 2757 336 68 biography,
1395 2759 180 51 under
1607 2759 95 52 the
1736 2760 251 66 auspices
2020 2757 63 52 of
2114 2757 95 52 the

286 2832 305 54 American
645 2836 217 52 council
916 2836 61 52 of
1028 2837 228 50 learned
1309 2837 268 53 societies,
1629 2837 188 52 edited
1867 2838 75 65 by
1991 2838 218 50 Dumas

285 2909 244 54 Malone.
597 2914 242 51 Volume
990 2956 8 8 XIII.
1065 2914 462 67 Mills-Oglesby.
1595 2917 137 50 New
1763 2914 178 66 York,
1975 2914 234 55 Charles

289 2987 311 55 Scribner’s
627 3009 145 39 sons,
801 2994 148 50 1934.

328 3094 7 10 x,
365 3063 85 40 649
476 3074 42 36 p.
578 3064 117 39 26cm.

226 3115 50 51 ©
303 3121 113 46 Apr.
441 3120 68 46 12,
536 3120 139 46 1934;
703 3121 65 39 2c.
798 3123 95 38 and
919 3121 79 40 aff.
1026 3121 110 47 Apr.
1165 3123 80 44 14;
1274 3122 41 38 A
1342 3121 168 47 72047;
1539 3122 158 39 Amer.
1725 3120 185 41 council
1938 3120 52 40 of
2014 3120 194 40 learned

293 3176 234 47 societies,
557 3178 334 47 Washington.

224 3262 265 65 Driscoll,
522 3266 292 54 Gertrude
842 3268 227 64 Porter,
1102 3271 169 50 1898-

293 3340 121 52 The
446 3341 453 68 developmental
930 3349 180 47 status
1145 3343 62 53 of
1239 3344 94 52 the
1367 3344 294 67 preschool
1695 3342 152 53 child
1885 3361 58 33 as
1980 3360 29 33 a

223 3354 1966 115 prognosis
423 3418 64 52 of
535 3418 195 53 future
777 3420 409 69 development,
1234 3421 75 68 by
1360 3420 283 55 Gertrude
1693 3421 204 52 Porter
1947 3418 267 66 Driscoll,

311 3494 1903 72 PH . D . New York city, Teachers college, Columbia university,
226 3573 148 51 1933.

294 3644 1921 52 xiv p., 1 l., 111 p. 23½cm. (Half-title: Child development monographs.
226 3697 295 51 Monograph
550 3713 74 28 no.
653 3703 78 46 13)

296 3755 168 42 Issued
492 3757 102 41 also
622 3769 53 28 as
701 3759 153 40 thesis
892 3758 105 48 (PH.
1057 3759 33 48 D.)
1128 3759 252 41 Columbia
1407 3759 284 47 university.

295 3810 344 50 Bibliography:
697 3824 44 37 p.
771 3814 69 41 85.

228 3865 51 51 ©
308 3871 110 39 Dec.
480 3902 6 8 1.
516 3871 138 40 1933;
684 3873 65 38 2c.
780 3874 95 38 and
905 3873 80 40 aff.
1015 3875 111 38 Dec.
1156 3874 79 40 20;
1268 3875 42 37 A
1339 3872 169 42 67608:
1541 3874 239 39 Teachers
1810 3873 190 46 college.
296 3870 1902 95 Columbia
408 3927 125 39 univ.
607 3927 248 47 (34-7006)
