2350 4196
1035 4011 132 53 1507

188 434 57 40 60
281 444 40 37 p.
382 434 73 38 21cm

184 490 124 40 Text
333 500 59 30 on
419 501 42 37 p.
492 490 54 49 [2]
574 492 52 39 of
653 501 154 30 cover.

214 548 38 38 “A
284 547 207 40 selected
522 548 84 39 list
637 548 51 39 of
718 548 146 39 hooks
894 559 59 28 on
984 557 83 29 sex
1098 545 256 40 education”
1424 545 81 48 ([4]
1537 545 68 47 p.)
1645 544 97 39 laid
1775 545 59 39 in.

121 613 49 51 ©
202 617 101 41 Oct.
331 619 66 45 10,
427 616 114 41 1934;
597 620 66 37 2c.
694 617 101 40 Oct.
824 619 80 38 18:
937 617 82 41 aff.
1049 616 99 40 Oct.
1179 615 57 40 30;
1290 616 40 38 A
1360 616 169 46 76857;
1563 615 139 40 Child
1730 615 148 47 study
1909 627 112 27 assn.
2065 616 51 39 of

186 675 235 38 America.
494 674 278 48 (34-37997)

117 780 275 63 Creusen,
422 780 238 63 Joseph.

184 853 295 69 Religious
506 872 125 34 men
660 857 111 51 and
800 874 214 33 women
1042 855 59 51 in
1125 854 211 52 church
1363 855 128 66 law,
1518 854 73 68 by
1620 854 219 67 Joseph
1866 853 248 55 Creusen

113 930 2002 149 … authorized translation by Edward F. Garesché … 2d English ed., rev. and ed. by Adam C. Ellis … Milwaukee, The
115 1088 184 52 Bruce
323 1087 338 63 publishing
684 1106 280 44 company
1013 1090 161 50 [c1934]

180 1170 76 35 XV,
284 1160 86 40 293
396 1170 42 38 p.
495 1159 115 43 23cm.

183 1216 373 49 Bibliography:
583 1228 42 38 p.
691 1229 123 29 [ix]-x.

118 1286 49 51 ©
200 1291 116 46 Aug.
344 1293 68 38 22,
442 1291 140 41 1934:
614 1294 64 36 2c.
714 1293 126 45 Sept.
871 1293 52 38 17
944 1303 6 29 :
981 1292 81 39 aff.
1097 1293 124 45 Sept.
1254 1292 80 39 15;
1368 1292 38 37 A
1436 1291 169 46 74934;
1640 1292 156 38 Bruce
1827 1292 107 46 pub.
1993 1300 39 30 co.

194 1347 279 48 (34-37648)

115 1452 319 64 Cushman,
468 1454 275 54 Rebecca.

183 1527 199 71 Swing
417 1549 144 45 your
598 1532 295 51 mountain
932 1532 112 67 gal,
1083 1532 251 51 sketches
1372 1531 63 51 of
1471 1531 105 52 life
1614 1533 57 52 in
1711 1532 94 51 the
1844 1533 265 50 southern

111 1608 324 68 highlands,
485 1609 74 56 by
608 1609 248 53 Rebecca
906 1608 287 55 Cushman;
1277 1608 138 53 with
1467 1608 379 54 illustrations
1897 1610 72 66 by
2019 1610 93 51 the

111 1687 218 53 author.
407 1689 217 51 Boston
665 1689 109 51 and
818 1689 136 52 New
997 1688 176 60 York,
1214 1688 320 67 Houghton
1571 1687 202 53 Mifflin
1816 1705 296 50 company,

111 1765 149 53 1934.

183 1838 83 48 xii,
295 1839 98 47 150,
425 1840 54 47 [1]
510 1850 41 36 p.
606 1840 163 47 front.,
797 1840 170 47 plates.
1024 1838 145 41 21½cm.

183 1895 262 41 Narrative
474 1905 177 39 poems.

118 1963 51 51 ©
195 1967 100 41 Oct.
324 1968 66 42 11,
417 1967 140 41 1934:
587 1968 64 40 2c.
679 1970 93 37 und
801 1981 81 28 aff.
911 1968 100 40 Oct.
1041 1967 80 47 19;
1149 1969 38 37 A
1215 1968 142 39 77100;
1415 1968 53 38 R.
1498 1968 260 46 Cushman,
1788 1967 182 47 Chapel
1996 1968 117 38 Hill.

184 2026 54 40 N.
269 2025 46 39 C.
388 2025 279 47 (34-37818)

114 2129 193 52 Dante
335 2129 242 63 society,
608 2130 362 66 Cambridge,
997 2130 169 52 Mass.

185 2207 394 67 Forty-ninth,
627 2205 216 54 fiftieth
890 2209 111 50 and
1050 2205 285 68 fifty-first
1383 2211 211 49 annual
1641 2211 222 63 reports
1911 2208 61 51 of
2019 2208 95 50 the

114 2285 187 53 Dante
333 2285 211 67 society
588 2284 392 69 (Cambridge,
1011 2287 199 65 Mass.)
1292 2289 148 49 1934.
1510 2286 476 66 Accompanying
115 2304 1975 125 papers
262 2383 8 32 :
328 2363 407 54 Observations
790 2382 70 33 on
914 2365 234 52 Dante’s
1202 2364 202 66 lyrical
1454 2383 211 48 poems,
1718 2364 73 66 by
1845 2364 267 52 Kenneth

114 2441 327 52 McKenzie.
530 2442 56 51 A
638 2444 315 65 phototype
1006 2443 62 52 of
1120 2444 91 51 the
1268 2443 298 65 Convivio,
1617 2443 74 66 by
1747 2443 235 55 Charles
2035 2444 76 51 H.

115 2519 352 69 Grandgent.
557 2521 182 51 Three
791 2521 381 53 coincidences
1223 2524 57 50 in
1332 2522 94 51 the
1477 2522 211 52 Divine
1739 2523 251 65 comedy,
2039 2522 75 66 by

113 2597 268 69 Rudolph
437 2600 311 50 Altrocchi.
838 2599 361 68 Cambridge,
1249 2601 275 51 Harvard
1574 2600 317 55 university
1941 2617 174 50 press,

116 2681 148 49 1934.

185 2752 81 46 xii,
297 2752 54 39 35
380 2763 41 36 p.
480 2753 144 38 23½cm.

118 2818 50 52 ©
191 2824 115 37 Nov.
334 2824 67 39 20.
428 2823 112 38 1934
561 2833 6 29 :
596 2825 66 37 2c.
687 2823 117 40 Nov.
830 2822 55 39 30
904 2834 7 28 :
941 2822 79 39 aff.
1048 2823 115 38 Nov.
1189 2825 55 36 20;
1300 2824 38 37 A
1365 2823 142 40 77381
1527 2834 7 29 :
1565 2824 159 37 Dante
1751 2833 90 29 soc.

116 2924 183 66 Dodd,
329 2928 241 51 Monroe
602 2925 226 64 Elmon,
864 2929 168 49 1878-

184 3000 1932 70 Christ’s memorial [by] Monroe E. Dodd … Nashville, Tenn.,
116 3078 118 53 The
266 3078 157 55 Sund
434 3098 69 35 ay
537 3080 189 52 school
757 3079 178 53 board
965 3078 64 54 of
1059 3080 96 52 the
1188 3078 286 55 Southern
1512 3079 232 62 Baptist
1776 3078 337 53 convention

120 3159 189 65 [1934]

187 3241 42 32 X,
256 3230 172 40 11-102
453 3241 42 36 p.
550 3230 146 47 19½cm.

122 3285 50 50 ©
212 3291 110 45 May
359 3292 38 39 2,
438 3291 139 38 1934:
618 3292 65 36 2c.
725 3289 127 47 Sept.
892 3291 80 38 14:
1015 3289 79 39 aff.
1138 3290 126 46 Sept.
1303 3290 81 40 12:
1427 3291 43 41 A
1502 3290 169 45 75315;
1718 3289 196 47 Sunday
1951 3290 163 38 school

187 3347 146 38 board
363 3348 51 37 of
443 3348 79 39 the
554 3347 240 38 Southern
826 3347 193 45 Baptist
1049 3347 298 38 convention.
1420 3346 247 48 (34-37651)

119 3449 262 63 Duffield,
413 3451 188 54 Anne.

188 3528 949 67 Silver peaks. [Instalments 1, 2]
224 3602 50 37 (In
303 3598 251 43 Woman’s
584 3598 203 51 weekly,
816 3599 125 42 Nov.
972 3600 71 49 10,
1071 3600 70 48 17,
1171 3600 142 48 1934)

124 3653 49 50 ©
210 3659 64 40 1c.
309 3660 117 38 each
462 3660 110 38 Dec.
610 3658 37 42 8.
685 3657 140 40 1934:
863 3659 41 38 A
939 3660 61 37 ad
1035 3658 86 40 int.
1156 3658 169 40 19758:
1364 3659 141 46 pubd.
1543 3659 116 38 Nov.
1697 3657 39 39 6.
1775 3657 80 39 13:
1895 3656 219 45 Dorothy

190 3716 129 37 Duer
349 3716 219 40 Duffield,
601 3716 290 39 Aldbourne.
922 3715 157 40 Wilts,
1112 3716 232 44 England.

121 3817 115 52 The
264 3818 385 64 Fortnightly.
742 3838 87 32 no.
857 3823 116 54 816,
998 3838 53 33 n.
1078 3838 59 38 s.,
1163 3821 151 64 Dec.,
1342 3822 149 51 1934.

126 3887 48 50 ©
232 3904 36 29 1c.
297 3893 111 39 Dec.
437 3893 67 42 13,
535 3892 139 40 1934:
707 3894 38 37 A
776 3894 59 37 ad
866 3893 83 38 int.
981 3890 168 48 19729;
1181 3893 141 47 pubd.
1354 3893 109 38 Dec.
1496 3894 18 36 1;
1583 3890 311 47 Fortnightly
1926 3887 189 47 review,

191 3949 83 40 ltd.,
316 3951 210 37 London.
