2350 4196
1163 4013 134 50 1340

243 382 260 62 Charles,
535 384 256 54 Thomas
823 386 171 63 Burr,
1030 390 168 48 1890-

324 457 1909 72 Commercial poultry farming, by T. Burr Charles … and
251 535 1958 147 Homer O. Stuart … Danville, Ill., Interstate printing company [c1934]
320 686 1912 49 1 p. l., xvi, 436 p. incl. illus., plans. tables, diagrs., forms. 2 mounted
251 743 173 40 double
450 745 85 39 col.
564 755 61 37 pl.
683 744 144 41 23½cm.

322 800 72 41 On
424 811 140 29 cover
582 812 8 27 :
623 802 174 39 Edited
828 801 60 47 by
917 802 49 39 L.
1000 803 49 38 L.
1086 802 246 40 Scranton.

254 871 51 51 ©
337 875 126 47 Sept.
493 874 67 43 12,
589 874 139 42 1934:
759 875 65 40 2c.
854 877 93 38 and
977 875 81 40 aff.
1090 875 123 46 Sept.
1243 873 56 39 24;
1358 873 40 38 A
1429 872 138 40 76053
1587 883 7 30 :
1628 873 267 39 Interstate
1925 873 215 47 printing
2169 884 65 28 co.

332 932 276 47 (34-33661)

246 1047 199 67 Clapp,
475 1050 179 64 Clyde
686 1048 192 67 Alvin,
911 1053 169 49 1880-

320 1122 1818 73 Cataract; its etiology and treatment, by Clyde A. Clapp …
249 1201 323 55 illustrated
604 1203 140 52 with
775 1206 65 49 92
871 1204 358 68 engravings.
1298 1200 425 69 Philadelphia.
1755 1201 115 52 Lea
1903 1201 44 50 &
1979 1200 260 70 Febiger,

251 1283 149 51 1934.

319 1353 64 48 xi,
413 1353 87 40 254
527 1364 44 37 p.
631 1353 141 49 illus.,
805 1354 176 48 diagrs.
1040 1353 116 40 24cm.

321 1410 347 48 Bibliography
696 1413 51 38 at
773 1412 91 39 end
891 1410 51 41 of
965 1412 117 39 each
1111 1410 197 47 chapter
1335 1411 169 45 except
1530 1408 81 41 the
1637 1407 120 42 first.

257 1478 50 52 ©
337 1482 100 41 Oct.
463 1484 40 45 4,
531 1482 113 41 1934;
700 1482 65 41 2c.
795 1483 100 41 Oct.
924 1483 23 39 6
967 1494 7 28 :
1005 1482 81 40 aff.
1114 1482 100 40 Oct.
1243 1481 24 39 5;
1323 1482 42 37 A
1390 1481 141 39 76353;
1589 1481 96 39 Lea
1715 1481 35 39 &
1778 1480 214 48 Febiger.

333 1539 277 49 (34-33823)

254 1655 122 53 The
414 1656 200 54 Credit
653 1657 230 51 manual
923 1656 62 52 of
1024 1654 353 56 commercial
1414 1656 137 51 laws
1590 1655 95 51 for
1725 1658 148 49 1935.
1950 1653 288 54 Editorial

323 1733 1915 67 board : Henry H. Heimann … W. Randolph Montgomery …
325 1811 1888 144 [and] Richard G. Tobin … New York, National association of credit men [c1934]
323 1963 99 45 viii,
453 1961 83 41 503
563 1973 42 36 p.
663 1961 113 39 22cm.

325 2019 67 40 On
423 2029 166 29 cover:
617 2018 113 40 27th
755 2017 197 48 edition,
983 2018 125 40 1935.

258 2072 51 51 ©
340 2077 115 38 Nov.
487 2076 39 45 1,
559 2074 112 41 1934;
730 2074 66 42 2c.
827 2076 116 39 Nov.
976 2078 24 34 2;
1061 2075 81 41 aff.
1174 2076 116 39 Nov.
1323 2075 24 40 9;
1408 2076 40 38 A
1479 2077 143 38 77174
1639 2087 8 29 :
1682 2076 130 39 Natl.
1845 2085 113 30 assn.
2003 2076 51 38 of
2087 2074 155 41 credit

324 2143 121 30 men.

251 2248 295 66 Crockett,
576 2248 208 66 David,
818 2250 322 55 1786-1836.

324 2327 169 55 Daw
538 2327 268 55 Crockett
850 2326 112 53 and
1005 2327 88 52 his
1140 2328 334 52 adventures
1518 2328 61 51 in
1623 2329 200 60 Texas,
1866 2326 122 53 told
2033 2326 205 54 mostly

254 2404 74 68 by
353 2404 261 67 himself;
645 2405 139 52 with
812 2423 71 35 an
909 2405 386 52 introduction
1323 2405 112 52 and
1461 2406 378 52 illustrations
1867 2405 74 66 by
1968 2405 154 53 John
2151 2404 87 52 W.

254 2482 340 67 Thomason,
633 2482 70 67 jr.
778 2482 140 52 New
958 2482 178 66 York,
1176 2482 251 69 Chicago
1490 2489 120 60 [etc.]
1656 2482 63 56 C.
1762 2481 312 56 Scribner’s
2113 2500 127 35 sons

278 2563 173 64 [c1934]

326 2631 1232 50 vi p., 2 l., 149, [1] p. col. front. illus. 21½cm.
260 2686 50 51 ©
347 2690 100 40 Oct.
481 2690 38 46 8,
553 2689 113 40 1934;
729 2689 66 40 2c.
832 2689 98 40 Oct.
967 2690 56 38 16;
1085 2689 78 40 aff.
1201 2689 98 41 Oct.
1336 2691 54 38 12;
1454 2692 40 38 A
1529 2691 142 40 75785;
1738 2690 200 41 Charles
1976 2689 263 44 Scribner’s

327 2757 125 29 sons.
515 2746 279 49 [Copyright
827 2747 40 39 is
904 2746 202 40 claimed
1142 2758 58 28 on
1234 2746 344 50 introduction]
1651 2748 279 47 (34-33658)

253 2862 195 64 Curts,
480 2864 143 53 Paul
652 2864 278 66 Holroyd,
962 2869 169 49 1884-

325 2940 53 51 A
412 2941 161 52 short
604 2940 249 55 German
885 2959 287 50 grammar
1208 2942 93 52 for
1334 2942 316 69 beginners,
1685 2943 75 67 by
1794 2943 148 50 Paul
1976 2940 264 68 Holroyd

256 3017 1488 70 Curts … New York, Prentice-Hall, inc., 1934.
325 3088 84 49 xii,
436 3089 84 41 275
550 3090 51 47 (i.
630 3101 35 30 e.
693 3090 108 49 319)
837 3102 43 37 p.
907 3092 108 39 incl.
1043 3091 161 48 front.,
1231 3093 125 40 illus.
1417 3094 114 40 21cm.

327 3147 223 41 Includes
581 3150 140 38 extra
751 3148 259 40 numbered
1041 3158 144 40 pages
1215 3152 51 37 at
1294 3151 87 38 end
1416 3150 50 40 of
1495 3152 118 38 each
1644 3152 200 46 chapter
1872 3150 79 40 for
1983 3150 257 40 “Personal

254 3214 223 38 progress
509 3206 211 40 record”.

324 3261 140 49 Maps
497 3273 59 29 on
586 3262 358 49 lining-papers.

328 3317 177 41 “Third
534 3319 230 48 printing.
797 3318 126 48 May,
956 3319 125 40 1934.”

259 3371 51 51 ©
345 3376 126 47 Sept.
533 3407 8 16 8,
572 3377 138 39 1934:
745 3375 64 41 2c.
844 3377 93 38 and
969 3377 81 39 aff.
1084 3377 98 40 Oct.
1215 3378 51 39 8:
1302 3380 39 37 A
1374 3379 166 40 76397:
1575 3380 373 45 Prentice-Hall,
1982 3380 89 39 inc.

328 3432 278 48 [Copyright
631 3433 42 39 is
701 3433 202 39 claimed
933 3444 57 27 on
1020 3444 104 28 new
1152 3436 190 47 matter]
1416 3436 278 47 (34-33651)

248 3546 202 68 Davis,
482 3549 241 55 Delbert
755 3550 260 65 Dwight,
1051 3555 167 51 1908-

322 3624 120 53 The
467 3626 245 53 collared
738 3626 199 68 lizard,
965 3647 31 33 a
1024 3629 328 70 laboratory
1377 3630 189 69 guide,
1591 3630 76 69 by
1694 3630 72 54 D.
1794 3626 243 71 Dwight
2062 3624 181 55 Davis

391 3701 1367 74 … New York, The Macmillan company, 1934.
323 3773 1584 55 viii p., 1 l., 57 p. 19½cm. [Zoölogical laboratory manuals]
323 3827 345 52 Bibliography
698 3832 223 40 included
952 3834 48 38 in
1035 3834 80 40 the
1146 3835 209 47 preface.

255 3883 52 49 ©
339 3887 124 47 Sept.
493 3889 39 45 4,
564 3889 138 41 1934:
733 3889 66 43 2c.
831 3892 92 38 and
955 3891 79 39 aff.
1069 3892 123 48 Sept.
1225 3894 50 46 5;
1313 3896 33 37 A
1385 3894 167 45 74755;
1587 3894 281 39 Macmillan
1899 3904 64 28 co.

333 3943 276 51 (34-33826)
