2350 4196
0 0 0 0 655
239 445 1169 50 At head of title: Cav. Alessandro Solitano …
238 507 616 53 “Bibliograf í a” : p. 138.
171 580 51 51 ©
253 583 81 40 July
398 582 66 46 15,
496 581 139 44 1933;
666 581 66 38 2c.
761 580 95 39 and
886 576 79 41 aff.
999 577 120 38 Mar.
1150 575 68 46 24,
1249 573 140 46 1934;
1422 572 40 40 A
1492 572 171 45 71686;
1696 572 54 39 A.
1784 571 232 48 Solitano,
2047 571 118 40 New

238 640 142 41 York.
452 636 279 48 (34-13706)

164 742 281 65 Stephan,
477 741 203 55 Raoul.

331 823 1731 73 … Le fils de ma chair, roman … Paris, A. Michel [1934]
244 902 766 54 4 p. l., [11]-253 p., 1 l. 19cm.
175 976 51 51 ©
255 980 119 39 Mar.
406 978 38 46 2,
473 977 113 40 1934;
645 977 64 39 1c.
740 976 112 47 Apr.
882 974 24 40 6;
965 971 308 48 A-Foreign
1302 970 144 40 24388;
1505 969 143 41 Albin
1678 969 190 41 Michel.

253 1034 278 50 (34-14716)

168 1138 427 59 Stockhausen,
628 1137 235 55 Juliana
892 1152 131 48 von,
1059 1137 165 50 1899-

350 1223 1817 72 … Eine stunde vor tag, roman. Leipzig, L. Staackmann,
177 1312 147 53 1933.

249 1380 97 49 351,
381 1382 54 49 [1]
469 1391 42 38 p.
572 1380 115 40 20cm.

179 1445 1995 56 © Nov. 14, 1933; 1c. Mar. 5, 1934; A-Foreign 23871; L. Staackmann
249 1511 179 47 verlag,
459 1520 41 38 g.
530 1520 59 29 m.
619 1509 40 39 b.
691 1510 45 37 h.
809 1505 281 50 (34-14726)

174 1613 274 66 Thomas,
481 1613 199 54 Edith.

341 1699 1499 70 … La mort de Marie … [Paris] Gallimard [ 1934]
252 1774 770 52 4 p. l., [11]-190 p., 1 l. 19cm.
185 1845 51 51 ©
273 1848 109 41 Feb.
421 1848 38 42 5.
496 1847 140 42 1934;
732 1878 7 7 1c.
781 1847 119 40 Mar.
937 1847 81 44 23;
1058 1846 101 38 A-
1161 1845 210 48 Foreign,
1404 1845 170 47 24154;
1616 1843 240 43 Librairie
1895 1843 283 43 Gallimard.

261 1904 278 49 (34-14717)

178 2006 244 67 Turner,
452 2006 216 55 Claude
698 2006 169 54 Allen
897 2007 227 64 Porter,
1157 2009 166 51 1869-

254 2096 325 70 Elasticity,
609 2101 280 49 structure
920 2097 113 52 and
1064 2096 259 68 strength
1354 2095 66 54 of
1447 2096 292 54 materials
1771 2097 135 52 used
1937 2096 59 52 in
186 2094 1974 151 engineering
444 2175 384 52 construction;
889 2175 308 67 developed
1225 2174 74 69 by
1325 2174 95 53 the
1448 2180 291 64 geometry
1768 2174 64 54 of
1860 2173 180 54 strain
2070 2173 113 53 and

187 2253 92 53 the
314 2271 208 51 energy
561 2251 261 54 function
860 2253 133 53 thru
1030 2251 492 70 thermodynamic
1559 2253 114 53 and
1710 2253 271 53 chemical
188 2269 1970 115 equations
363 2332 59 51 in
452 2332 131 52 such
616 2331 131 53 wise
776 2331 127 53 that
932 2332 258 68 strength
1220 2349 133 50 may
1382 2330 65 54 be
1478 2329 221 71 figured
1730 2330 155 53 from
1914 2330 270 55 chemical

185 2406 2002 153 composition of rolled metals and the modification of this resistance by mechanical work. pt. 1. By Dr. C. A. P. Turner
323 2565 817 70 … Minneapolis, Minn., 1934.
261 2638 1737 54 1 p. l ., [1], 416 p. illus., plates (1 fold., part col.) diagrs. 24cm.
194 2695 51 51 ©
275 2699 110 48 Apr.
414 2698 68 45 27,
511 2698 115 40 1934;
681 2698 65 39 2c.
777 2699 94 38 and
901 2697 81 40 aff.
1011 2698 112 47 Apr.
1152 2698 54 39 27;
1265 2698 39 38 A
1331 2697 144 41 72206;
1534 2698 47 41 C.
1613 2699 53 38 A.
1697 2699 47 38 P.
1775 2699 201 46 Turner,
264 2696 1908 108 Minneapolis.
507 2754 278 47 (34-11094)

190 2860 166 65 Ulke,
384 2858 189 65 Titus,
607 2862 169 50 1866-

260 2945 1830 77 A flora of Yoho park, British Columbia, by Titus Ulke …
197 3027 416 69 [Washington,
638 3028 71 50 D.
739 3026 79 68 C.]
850 3028 119 53 The
998 3028 259 54 Catholic
1281 3027 317 70 university
1624 3028 63 54 of
1712 3029 282 67 America,
2017 3033 173 50 c1934.

265 3101 68 48 89,
384 3101 53 53 [1]
488 3112 43 37 p.
592 3102 169 46 plates,
810 3111 150 38 maps.
1021 3101 115 41 23cm.
1207 3101 363 46 (Contribution
1623 3103 125 39 from
1796 3104 81 40 the
1927 3101 264 50 Biological

193 3160 282 47 laboratory
504 3158 51 39 of
584 3159 81 39 the
694 3157 222 42 Catholic
945 3158 269 49 university
1243 3160 52 40 of
1323 3159 221 41 America.
1621 3170 73 31 no.
1724 3161 81 47 14)

266 3216 171 41 Thesis
465 3216 108 47 (PH.
636 3212 328 49 D.)—Catholic
995 3213 271 51 university
1297 3218 54 39 of
1378 3216 238 42 America.

268 3272 343 50 Biographical
644 3272 158 40 items.

267 3330 376 49 Bibliography:
679 3340 43 38 p.
760 3328 156 42 85-86.

202 3384 51 51 ©
284 3388 111 49 Apr.
423 3389 69 46 30,
522 3388 114 39 1934;
691 3388 67 40 2c.
788 3387 94 40 and
912 3386 81 41 aff.
1024 3389 112 46 May
1164 3389 51 39 17;
1274 3388 41 39 A
1344 3387 142 42 71663;
1546 3388 221 41 Catholic
1797 3389 128 40 univ.
1955 3390 51 39 of
273 3388 1905 98 America.
436 3444 280 49 (34-13726)

197 3547 296 65 Waggerl,
523 3548 144 51 Karl
693 3545 303 66 Heinrich,
1029 3547 168 53 1897-

376 3635 1819 77 … Das jahr des Herrn, roman. Leipzig. Im Insel- verlag,
205 3718 149 49 1933.

279 3785 464 53 326, [2] p. 19 ½ cm.
283 3842 62 42 At
370 3844 123 39 head
519 3844 51 39 of
598 3844 133 41 title:
759 3846 58 40 K.
845 3845 59 42 H.
933 3846 238 49 Waggerl.

210 3893 1821 61 © Nov. 3, 1933; 1c. Jan. 9, 1934; A-Foreign 23293; Insel-verlag.
292 3958 279 50 (34-14718)
