2350 4196
1119 4002 131 50 1095

162 356 274 54 Uniform
468 358 153 67 laws,
655 357 305 52 annotated.
1052 374 50 33 v.
1135 358 45 62 9,
1212 356 79 50 10.
1371 351 393 68 Supplement,
1797 355 148 48 1933.
228 352 1906 137 Contains
433 435 320 53 additional
808 433 300 69 adoptions
1162 432 110 52 and
1327 431 389 52 amendments
1767 430 60 52 in
1879 431 95 52 the
2024 449 136 48 year

233 517 150 64 1933,
428 515 111 51 and
583 516 76 50 all
700 533 122 33 new
866 512 274 53 decisions
1181 515 58 47 to
1281 511 151 53 June
1478 513 45 62 1,
1569 512 149 49 1933.
1803 509 358 67 [Northport,

229 591 1375 68 N. Y.] Edward Thompson company [ c 1934]
261 665 230 30 2 v. 23cm
238 733 1926 51 Those pamphlest are to he fitted into the pockets at the back of the
167 796 214 39 volumes
411 795 51 38 of
489 795 82 38 the
596 797 72 36 set
698 796 46 37 to
773 793 157 40 which
959 793 113 45 they
1100 791 183 46 belong.

171 861 50 51 ©
254 865 108 38 Feb.
394 865 67 39 13.
495 865 113 38 1934;
669 865 64 38 2c.
766 864 117 39 each
917 863 126 47 Sept.
1075 862 56 38 14;
1189 859 105 41 affs.
1332 860 127 47 Sept.
1492 861 81 45 13;
1609 860 38 37 A
1680 859 157 40 75284.
1872 859 169 46 75285;
239 859 1907 102 Edward
404 922 275 46 Thompson
709 932 64 28 co.

166 1022 236 67 Valéry,
436 1025 162 64 Paul,
635 1024 170 53 1871-

304 1111 1348 69 … Autres rhumbs. [Paris] Gallimard, 1934.
243 1184 716 51 3 p. l., 11-265, [1] p. 19c m .
174 1257 1996 53 © Apr. 15. 1934; 1c. Aug. 14; A-Foreign 25396; Librairie Gallimard.
252 1318 279 48 (34-28944)

168 1422 313 66 Vaughan,
516 1424 248 53 Warren
799 1422 231 64 Taylor,
1069 1424 170 50 1893-

244 1515 243 67 Aliergy
512 1514 114 53 and
653 1514 233 68 applied
913 1512 391 69 immunology;
1364 1533 30 33 a
1420 1512 306 53 handbook
1752 1513 93 51 for
1874 1513 299 68 physician

175 1593 112 51 and
315 1594 240 65 patient,
585 1611 71 34 on
687 1592 239 67 asthma,
956 1592 112 67 hay
1099 1591 174 66 fever,
1303 1591 295 67 urticaria,
1627 1609 235 50 eczema,
1892 1592 281 68 migraine

176 1671 112 52 and
313 1671 247 51 kindred
586 1669 461 54 manifestations
1073 1669 62 53 of
1165 1670 235 68 allergy,
1427 1670 71 69 by
1526 1671 243 52 Warren
1796 1672 65 50 T.
1890 1671 281 66 Vaughan

236 1748 1735 69 … 2d ed. St. Louis, The C. V. Mosby company, 1934.
244 1821 844 50 3 p. l., 5-420 p. front. 23½ cm .
248 1880 348 47 Bibliography:
654 1891 43 37 p.
726 1878 216 42 399-413.

180 1948 50 51 ©
259 1952 120 47 Aug.
409 1953 36 46 7,
474 1951 114 40 1934;
645 1952 65 40 2c.
740 1952 117 46 Aug.
887 1950 28 40 9;
970 1950 80 41 aff.
1080 1951 117 47 Aug.
1227 1952 53 39 13;
1338 1952 41 38 A
1409 1952 142 40 73865;
1611 1953 46 39 C.
1689 1954 52 40 V.
1774 1954 135 39 Mosby
1972 1965 65 29 co.

262 2008 279 48 (34-25206)

174 2109 479 66 Walker-Smith,
687 2112 213 64 Derek,
937 2114 170 49 1910-

249 2203 155 52 Lord
432 2202 267 68 Reading
804 2203 37 51 and
869 2202 89 53 his
990 2221 149 34 cases:
1197 2204 94 52 the
1321 2204 174 67 study
1525 2204 62 53 of
1618 2225 29 33 a
1677 2211 163 62 great
1870 2224 204 48 career,
2107 2207 69 66 by

180 2281 190 53 Derek
407 2280 473 55 Walker-Smith.
956 2281 138 52 New
1134 2282 176 66 York,
1350 2282 122 53 The
1510 2282 335 53 Macmillan
1883 2302 297 51 company,

178 2362 150 50 1934.

251 2432 71 39 xii
349 2443 58 37 p.,
437 2432 24 38 1
525 2464 8 11 l.,
560 2431 87 39 400
675 2443 41 36 p.
748 2433 109 39 incl.
884 2432 148 40 front.
1094 2430 56 40 24
1153 2433 43 22 cm
1200 2464 7 8 .

184 2497 51 52 ©
261 2502 118 47 Aug.
408 2503 68 45 14,
502 2502 139 45 1934;
670 2502 66 39 2c.
765 2503 93 38 and
887 2501 81 40 aff.
996 2503 119 45 Aug.
1144 2503 78 47 15;
1253 2505 40 37 A
1319 2504 170 42 73873;
1521 2507 282 38 Macmillan
1830 2519 65 28 co.

265 2558 279 48 (34-23642)

185 2659 215 65 Walsh,
434 2661 263 65 Christy,
732 2667 169 49 1891-
1066 2665 82 51 ed.

255 2752 461 68 Intercollegiate
751 2752 273 69 football;
1061 2774 31 34 a
1127 2758 274 66 complete
1435 2759 265 66 pictorial
1735 2760 112 51 and
1880 2760 300 52 statistical

188 2830 202 53 review
444 2830 153 53 from
653 2833 131 50 1869
835 2839 58 46 to
949 2835 150 50 1934.
1187 2834 236 69 Christy
1474 2837 219 67 Walsh,
1745 2838 202 66 editor,
1998 2838 187 54 Glenn

188 2908 258 66 Whittle,
512 2926 313 51 managing
890 2910 185 53 editor;
1172 2914 392 69 contributing
1630 2916 230 65 editors,
1930 2917 249 52 Howard

187 2986 1994 77 Jones … Gilmour Dobie … Glenn S. Warner … [and others]
192 3064 135 52 New
387 3063 174 65 York,
616 3064 69 52 N.
742 3065 88 67 Y.,
887 3065 84 55 St.
1028 3068 163 67 Paul,
1245 3069 202 68 Minn.,
1502 3073 142 51 Pub.
1704 3074 68 67 by
1829 3074 357 69 Doubleday,

196 3142 187 52 Doran
414 3145 45 49 &
485 3159 297 50 company,
807 3145 107 51 inc.
945 3144 94 53 for
1068 3146 459 71 Intercollegiate
1557 3151 262 66 football,
1849 3154 103 51 inc.
1991 3187 10 33 [
2008 3160 17 20 c
2032 3158 133 48 1934
2171 3187 11 33 ]

259 3214 1051 50 480 p. illus. (incl. ports.) 32 × 24½cm.
290 3272 259 48 "Drawings
580 3272 60 47 by
668 3272 181 42 Homer
878 3275 51 39 A.
959 3276 193 40 Peace.”

262 3329 161 41 “First
451 3329 228 41 edition.”

194 3396 51 52 ©
275 3401 118 47 Aug.
425 3402 38 45 1,
495 3400 114 41 1934;
668 3403 64 38 2c.
767 3404 91 38 and
892 3403 80 40 aff.
1005 3404 116 48 Aug.
1157 3407 79 44 16;
1270 3408 41 38 A
1341 3409 169 42 74553;
1548 3412 391 48 intercollegiate
1969 3414 98 40 fool
2078 3415 111 41 ball,

262 3458 103 45 inc.,
401 3458 66 40 St.
499 3459 133 38 Paul.
709 3458 280 49 (34-25741)

188 3559 193 66 Wells,
413 3560 256 54 William
702 3562 216 55 Morris.

257 3650 57 52 A
348 3655 117 47 story
539 3651 64 52 of
636 3652 95 52 the
765 3653 187 69 magic
987 3656 186 67 West;
1211 3659 94 54 the
1342 3660 291 69 life-story
1666 3662 65 53 of
1765 3682 28 33 a
1830 3681 130 35 man
1999 3666 64 51 of
2097 3667 95 53 the

188 3727 307 54 American
527 3730 217 68 people,
776 3730 75 69 by
884 3733 257 54 William
1172 3736 78 51 M.
1281 3737 193 53 Wells.
1574 3740 111 53 [Los
1717 3741 264 68 Angeles,
2012 3750 19 21 c
2036 3746 152 65 1934]

261 3801 1227 55 3 p. l. , 13-234 p. plates, ports., map. 20½cm.
200 3864 52 52 ©
281 3869 119 49 Aug.
428 3871 69 48 15,
528 3871 114 42 1934;
700 3873 66 42 2c.
797 3875 119 48 Aug.
945 3876 53 40 21;
1059 3878 81 41 aff.
1171 3881 116 48 Aug.
1320 3881 55 40 20;
1436 3884 40 37 A
1507 3883 140 40 73949;
1710 3887 69 39 W.
1813 3888 62 39 M.
1907 3888 163 47 Wells,
2102 3890 92 40 Los

268 3926 217 49 Angeles.
562 3929 280 47 (34-25355)
