2350 4196
1189 3990 67 49 34

227 374 193 64 Bevis,
446 374 193 52 Leura
665 373 288 63 Dorothy.

297 448 188 55 Silver
517 448 280 69 farthing,
830 448 73 69 by
937 449 183 50 Leura
1156 446 262 68 Dorothy
1454 443 185 54 Bevis.
1717 442 137 69 [San
1888 443 322 65 Francisco]

227 526 239 53 Printed
495 526 92 53 for
615 525 67 53 E.
708 526 249 52 Dawson
986 524 63 53 of
1075 525 109 52 Los
1212 524 246 67 Angeles
1487 523 73 68 by
1588 523 96 52 the
1710 520 304 56 Grabhorn
2043 538 171 52 press,

229 605 150 55 1933.

293 675 650 49 4 p. l., 71 p., 1 l. 19½ cm .
298 732 235 41 “Limited
565 736 48 36 to
642 731 85 40 325
757 731 165 48 signed
953 731 157 47 copies
1141 730 50 39 of
1221 729 156 39 which
1408 728 98 40 this
1537 729 40 39 is
1608 727 201 41 number
1839 725 125 41 127.”

298 788 182 41 Poems.

234 856 50 51 ©
320 860 101 40 Oct.
453 860 69 46 23,
556 859 140 47 1933;
732 860 67 39 2c.
834 860 106 38 Jan.
976 859 68 39 11.
1078 856 139 47 1934;
1255 857 81 40 aff.
1372 857 107 39 Jan.
1515 857 51 39 9:
1603 856 42 39 A
1678 856 168 46 68832;
1884 856 50 38 L.
1968 857 56 37 D.
2061 853 156 49 Bevis,

301 917 225 45 Arcadia,
557 916 144 41 Calif.
771 915 249 49 (34-1249)

230 1030 200 66 Bittle,
460 1033 291 53 Ceiestine
778 1032 280 53 Nicholas
1088 1031 260 63 Charles,
1379 1034 170 49 1884—

303 1108 52 52 A
396 1126 258 36 romance
694 1108 62 52 of
797 1108 161 68 Lady
1001 1108 274 66 Poverty;
1320 1107 94 53 the
1454 1107 219 67 history
1715 1106 62 52 of
1816 1106 93 52 the
1951 1106 266 68 province

233 1186 62 52 of
327 1186 82 54 St.
444 1186 214 69 Joseph
691 1186 62 52 of
783 1186 93 51 the
910 1184 296 69 Capuchin
1239 1184 163 53 order
1434 1186 61 51 in
1528 1184 96 53 the
1655 1185 215 53 United
1906 1183 206 67 States,
2144 1184 74 68 by

229 1264 133 53 Rev.
389 1264 275 54 Ceiestine
690 1264 68 50 N.
783 1264 197 66 Bittle,
1043 1305 9 9 O.
1134 1305 9 9 M.
1278 1304 9 9 CAP.
1348 1261 135 53 New
1511 1261 175 68 York,
1711 1261 338 54 Milwaukee
2096 1269 118 61 [etc.]

229 1343 118 52 The
381 1342 181 52 Bruce
596 1340 331 69 publishing
961 1357 275 52 company
1277 1374 13 34 [
1295 1347 17 21 c
1318 1342 131 49 1933
1456 1374 13 33 ]

299 1413 129 47 xxiv,
457 1413 86 39 600
569 1424 42 37 p.
670 1414 162 46 front.,
864 1413 168 47 plates,
1063 1415 146 45 ports.
1268 1413 56 39 24
1326 1414 44 21 cm
1376 1446 8 7 .

301 1471 230 41 “Critical
557 1470 165 40 notes”
762 1471 66 46 (p.
858 1469 225 47 573-594)
1119 1470 190 39 include
1337 1469 401 48 bibliographical
1764 1472 241 39 material.

234 1542 50 50 ©
323 1547 110 38 Dec.
472 1545 38 47 8,
548 1545 140 46 1933;
727 1544 66 40 2c.
833 1545 108 38 Jan.
980 1544 38 46 6,
1057 1544 140 39 1934;
1238 1543 81 39 aff.
1358 1544 107 39 Jan.
1505 1543 51 46 5;
1596 1544 42 38 A
1675 1544 169 47 67866;
1887 1545 243 40 Celestine
2164 1545 56 39 N.

300 1603 164 46 Bittle,
496 1602 301 39 Milwaukee.
870 1600 249 48 (34-1323)

232 1720 315 65 Brashear,
577 1720 221 52 Minnie
826 1721 157 62 May.

299 1796 171 52 Mark
522 1796 218 66 Twain,
791 1815 100 33 son
944 1796 63 52 of
1058 1796 286 66 Missouri,
1395 1797 73 66 by
1519 1796 221 53 Minnie
1789 1797 79 51 M.
1922 1797 301 53 Brashear.

233 1873 216 68 Chapel
482 1874 146 67 Hill,
660 1874 120 53 The
814 1874 334 67 University
1180 1873 62 52 of
1274 1874 185 51 North
1494 1873 268 54 Carolina
1796 1892 173 49 press,
2004 1877 149 49 1934.

299 1947 95 48 xvi,
426 1947 87 40 294
544 1959 43 36 p.
646 1947 163 47 front.,
842 1948 127 39 illus.
1000 1947 184 47 (maps)
1225 1946 214 40 facsims.
1499 1947 55 39 23½
1588 1950 41 20 cm
1637 1980 7 7 .

300 2006 286 41 Illustrated
616 2004 363 48 lining-papers.

303 2061 245 41 “Selected
581 2060 365 48 bibliography”
966 2073 8 27 :
1009 2072 40 36 p.
1084 2060 215 40 264-284.

234 2128 50 51 ©
312 2133 109 39 Jan.
447 2133 67 39 13.
542 2131 140 47 1934;
711 2132 65 39 2c.
806 2132 109 39 Jan.
941 2132 82 46 12;
1053 2131 81 40 aff.
1163 2132 106 38 Jan.
1299 2131 80 46 16;
1410 2130 42 39 A
1478 2131 168 46 68885;
1678 2131 282 48 University
1987 2133 51 38 of
2065 2131 157 39 North

302 2188 228 41 Carolina
557 2200 150 37 press.
777 2188 250 48 (34-1259)

233 2306 322 64 Brázdová,
586 2305 226 54 Amelie
844 2307 240 64 (Posse)

232 2381 1966 130 Roman roundabout, by Amelie Posse-Brázdová … translated
419 2458 1804 70 from the Swedish by F. H. Lyon … New York, E. P.
230 2534 224 56 Dutton
483 2540 45 49 &
556 2556 98 48 co.,
683 2538 106 51 inc.
825 2570 12 34 [
843 2543 16 21 c
865 2540 151 64 1934]

301 2619 39 37 v,
371 2609 86 41 266
484 2620 42 37 p.
556 2610 108 40 incl.
693 2610 148 40 front.
901 2610 56 39 22½
989 2613 44 21 cm
1038 2643 8 7 .

303 2665 161 41 “First
492 2666 225 40 edition.”

236 2733 50 51 ©
317 2738 107 40 Jan.
453 2738 67 47 24,
550 2738 141 46 1934;
721 2739 67 40 2c.
818 2739 106 39 Jan.
955 2738 81 46 26;
1068 2739 82 39 aff.
1179 2739 107 39 Jan.
1316 2738 81 46 25;
1429 2738 40 39 A
1498 2738 168 47 69191;
1699 2740 51 38 E.
1782 2740 49 37 P.
1862 2740 185 38 Dutton
2077 2740 36 38 &
2140 2749 80 30 co.,

300 2793 89 41 inc.
462 2795 278 47 (33-27497)

238 2911 227 65 Brown,
493 2912 258 55 Thomas
778 2913 157 65 Kite,
967 2919 170 48 1885-

304 2990 119 53 The
458 2991 327 68 secretary’s
821 2992 136 51 desk
991 2993 162 66 book,
1190 3012 30 33 a
1254 2993 233 52 modern
1521 2993 172 68 guide
1728 2998 59 48 to
1822 2997 213 48 correct
236 2993 1965 126 English

379 3069 138 51 with
550 3070 291 66 approved
875 3069 180 54 forms
1087 3070 92 53 for
1210 3071 268 66 business,
1510 3071 215 65 official,
1759 3071 110 52 and
1904 3070 169 52 social
234 3088 1966 124 correspondence,

660 3148 1562 69 by Thomas Kite Brown, jr. … W. J. Pelo, A. M.
236 3224 111 51 and
387 3225 193 53 Violet
618 3225 242 65 Bender,
939 3269 9 9 A.
1026 3269 9 8 B.
1111 3227 309 68 Including
1459 3228 120 51 The
1615 3228 263 53 Winston
1918 3226 304 69 simplified

236 3301 1986 72 dictionary, edited by William D. Lewis … and Edgar A.
237 3377 1985 73 Singer … Philadelphia, Chicago [etc.] The John C. Winston
232 3474 277 49 company
552 3491 11 33 [
570 3465 16 21 c
593 3462 131 48 1933]

301 3529 60 44 vi,
389 3530 98 41 327.
515 3542 80 35 xx,
623 3531 84 40 940
735 3543 42 37 p.
833 3533 143 45 illus.,
1005 3535 84 39 col.
1120 3535 167 46 plates.
1346 3534 56 40 20
1404 3537 44 21 cm
1455 3567 7 7 .

298 3585 101 41 The
447 3587 221 40 Winston
717 3589 258 47 simplified
1024 3590 271 47 dictionary
1344 3591 88 40 has
1482 3591 179 48 special
1711 3593 95 45 t.-p.
1858 3592 93 38 and
2001 3593 222 45 separate

227 3641 295 46 pagination.

307 3698 257 41 Published
605 3701 103 39 also
758 3701 230 42 (without
1028 3702 100 39 The
1167 3702 219 41 Winston
1429 3703 256 48 simplified
1727 3702 297 48 dictionary)
2075 3702 152 40 under

337 3755 749 47 title “The secretary’s manual”.
236 3817 50 51 ©
317 3822 100 40 Oct.
445 3825 39 40 3.
514 3824 139 41 1933;
685 3826 67 39 2c.
781 3828 94 38 and
905 3826 79 40 aff.
1016 3827 108 39 Jan.
1155 3827 36 46 6,
1223 3827 138 46 1934;
1394 3828 43 39 A
1464 3828 170 40 68770:
1668 3829 126 38 John
1824 3829 47 38 C.
1902 3828 223 39 Winston
2155 3837 67 30 co.

304 3874 67 55 [©
404 3880 235 40 revisions
672 3884 94 38 and
800 3883 259 49 additions]
1132 3884 247 48 (34-1210)
