2350 4196
1099 4003 132 51 1661

136 333 260 65 Gimeno,
424 333 277 64 Patricio,
729 333 82 53 ed.

207 408 245 55 Cirentes
493 413 67 50 de
601 431 61 31 acá
740 428 33 33 v
816 410 128 55 allá,
984 405 255 54 selected,
1281 404 267 67 adapted,
1588 403 112 53 and
1741 402 207 57 edited,
1988 400 141 52 with

135 479 1969 140 notes, exercises, and vocabulary, by Patricio Gimeno … original
262 567 288 67 drawings
586 568 67 66 by
692 568 89 50 the
816 565 218 51 author.
1106 563 268 65 Chicago,
1407 562 137 50 New
1584 559 157 53 York
1796 563 118 60 [etc.]
1953 559 64 50 B.
2052 557 77 51 H.

138 645 263 52 Sanborn
425 649 45 49 &
496 662 96 37 co.,
622 647 148 51 1934.

206 718 99 40 viii.
333 717 88 39 200
446 729 41 35 p.
518 718 107 38 incl.
655 717 162 40 front.,
920 726 54 28 illus.
1032 714 144 40 18½cm.
1243 713 298 47 (Half-title:
1571 712 101 38 The
1702 708 236 49 Hispanic
1969 709 163 46 series,

138 777 151 38 under
316 776 81 37 the
424 774 269 47 editorship
721 775 50 37 of
798 774 42 38 J.
871 774 54 38 D.
955 769 331 47 Fitz-Gerald)

141 829 50 51 ©
221 833 100 40 Oct.
347 832 68 39 31.
443 831 138 40 1934;
610 831 63 39 2c.
703 831 92 38 and
824 829 80 42 aff.
931 829 115 38 Nov.
1075 828 53 39 2:
1159 828 34 37 A
1223 824 135 42 70891;
1422 825 138 45 Benj.
1587 825 61 41 H.
1679 824 218 40 Sanborn
1926 824 35 38 &
1988 832 66 31 co.

218 889 253 48 (34-11269)

139 977 434 64 Goidscheidfer,
607 977 264 64 Ludwig,
909 980 168 50 1896-

207 1055 239 53 Zeitlose
483 1054 202 66 kunst;
725 1052 502 69 gegenwartsnahe
1269 1051 183 53 werke
1491 1068 100 36 aus
1630 1049 202 53 fernen
1870 1048 267 67 epochen,

143 1136 94 48 132
280 1131 350 54 aufnahmen
669 1131 347 67 gesammelt,
1053 1129 274 67 gesichtet
1365 1128 118 52 und
1523 1128 276 52 erläutert
1836 1144 109 35 von
142 1125 1970 152 Ludwig

293 1209 426 55 Goldscheider.
796 1208 183 64 Wien,
1019 1206 491 66 Phaidon-verlag
1554 1239 12 32 [
1572 1211 16 21 c
1594 1208 153 63 1934]

213 1281 761 51 [13] p., 128 pl. on 64 l. 27cm.
145 1334 1994 54 © June 25, 1934; 1c. Nov. 10; A -Foreign 26137; Phaidon-verlag, Dr.
264 1397 195 39 Horovitz.
520 1395 278 48 (34-41238)

147 1486 323 64 Hutchens,
501 1486 163 55 Paul.

211 1562 286 52 Romance
538 1561 64 53 of
641 1561 118 68 fire,
801 1562 73 68 by
917 1560 145 52 Paul
1102 1560 316 52 Hutchens.
1497 1557 272 70 Chicago,
1812 1558 119 53 The
1977 1557 164 53 Bible

145 1640 258 52 institute
431 1639 329 69 colportage
788 1640 162 52 ass’n.
985 1671 14 34 [
1004 1644 17 21 c
1026 1641 136 49 1934
1165 1670 12 34 ]

216 1713 84 37 254
364 1746 8 6 p.
433 1714 115 38 20cm.

149 1767 50 51 ©
226 1772 117 38 Nov.
371 1771 67 45 15,
465 1770 139 41 1934;
633 1771 66 38 2c.
725 1772 92 37 and
847 1769 81 42 aff.
955 1771 110 37 Dec.
1094 1769 81 46 13;
1205 1769 40 38 A
1270 1768 170 47 78529;
1471 1769 49 38 P.
1549 1768 267 47 Hutchens,
1847 1768 196 47 George,
2103 1777 41 31 Ia.

228 1827 279 48 (34-11288)

146 1916 247 64 Jansky,
425 1917 160 62 Cyril
615 1917 260 63 Moreau,
907 1921 169 49 1895-

210 1994 122 53 The
361 1993 256 69 problem
648 1993 64 53 of
742 1994 94 52 the
866 1992 447 68 institutionally
1344 1995 197 51 owned
1573 1994 214 52 station
1844 1994 88 66 [by]
1971 1994 61 54 C.
2064 1995 77 51 M.

142 2071 240 68 Jansky,
407 2072 90 67 jr.,
524 2073 64 52 R.
620 2073 60 54 C.
709 2073 203 67 Higgy
998 2072 94 67 [and]
1125 2073 187 51 Morse
1343 2071 313 57 Salisbury.
1735 2072 269 67 Chicago,
2033 2072 113 66 Ill.,

144 2151 120 52 The
300 2150 327 69 University
654 2150 64 51 of
748 2149 251 69 Chicago
1027 2167 154 50 press
1255 2154 150 63 [c1934]

218 2233 40 33 v.
348 2255 7 10 31.
391 2225 54 47 [1]
482 2234 23 36 p
583 2223 110 39 19cm.

154 2278 50 51 ©
231 2284 100 37 Oct.
359 2286 38 34 8.
425 2280 111 40 1934;
592 2282 64 38 2c.
687 2280 101 41 Oct.
820 2282 47 36 13;
924 2280 80 39 aff.
1035 2280 100 40 Oct.
1163 2280 53 39 15;
1271 2281 42 38 A
1336 2281 143 39 76534;
1538 2281 281 47 University
1845 2281 51 39 of
1923 2280 225 46 Chicago,

223 2339 221 46 Chicago.
517 2336 279 49 (34-41254)

156 2413 217 65 Kelley,
404 2415 259 51 Truman
695 2414 133 65 Lee,
863 2419 169 49 1884-

282 2491 1867 67 … Tests and measurements in the social sciences, by Truman
157 2567 1989 68 L. Kelley … and A. C. Krey … New York, Chicago [etc.]
153 2648 62 52 C.
250 2645 311 56 Scribner’s
592 2664 128 35 sons
797 2648 152 63 [c1934]

224 2718 1930 49 xiv p., 1 l., 635 p. illus. (facsim.) diagrs., forms. 20 cm . (On cover:
158 2777 181 48 Report
377 2777 52 38 of
468 2777 81 39 the
592 2775 318 40 Commission
951 2787 58 29 on
1051 2776 80 40 the
1171 2776 148 40 social
1360 2776 201 46 studies,
1603 2777 256 39 American
1900 2776 251 40 hisroricnl

156 2832 308 42 association,
523 2834 64 46 pt.
678 2833 13 42 IV)

230 2890 158 41 Series
414 2889 108 40 title
551 2889 47 39 in
627 2892 112 45 part
765 2892 52 37 at
843 2890 123 39 head
996 2890 51 39 of
1073 2891 96 46 t.-p.

229 2947 377 47 “Bibliography
639 2946 51 40 of
724 2947 120 39 tests
877 2945 95 40 and
1006 2945 186 41 critical
1228 2946 297 41 discussions
1560 2948 52 38 of
1668 2947 126 39 tests":
1864 2957 38 36 p.
1973 2945 182 41 610-633.

161 3000 50 51 ©
248 3004 102 42 Oct.
385 3003 68 41 29.
490 3002 139 48 1934;
665 3002 66 40 2c.
766 3003 118 40 Nov.
917 3003 51 42 9;
1006 3003 83 43 aff.
1123 3004 116 40 Nov.
1277 3004 51 41 6:
1367 3005 40 38 A
1442 3003 169 42 76999;
1651 3005 202 40 Charles
1892 3003 264 41 Scribner’s

229 3072 125 29 sons,
412 3060 280 49 (34-41224)

162 3133 180 67 Koon,
373 3134 162 56 Cline
569 3137 263 64 Morgan,
866 3141 170 49 1894-
1319 3155 178 49 comp.

226 3211 167 56 Some
420 3213 193 68 public
640 3212 208 56 service
875 3214 428 69 broadcasting;
1334 3214 170 68 being
1533 3237 30 33 a
1594 3221 192 61 report
1814 3233 70 33 on
1914 3216 93 51 the

160 3233 1971 125 survey
293 3292 162 52 made
487 3292 74 66 by
592 3292 95 51 the
719 3292 272 51 National
1023 3292 265 68 advisory
1320 3293 218 52 council
1572 3312 69 34 on
1675 3293 161 53 radio
1871 3293 52 51 in

159 3294 1969 129 education
312 3373 109 51 and
453 3370 95 52 the
578 3369 218 52 federal
830 3369 167 54 Office
1027 3370 62 52 of
1119 3371 315 54 education,
1467 3370 273 68 compiled
1778 3371 71 65 by
1882 3371 161 54 Cline
2079 3373 75 50 M.

161 3460 1934 69 Koon … Chicago, Ill., The University of Chicago press [c1934]
233 3531 495 50 iii, 35. [1] p. 19cm.
168 3587 50 51 ©
251 3591 127 47 Sept.
407 3590 68 47 28,
506 3589 139 42 1934;
676 3590 63 39 2c.
774 3591 101 41 Oct.
905 3591 82 42 29;
1020 3592 79 38 aff.
1131 3593 114 39 Nov.
1275 3595 80 38 17:
1388 3594 41 37 A
1457 3593 169 46 78177;
1661 3592 283 47 University
1972 3593 53 39 of
236 3592 1908 103 Chicago,
396 3647 221 48 Chicago.
686 3647 278 49 (34-41255)

166 3708 182 65 Long,
378 3708 332 65 Valentine,
739 3710 209 64 father.

241 3783 1923 73 Not on bread alone, by Valentine Long … St. Bona venture,
171 3861 67 51 N.
271 3861 90 69 Y.,
391 3862 120 51 The
542 3861 373 54 Franciscana
949 3881 173 52 press,
1153 3868 148 50 1934.

241 3933 603 49 4 p. l., 7-217 p. 19½cm.
