2350 4196
1171 4019 132 49 1520

252 386 174 63 Spivey
517 389 174 53 Clark
720 388 260 64 Dwight,
1014 393 166 49 1885-

325 464 117 51 The
476 465 222 66 coming
730 464 61 51 of
821 465 91 51 the
946 477 248 55 peasant,
1226 466 71 65 by
1332 464 173 52 Chirk
1538 464 233 66 Dwight
1811 466 227 65 Spivey.
253 464 1959 144 Chicago.
434 541 117 50 The

584 539 289 55 Christian
904 543 241 66 witness,
1179 545 145 47 1934.

323 613 79 37 vii.
430 612 53 38 528
542 622 41 36 p.
642 614 166 45 plates.
867 614 53 38 20
925 616 13 20 cm
973 647 7 5 .

322 668 70 40 On
425 679 140 29 cover;
625 669 99 39 The
755 671 212 45 mystery
1003 670 232 40 revealed.

599 726 1641 47 CONTENTS.—The war.—The peasant (from the war to the present) —
253 782 1817 48 The issue made clear.—The mystery revealed (as revealed t ο me)
258 838 50 50 ©
340 843 118 42 Aug.
493 844 67 36 24.
594 841 113 40 1934;
767 844 65 38 2c.
868 842 99 40 Oct.
1000 843 52 37 11;
1117 841 78 39 aff.
1232 841 100 40 Oct.
1366 840 53 40 20;
1483 842 41 36 A
1556 841 141 39 75900;
1759 843 47 38 C.
1842 843 51 37 D.
1931 842 186 47 Spivey.
324 844 1864 93 Anselmo.
560 899 67 39 Neh.
700 899 276 45 (34-38163)

252 986 292 66 Taggard,
581 987 343 64 Genevieve,
961 990 168 50 1894-
1341 987 83 53 eel.

325 1064 115 53 Ten
481 1063 414 54 introductions;
966 1085 27 32 a
1034 1062 289 53 collection
1366 1062 61 51 of
1463 1062 233 52 modern
1736 1080 169 34 verse,
1944 1060 187 55 edited
2170 1063 71 52 by

256 1138 1961 147 Genevieve Taggard and Dudley Fitts. New York, Arrow editions [ c 1934]
322 1289 84 39 104
438 1300 42 36 p.
539 1289 54 38 21½
626 1291 42 20 cm
677 1323 6 6 .

354 1347 100 38 “The
483 1356 161 36 poems
676 1348 13 36 in
757 1347 50 38 this
882 1347 188 37 volume
1102 1357 80 27 are
1214 1348 79 36 the
1327 1347 131 37 work
1489 1347 49 37 of
1570 1356 157 37 young
1760 1349 189 37 wiiters
1985 1350 102 37 who
2122 1350 119 37 have

252 1409 82 33 not
363 1406 79 43 yet
471 1405 116 37 been
618 1403 251 47 published
906 1405 43 35 in
985 1402 658 40 hook-form.”—Statement.

326 1459 943 48 “Biographical notes”; p. [1 01]-104.
263 1518 47 50 ©
344 1521 99 39 Oct.
477 1521 66 38 13.
574 1520 113 37 1934;
748 1521 63 36 1c.
847 1518 98 39 Oct.
978 1518 54 38 19;
1094 1521 66 37 1c.
1192 1518 114 39 Nov.
1341 1519 26 37 1;
1431 1518 78 39 aff.
1547 1518 98 40 Oct.
1680 1520 54 38 31;
1798 1521 38 36 A
1870 1519 141 39 78004;
2074 1522 170 38 Arrow

326 1578 207 38 editions
560 1576 303 47 cooperative
889 1587 139 27 assn.,
1057 1576 101 38 inc..
1187 1576 115 37 New
1328 1575 141 38 York,
1565 1576 256 38 (34-38160)

255 1665 191 54 Texas
481 1665 430 67 jurisprudence
953 1708 53 7 ...
1050 1684 26 32 a
1116 1666 271 65 complete
1424 1671 299 45 statement
1761 1666 61 51 of
1859 1667 92 50 the
1986 1665 108 53 law
2133 1666 112 51 and

328 1744 247 65 practice
615 1744 60 52 of
715 1744 93 50 the
851 1749 143 44 state
1037 1743 62 50 of
1141 1745 197 63 Texas,
1379 1743 75 66 by
1493 1744 263 51 William
1794 1745 79 53 M.
1916 1744 327 65 McKinney

328 1823 106 49 and
473 1822 161 50 other
668 1822 252 64 lawyers.
992 1821 237 51 Volume
1473 1864 6 6 XXXIII.
1553 1822 272 51 Personal
1860 1821 237 66 injuries
2134 1823 110 51 and
330 1900 283 55 wrongful

669 1899 168 51 death
890 1907 56 43 to
1001 1901 189 50 Proxy
1250 1941 53 6 ...
1400 1899 113 51 San
1567 1900 319 51 Francisco.
328 1899 1915 130 Bancroft-Whitney
629 1996 293 48 company.
957 1980 146 48 1934.

327 2052 97 38 viii.
456 2052 85 39 978
570 2062 42 36 p.
671 2053 56 36 24½
760 2053 42 19 cm
809 2085 7 6 .

266 2104 43 51 ©
339 2109 115 38 Nov.
484 2108 37 39 8.
554 2108 110 38 1934;
721 2108 65 39 2c.
817 2109 106 37 Dec.
953 2108 25 36 1;
1036 2106 78 39 aff.
1142 2107 114 37 Nov.
1287 2108 52 35 22;
1397 2108 39 37 A
1466 2108 140 37 77424;
1664 2106 487 47 Bancroft-Whitney
2178 2119 67 29 со.

257 2196 201 64 Yates,
491 2196 304 62 Raymond
829 2195 261 63 Francis,
1127 2199 167 49 1895-

321 2274 302 52 Inventors'
673 2273 204 68 selling
909 2273 187 67 guide,
1130 2273 72 66 by
1236 2274 299 65 Raymond
1570 2273 237 53 Francis
1844 2275 184 51 Yates.
2108 2275 132 50 New

256 2350 1322 67 York. N. Y., Donley publishing со. [ c1934]
324 2423 587 49 4 p. l., [13]-188 p. 20cm
329 2482 283 45 “Directory
640 2481 49 39 of
714 2480 174 47 buyers
919 2512 43 6 ...
994 2480 391 39 manufacturers
1412 2480 174 39 known
1615 2486 46 32 to
1690 2481 53 38 be
1771 2480 48 38 in
1850 2481 78 37 The
1958 2481 185 38 marker
2170 2481 74 38 for

258 2537 298 40 inventions";
620 2548 41 36 p.
700 2537 244 49 [131]-188.

259 2591 51 51 ©
340 2595 99 40 Oct.
468 2596 68 38 31.
565 2594 113 40 1934;
736 2594 64 39 2c.
830 2595 117 37 Nov.
977 2595 23 37 5;
1057 2593 80 40 aff.
1167 2594 115 38 Nov.
1312 2594 25 39 3;
1396 2595 40 37 A
1465 2593 140 40 77081;
1664 2595 187 46 Donley
1879 2594 106 47 pub.
2015 2604 67 30 со.

338 2651 278 48 (34-37080)

257 2740 227 64 Yetter,
518 2740 209 54 Culver
757 2742 87 62 D.,
879 2746 170 48 1873-
1255 2758 181 50 comp.

327 2817 120 50 The
478 2818 227 64 general
740 2817 232 52 election
1006 2817 136 52 laws
1176 2816 62 51 of
1269 2816 241 59 Kansas,
1545 2816 341 67 recompiled
1919 2818 60 50 in
2015 2818 161 63 1934;
2216 2834 27 32 a

260 2912 116 33 new
411 2892 363 68 compilation
807 2893 62 51 of
901 2894 94 52 the
1027 2897 225 63 general
1283 2893 233 53 election
1548 2894 139 53 laws
1716 2895 58 51 in
1807 2893 152 52 force
260 2893 1961 144 (including
383 2970 255 68 primary

665 2970 234 53 election
925 2968 163 68 laws)
1126 2988 73 48 up
1228 2977 57 46 to
1315 2970 110 52 and
1452 2971 297 67 including
1776 2972 157 52 those
1961 2972 197 66 passed
2189 2986 53 36 at

261 3048 92 52 the
380 3049 131 49 1933
538 3048 206 65 special
771 3047 206 53 session
1001 3047 64 53 of
1086 3047 92 53 the
1201 3047 353 68 Legislature
1583 3093 54 8 ...
1667 3048 73 68 by
1767 3047 59 55 C.
1855 3049 68 50 D.
1959 3048 194 53 Yetter
2185 3092 53 9 ...

258 3125 246 66 Topeka,
533 3125 166 52 Kan..
731 3123 178 53 Crane
941 3125 110 51 and
1080 3141 289 50 company.
1401 3129 146 47 1934.

328 3196 60 39 vi.
416 3195 96 39 230.
544 3195 53 39 27
625 3206 41 36 p.
722 3195 124 38 illus.
877 3194 184 46 (maps)
1128 3195 51 38 22cm.

262 3250 50 51 ©
342 3256 113 46 July
485 3259 37 35 6.
553 3254 111 39 1934;
721 3254 66 38 2c.
818 3255 115 45 July
961 3254 55 38 10;
1105 3254 49 40 aff.
1183 3256 113 45 July
1326 3255 25 38 9;
1409 3258 41 36 A
1482 3257 139 39 73393;
1683 3257 155 40 Crane
1866 3259 37 38 &
1931 3269 66 30 со.
338 3311 277 46 (34-37069)

259 3385 226 64 Young,
516 3387 200 52 James
748 3390 235 57 Capers,
1022 3390 162 48 1892-

331 3463 221 52 Liberia
605 3463 399 55 rediscovered,
1049 3464 31 51 by
1165 3466 191 52 James
1403 3467 59 54 C.
1510 3469 223 63 Young.
1817 3468 225 53 Garden
2094 3468 148 56 City.

258 3541 67 51 N.
356 3541 86 52 Y..
467 3541 353 51 Donbleday.
850 3542 191 50 Doran
1071 3545 40 48 &
1141 3561 292 48 company,
1463 3545 101 52 inc.,
1612 3549 147 48 1934.

362 3613 1178 47 x p.. 1 l., 212 p. front., plates, ports. 21½cm.
335 3669 136 46 Maps
504 3679 57 28 on
594 3669 357 47 lining-papers.

334 3724 160 41 “First
522 3725 224 42 edition.”

335 3781 233 41 “Liberin,
596 3784 279 38 documents
900 3784 208 38 relating
1136 3790 45 30 to
1208 3785 79 38 the
1316 3788 109 43 plan
1452 3786 51 37 of
1527 3788 267 36 assistance
1820 3788 228 44 proposed
2080 3787 56 45 by
2166 3788 78 37 the

264 3836 187 43 League
479 3837 50 40 of
556 3838 220 39 nations”;
869 3871 6 6 p.
952 3839 200 39 [131]-212.

261 3890 1966 52 © Oct. 10. 1934; 2c. and aff. Oct. 18; A 76627; Doubleday. Doran & co.,
328 3951 87 40 inc.
489 3951 276 45 (34-35873)
