2350 4196
1180 4000 66 48 28

283 442 550 47 4 p. l. , 606 p. 22½cm.
215 496 1984 51 © Sept. 23, 1933; 2c. and aff. Oct. 4: A 67818; Harold R. Medina, New
280 556 144 40 York.
498 555 220 49 (34-817)

213 658 260 66 Nichols,
501 661 158 52 Leon
688 661 238 65 Nelson,
957 664 168 48 1868-

348 733 1855 71 … Ann Lear, by L. Nelson Nichols. St. Johnsville, N. Y.,
214 813 333 68 Enterprise
580 816 45 49 &
657 833 167 48 news,
861 816 149 49 1933.

280 885 56 39 24
358 896 42 37 p.
454 886 127 41 illus.
636 886 53 40 23
693 889 43 20 cm
742 918 8 8 .
813 886 165 46 (Tales
1005 886 51 38 of
1081 887 81 38 the
1186 888 134 45 early
1347 886 225 39 Mohawk
1598 886 178 47 region,
1832 896 71 29 no.
1933 887 49 45 2)

284 944 67 38 “A
387 944 221 47 pleasant
642 943 126 41 little
805 946 133 44 story
974 944 109 38 that
1116 943 40 39 is
1191 944 65 38 all
1288 943 177 47 fiction,
1502 948 168 41 except
1706 945 135 38 those
1876 947 109 44 part
2007 940 48 51 [!]
2094 945 105 39 that

212 1011 81 29 are
331 1001 489 39 true.”—Foreword.

217 1058 50 51 ©
297 1064 110 38 Dec.
436 1062 68 47 30,
534 1062 113 39 1933;
704 1062 67 38 2c.
801 1062 94 38 and
925 1059 79 40 aff.
1036 1060 108 39 Jan.
1175 1059 36 47 9,
1242 1059 114 40 1934;
1414 1060 41 37 A
1484 1059 141 41 68808;
1685 1060 100 39 Lou
1815 1061 56 39 D.
1904 1058 298 46 MacWethy,

289 1119 66 40 St.
389 1119 282 47 Johnsville,
704 1116 53 41 N.
790 1119 53 38 Y.
918 1117 248 48 (34-1155)

215 1209 257 64 Norvell,
501 1208 241 54 Claudia
769 1209 87 54 W.

282 1282 1922 70 Texas, by Claudia W. Norvell … Author’s ed. Dallas, Tex.,
214 1361 319 55 Southwest
560 1380 156 49 press
748 1396 12 33 [
765 1368 17 21 c
788 1364 132 48 1933
927 1395 12 33 ]

283 1434 62 46 xi,
385 1433 54 40 79
477 1444 42 37 p.
579 1443 126 37 map.
765 1434 143 39 17½cm.

281 1492 100 39 The
407 1491 235 39 influence
668 1491 49 38 of
742 1491 80 39 the
849 1490 200 40 Indians
1078 1500 59 29 on
1163 1491 78 39 the
1267 1490 188 47 history
1482 1492 50 38 of
1556 1492 172 39 Texas.

218 1549 50 51 ©
297 1552 108 40 Jan.
431 1553 38 45 1,
497 1552 140 46 1934;
667 1553 66 37 2c.
761 1551 94 39 and
883 1550 80 39 aff.
992 1550 108 39 Jan.
1128 1550 80 46 15;
1239 1551 40 37 A
1307 1549 167 48 67984;
1506 1550 46 40 C.
1583 1551 70 40 W.
1682 1551 209 47 Norvell,
1922 1552 283 44 Beaumont,

285 1610 112 38 Tex.
472 1608 249 48 (34-1156)

217 1697 283 65 Orchard,
526 1700 138 52 Mrs.
693 1697 271 61 Dorothy
995 1696 323 65 (Johnson)
1356 1701 170 50 1897-

347 1773 1856 71 … Money lending in Great Britain, by Dorothy Johnson
217 1850 1362 70 Orchard and Geoffrey May … New York,
1608 1852 223 53 Russell
1864 1853 147 68 Sage
216 1852 1964 145 foundation,
458 1932 150 50 1933.

285 2002 83 40 185
398 2012 43 38 p.
501 2001 146 41 23½cm.
718 2000 176 49 (Small
927 2003 111 39 loan
1071 2000 172 49 series)

286 2059 438 47 “Bibliographical
758 2057 138 42 note”:
961 2069 42 36 p.
1034 2057 214 42 158-161.

221 2114 50 51 ©
296 2119 116 39 Nov.
436 2118 68 46 28,
529 2117 112 40 1933;
695 2118 67 39 2c.
788 2118 94 38 and
906 2116 80 40 aff.
1013 2117 108 39 Jan.
1147 2118 37 38 2.
1210 2116 139 47 1934;
1378 2118 40 37 A
1443 2117 167 46 68668;
1639 2119 192 37 Russell
1860 2117 121 47 Sage
287 2118 1901 95 foundation.
474 2175 249 47 (34-1159)

221 2261 373 67 Parchment,
624 2264 235 53 Samuel
889 2263 276 66 Richard,
1198 2268 171 49 1881-

286 2339 331 69 Astrology,
647 2341 288 52 mundane
965 2341 112 52 and
1109 2340 285 68 spiritual,
1425 2341 73 68 by
1532 2340 56 55 S.
1624 2341 66 52 R.
1726 2341 360 52 Parchment.
2155 2342 54 50 A

220 2417 292 53 text-book
561 2417 201 69 giving
814 2437 31 34 a
898 2418 152 52 brief
1103 2420 214 51 resumé
1372 2417 64 53 of
1488 2419 405 67 cosmogenesis
1947 2420 112 52 and
218 2436 1968 128 anthropogenesis;

715 2497 274 66 complete
1028 2496 368 52 instructions
1436 2495 92 53 for
1568 2497 238 67 casting,
1844 2496 366 68 progressing

220 2573 112 52 and
377 2573 238 68 reading
662 2573 95 51 the
803 2573 324 68 horoscope,
1175 2574 139 51 with
1362 2574 330 68 twenty-six
1742 2575 256 67 example
219 2574 1965 143 horoscopes

445 2651 357 68 illustrating
838 2651 96 52 the
972 2651 288 68 diagnosis
1297 2651 64 51 of
1399 2651 212 52 disease
1648 2652 75 68 by
1760 2669 192 35 means
1991 2651 63 52 of
2092 2656 118 47 star

220 2727 1863 69 chemistry. 1st ed. … San Francisco, Calif., Rosicrucian
219 2745 1967 128 anthroposophie
653 2806 197 67 league
887 2838 14 34 [
905 2811 17 21 c
928 2808 132 49 1933
1066 2838 13 34 ]

289 2881 84 39 906
403 2891 40 37 p.
502 2881 141 45 illus.,
673 2880 178 47 diagrs.
912 2881 57 38 19½
999 2882 42 20 cm
1048 2911 7 8 .

224 2934 50 51 ©
309 2939 107 37 Dec.
450 2937 68 41 28.
551 2936 138 40 1933;
724 2936 65 39 2c.
825 2938 95 37 and
952 2936 81 40 aff.
1068 2937 107 39 Jan.
1208 2937 38 46 2,
1281 2936 139 46 1934;
1457 2937 38 37 A
1529 2937 168 45 68696;
1737 2937 42 40 S.
1815 2937 53 39 R.
1903 2937 303 46 Parchment,

292 2996 94 39 San
416 2993 272 40 Francisco.
762 2993 220 48 (34-854)

223 3085 243 62 Pender,
493 3086 138 50 Mrs.
657 3085 189 54 Nona.

288 3160 1923 68 Waves, by Nona Pender … New York city, N. Y., Press of
220 3239 55 52 J.
306 3238 71 51 D.
409 3236 292 66 McGuire,
735 3240 149 50 1933.

292 3324 40 35 v,
369 3311 115 40 7-38
518 3321 41 37 p.
620 3310 55 39 23½
708 3312 42 20 cm
757 3341 8 8 .

294 3370 67 37 “A
390 3367 250 40 collection
672 3367 49 39 of
753 3377 134 29 verse
917 3369 227 44 salvaged
1177 3368 203 39 without
1411 3368 277 47 knowledge
1719 3368 49 38 of
1799 3369 80 38 the
1911 3368 175 38 author
2116 3368 93 38 and

224 3426 250 47 published
504 3435 53 28 as
588 3434 25 29 a
644 3423 185 39 limited
859 3424 225 39 edition.”

226 3481 51 50 ©
303 3485 108 37 Dec.
438 3482 68 45 22,
531 3481 112 39 1933;
697 3481 64 38 2c.
791 3481 107 38 Jan.
925 3481 37 39 8.
988 3481 138 40 1934;
1157 3481 79 39 aff.
1264 3482 107 38 Jan.
1398 3481 50 45 6;
1477 3481 42 38 A
1544 3480 167 46 68804;
1742 3480 163 38 Frank
1931 3481 50 39 T.
2009 3481 198 39 Pender.

293 3541 115 37 New
439 3540 144 37 York.
654 3537 248 47 (34-1063)

227 3631 293 62 Perowne,
548 3630 210 61 Barry.

295 3704 198 53 Raffles
524 3705 277 52 and—the
832 3706 170 50 death
1032 3706 204 52 rocket.

304 3781 79 46 (In
413 3776 227 48 Thriller,
671 3776 127 41 Nov.
828 3777 70 48 11,
931 3776 143 48 1933)

227 3832 51 50 ©
311 3838 64 37 1c.
472 3847 42 27 Jan.
547 3837 37 38 2.
617 3835 139 39 1934;
790 3836 40 37 A
861 3837 62 36 ad
953 3835 84 39 int.
1071 3835 166 41 18547:
1275 3837 139 46 pubd.
1447 3836 116 39 Nov.
1595 3837 39 39 4.
1669 3835 138 39 1933;
1844 3835 159 46 Philip
2036 3836 171 46 Atkey,

299 3892 392 46 Barton-on-Sea,
724 3893 172 45 Hants,
931 3893 232 44 England.
