2350 4196
1162 4005 96 50 978

228 373 157 66 [Bell,
415 374 136 51 Mrs.
582 372 157 53 Nina
769 373 275 66 Stewart]
1082 377 167 49 1860-

294 448 121 52 The
461 448 171 52 hours
680 448 274 67 between;
1007 468 205 49 poems.
1320 450 111 53 [Los
1480 449 265 68 Angeles,
1794 450 136 52 New
1981 449 229 53 method
226 525 262 69 printing
515 543 97 50 co.,
641 532 17 20 c
664 529 149 63 1934]

296 598 56 39 10
376 609 42 36 p.
481 630 7 8 l..
516 598 84 40 491
627 608 42 37 p.
730 598 161 48 front.,
920 599 168 47 plates,
1117 603 146 44 ports.
1324 598 55 40 19½
1412 601 44 21 cm
1461 631 7 7 .

298 653 71 40 On
396 665 164 29 cover:
591 655 126 39 Nina
748 653 208 42 Stewart
982 656 118 40 Bell.

230 722 51 51 ©
316 728 125 38 June
474 728 68 45 14,
578 727 138 40 1934;
754 727 65 39 2c.
857 728 80 38 July
1005 727 80 46 28;
1124 727 79 40 aff.
1239 728 118 46 July
1389 728 81 40 27;
1508 728 39 37 A
1583 728 168 40 73653:
1789 729 54 37 N.
1884 728 42 40 S.
1963 729 119 40 Bell.
2118 729 92 39 Los

298 784 217 47 Angeles.
588 784 277 48 (34-22186)

223 900 282 66 Berliner,
538 902 240 63 Arnold,
815 906 169 48 1862-

294 978 298 51 Lehrbuch
621 978 97 51 der
746 978 208 67 physik
981 980 58 51 in
1066 982 366 50 elementarer
1458 978 369 68 darstellung,
1854 998 111 34 von
1990 979 224 54 Arnold

223 1055 276 52 Berliner.
577 1061 44 46 5.
658 1055 145 67 aufl.,
837 1056 104 52 mit
976 1057 98 52 847
1109 1055 398 68 abbildungen.
1578 1056 215 66 Berlin,
1827 1056 54 54 J.
1919 1056 295 68 Springer,

228 1136 148 49 1934.

295 1206 79 48 vii,
408 1206 87 41 736
525 1218 42 36 p.
627 1207 142 49 illus.,
804 1206 177 49 diagrs.
1039 1207 56 40 25½
1128 1210 43 20 cm
1176 1240 7 8 .

299 1263 541 40 “Namenverzeichnis”
881 1264 64 48 (p.
980 1263 254 50 [703]-716)
1274 1266 88 37 has
1392 1266 136 38 dates
1559 1265 50 40 of
1638 1265 201 39 authors
1867 1264 157 40 listed.

232 1332 50 50 ©
311 1336 111 47 Apr.
453 1336 67 40 11,
550 1336 138 41 1934;
721 1337 63 38 1c.
816 1336 79 39 July
960 1336 51 40 3;
1044 1336 306 47 A-Foreign
1379 1335 170 41 25065:
1582 1335 161 40 Julius
1776 1334 240 49 Springer.

312 1392 277 48 (34-22404)

224 1508 119 54 The
379 1510 130 53 best
545 1512 160 51 short
737 1510 216 67 stories,
992 1515 149 63 1934,
1177 1512 111 51 and
1323 1512 95 51 the
1453 1511 302 51 Yearbook
1788 1511 63 50 of
1884 1512 95 50 the
291 1510 1898 130 American

445 1589 159 52 short
632 1595 173 62 story,
834 1590 187 51 edited
1048 1590 72 65 by
1150 1590 251 52 Edward
1431 1591 55 53 J.
1517 1588 263 54 O'Brien.
1858 1590 213 50 Boston
2102 1588 111 51 and
292 1665 137 53 New
459 1667 177 68 York,

666 1668 316 67 Houghton
1011 1666 200 55 Mifflin
1241 1684 295 50 company,
1568 1670 146 48 1934.

298 1741 133 46 xviii,
460 1741 89 39 410
573 1752 42 36 p.
671 1742 53 38 21½
758 1744 43 20 cm
808 1774 7 7 .

232 1793 51 51 ©
321 1799 118 46 Aug.
477 1797 67 42 28,
583 1798 139 46 1934;
762 1798 66 39 2c.
867 1800 94 37 and
1001 1798 78 39 aff.
1122 1799 123 46 Sept.
1284 1799 52 38 4:
1378 1799 39 37 A
1456 1797 167 46 75137;
1665 1797 209 38 Edward
1914 1796 41 39 J.
1995 1793 216 50 O’Brien,

301 1854 198 47 Oxford,
528 1856 234 46 England.

228 1973 177 54 Bible.
481 1976 269 66 English'.
817 1980 102 48 1934.
1043 1975 367 53 Authorized.

299 2052 120 51 The
458 2070 122 34 new
620 2053 275 52 standard
938 2053 379 67 alphabetical
1355 2052 245 52 indexed
1639 2051 181 51 Bible.
1896 2050 120 51 The
2057 2046 157 68 Holy

231 2128 165 54 Bible
457 2131 359 62 (authorized
866 2150 63 34 or
980 2131 160 68 King
1188 2131 192 53 James
1430 2129 250 67 version)
1741 2126 328 68 containing
2119 2126 94 52 the

232 2206 113 54 Old
401 2209 110 51 and
566 2209 138 50 New
758 2210 369 65 Testaments,
1181 2209 315 52 translated
1550 2213 98 48 out
1701 2207 62 53 of
1817 2207 96 52 the
1967 2204 247 69 original

230 2291 235 62 tongues
525 2287 111 52 and
694 2287 140 52 with
893 2288 76 51 all
1026 2287 213 52 former
1296 2286 367 53 translations
1722 2285 305 68 diligently
232 2301 1957 129 compared
442 2365 111 51 and
588 2365 236 67 revised,
857 2373 59 45 to
950 2365 184 52 which
1170 2384 93 33 are
1299 2365 183 52 added
1517 2382 171 50 many
1723 2364 207 66 unique
1964 2362 249 52 features

232 2442 62 51 of
342 2443 94 51 the
486 2442 182 68 Bible,
716 2445 136 50 such
902 2462 59 33 as
1014 2462 71 33 an
1135 2443 378 68 alphabetical
1564 2446 395 64 arrangement
2009 2440 62 54 of
2118 2440 96 52 the

232 2520 229 68 leading
497 2520 298 69 doctrines,
830 2522 96 52 the
962 2522 258 67 parables
1257 2522 111 52 and
1403 2521 273 66 miracles,
1712 2521 279 65 harmony
2024 2518 63 53 of
2120 2519 95 52 the

233 2596 253 69 Gospels,
531 2599 263 67 pictorial
838 2599 393 69 pronouncing
1273 2600 349 67 dictionary;
1669 2600 116 51 also
1827 2598 210 67 special
232 2596 1956 136 articles
365 2695 70 33 on
462 2678 96 50 the
583 2677 182 67 Bible,
791 2696 72 33 an
890 2678 252 66 inspired
1168 2678 161 64 book,
1357 2696 102 33 our
1484 2677 246 68 English
1756 2676 182 67 Bible,
1967 2676 246 67 analysis

231 2753 1980 69 of all the books of the Bible, etc., etc. Red letter ed. … The
233 2832 133 66 only
412 2832 206 67 family
667 2833 164 53 Bible
878 2834 184 65 richly
1107 2833 322 52 illustrated
1476 2834 139 51 with
1660 2832 284 53 beautiful
1992 2831 222 53 colored

233 2910 180 65 plates
463 2910 61 52 of
571 2911 94 52 the
713 2912 94 51 old
856 2917 251 46 masters.
1191 2911 268 68 Chicago,
1503 2911 449 60 Manufactured
1998 2911 74 67 by
2119 2910 94 52 the

232 2988 154 52 John
431 2988 71 51 A.
544 2988 201 53 Hertel
790 3008 76 33 co.
911 2990 94 52 for
1046 2990 417 52 International
1508 2989 236 61 Sunday
1785 2989 190 52 school
2017 2990 197 60 league

251 3068 172 64 [ c 1934]
301 3137 27 38 2
358 3149 42 36 p.
468 3169 8 15 l.,
508 3137 96 49 198,
635 3138 155 50 9-578,
829 3139 68 51 [2],
928 3140 214 50 579-803,
1174 3141 115 40 2-96
1316 3153 42 37 p.
1416 3143 84 38 col.
1530 3141 163 46 front.,
1724 3140 142 46 illus.,
1896 3141 155 47 plates
2081 3140 134 49 (part

231 3195 109 46 col.)
386 3195 165 40 forms.
612 3195 55 41 29½
700 3199 43 20 cm
748 3229 8 8 .

301 3250 99 42 The
427 3252 113 40 New
567 3253 280 41 Testament
873 3255 89 38 has
989 3256 178 47 special
1194 3259 96 46 t.-p.

235 3305 51 51 ©
325 3310 113 46 July
474 3311 67 44 17,
579 3310 138 45 1934;
756 3311 65 39 2c.
860 3313 93 38 and
993 3312 80 40 aff.
1112 3313 113 47 July
1262 3313 80 40 23;
1383 3313 40 38 A
1460 3313 167 44 73584;
1670 3313 124 38 John
1834 3312 53 39 A.
1925 3312 167 39 Hertel
2131 3322 83 31 co.,

302 3366 220 48 Chicago.
587 3367 277 48 [Copyright
891 3369 41 39 is
961 3369 199 39 claimed
1192 3382 60 28 on
1280 3381 105 28 neve
1414 3373 177 36 matter
1620 3370 93 39 and
1744 3369 385 48 improvements]

312 3422 276 47 (34-22205)

225 3539 258 66 Bickley,
512 3544 137 50 Mrs.
683 3542 220 54 Beulah
935 3545 164 55 Vick.

299 3616 120 51 The
444 3616 150 68 grail
618 3616 64 52 of
704 3619 200 68 spring
951 3620 91 69 [by]
1072 3621 220 52 Beulah
1317 3620 149 53 Vick
1491 3617 252 69 Bickley.
1812 3615 203 68 [Cedar
2042 3613 175 66 Falls,

264 3708 65 50 Ia.,
359 3692 172 54 Holst
560 3694 262 69 printing
852 3714 295 53 company,
1176 3704 19 21 c
1200 3700 151 64 1934]

298 3764 84 40 120
407 3776 42 36 p.
510 3765 55 40 20
569 3768 43 21 cm
617 3798 7 8 .

300 3819 180 43 Poems.

230 3874 51 51 ©
311 3880 113 46 July
453 3879 67 45 24,
549 3880 138 43 1934;
718 3881 65 41 2c.
812 3882 93 39 and
935 3883 80 39 aff.
1046 3884 104 43 Aug
1194 3887 48 36 1:
1278 3885 39 39 A
1347 3883 168 41 73679:

1548 3885 53 37 B.
1632 3884 52 39 V.
1713 3881 212 47 Bickley,
1954 3878 256 41 Waterloo.

301 3937 67 40 Ia,
440 3936 276 48 (34-22188)
