<alto xmlns="http://www.loc.gov/standards/alto/ns-v3#" xmlns:xlink="http://www.w3.org/1999/xlink" xmlns:xsi="http://www.w3.org/2001/XMLSchema-instance" xsi:schemaLocation="http://www.loc.gov/standards/alto/ns-v3# http://www.loc.gov/alto/v3/alto-3-0.xsd"><Description>
<MeasurementUnit>pixel</MeasurementUnit>
<sourceImageInformation>
<fileName>1934_v1_Part1.pdf</fileName>
</sourceImageInformation>
<OCRProcessing ID="IdOcr">
<ocrProcessingStep>
<processingDateTime>2019-01-10</processingDateTime>
<processingSoftware>
<softwareCreator>ABBYY</softwareCreator>
<softwareName>ABBYY Recognition Server</softwareName>
<softwareVersion>4.0</softwareVersion>
</processingSoftware>
</ocrProcessingStep>
</OCRProcessing>
</Description>
<Styles>
<ParagraphStyle ID="StyleId-FFFFFFFF-FFFF-FFFF-FFFF-FFFFFFFFFFFF-" ALIGN="Left" LEFT="0." RIGHT="0." FIRSTLINE="0."/>
<ParagraphStyle ID="StyleId-521E1FC6-FE7E-43A4-90E6-A9B61626A263-" ALIGN="Right" LEFT="0." RIGHT="0." FIRSTLINE="0." LINESPACE="13.30000019"/>
<ParagraphStyle ID="StyleId-639B624E-F6F5-47B6-BB1D-34E64B53022F-" ALIGN="Left" LEFT="0." RIGHT="0." FIRSTLINE="-27." LINESPACE="13.43999958"/>
<ParagraphStyle ID="StyleId-100905F9-D385-406B-A5BD-ED5B8FD85431-" ALIGN="Left" LEFT="0." RIGHT="0." FIRSTLINE="0."/>
<ParagraphStyle ID="StyleId-7C9F9BA2-EF3A-4B7F-8486-CCC7B7F49B39-" ALIGN="Left" LEFT="0." RIGHT="0." FIRSTLINE="-27." LINESPACE="18.71999931"/>
<ParagraphStyle ID="StyleId-350780E3-60F2-4605-88F5-BB54F9B87091-" ALIGN="Block" LEFT="0." RIGHT="0." FIRSTLINE="-27." LINESPACE="18.71999931"/>
<ParagraphStyle ID="StyleId-90B16C58-D795-4C77-9B89-30378C515D40-" ALIGN="Left" LEFT="0." RIGHT="0." FIRSTLINE="0." LINESPACE="14.39999962"/>
<ParagraphStyle ID="StyleId-17090E09-AFAF-4086-BD9B-4E99FAE6B057-" ALIGN="Right" LEFT="0." RIGHT="0." FIRSTLINE="-27." LINESPACE="14.39999962"/>
<ParagraphStyle ID="StyleId-8B87B633-89DB-4D72-B1FC-26E4ABD680BC-" ALIGN="Left" LEFT="0." RIGHT="0." FIRSTLINE="-27." LINESPACE="18.47999954"/>
<ParagraphStyle ID="StyleId-42DA7417-CA90-4D71-A57B-06556C38D752-" ALIGN="Left" LEFT="0." RIGHT="0." FIRSTLINE="0." LINESPACE="13.30000019"/>
<ParagraphStyle ID="StyleId-D8EE2A7E-42AE-4E35-98DB-F0F935637AA0-" ALIGN="Block" LEFT="0." RIGHT="0." FIRSTLINE="0." LINESPACE="6.599999905"/>
<ParagraphStyle ID="StyleId-33CD3121-D4F5-43B6-BA96-6382D166E6B8-" ALIGN="Left" LEFT="0." RIGHT="0." FIRSTLINE="0." LINESPACE="15.5"/>
<ParagraphStyle ID="StyleId-1CE52AFA-C319-4DD9-B4B1-F0EBFA2B3F0B-" ALIGN="Block" LEFT="0." RIGHT="0." FIRSTLINE="-21." LINESPACE="18.71999931"/>
<ParagraphStyle ID="StyleId-B74F1B65-92F1-49C5-A5FA-D20442F031F2-" ALIGN="Left" LEFT="0." RIGHT="0." FIRSTLINE="0." LINESPACE="17.70006076"/>
<ParagraphStyle ID="StyleId-79E2924A-215C-40B7-B577-7236BFBAA25E-" ALIGN="Center" LEFT="0." RIGHT="0." FIRSTLINE="0." LINESPACE="7.199999809"/>
</Styles>
<Layout>
<Page ID="Page302" PHYSICAL_IMG_NR="302" HEIGHT="4196" WIDTH="2350">
<TopMargin HEIGHT="367" WIDTH="2350" VPOS="0" HPOS="0">
</TopMargin>
<LeftMargin HEIGHT="3564" WIDTH="156" VPOS="367" HPOS="0">
</LeftMargin>
<RightMargin HEIGHT="3564" WIDTH="105" VPOS="367" HPOS="2245">
</RightMargin>
<BottomMargin HEIGHT="265" WIDTH="2350" VPOS="3931" HPOS="0">
<TextBlock ID="Page302_Block1" HEIGHT="61" WIDTH="112" VPOS="3998" HPOS="1151" LANG="en-US" STYLEREFS="StyleId-DC73F99D-A072-45E0-9A0C-A429A0080D4A-">
<TextLine HEIGHT="49" WIDTH="100" VPOS="4004" HPOS="1157">
<String CONTENT="302" HEIGHT="49" WIDTH="100" VPOS="4004" HPOS="1157"/>
</TextLine>
</TextBlock>
</BottomMargin>
<PrintSpace HEIGHT="3564" WIDTH="2089" VPOS="367" HPOS="156">
<TextBlock ID="Page302_Block2" HEIGHT="1522" WIDTH="2011" VPOS="367" HPOS="207" LANG="en-US" CS="1" STYLEREFS="StyleId-3B4C1392-A2AC-4C31-835C-4B918220D9D2-">
<TextLine HEIGHT="69" WIDTH="1920" VPOS="451" HPOS="286" STYLEREFS="StyleId-20F527DB-031F-4922-AC63-9F50F01DA5F3-">
<String CONTENT="York" HEIGHT="51" WIDTH="163" VPOS="451" HPOS="286"/>
<SP HEIGHT="51" WIDTH="52" VPOS="451" HPOS="450"/>
<String CONTENT="and" HEIGHT="51" WIDTH="111" VPOS="452" HPOS="503"/>
<SP HEIGHT="54" WIDTH="53" VPOS="452" HPOS="615"/>
<String CONTENT="Ohio," HEIGHT="67" WIDTH="166" VPOS="451" HPOS="669"/>
<SP HEIGHT="47" WIDTH="53" VPOS="471" HPOS="836"/>
<String CONTENT="with" HEIGHT="51" WIDTH="139" VPOS="452" HPOS="890"/>
<SP HEIGHT="50" WIDTH="51" VPOS="453" HPOS="1030"/>
<String CONTENT="key" HEIGHT="67" WIDTH="106" VPOS="453" HPOS="1082"/>
<SP HEIGHT="48" WIDTH="52" VPOS="472" HPOS="1189"/>
<String CONTENT="number" HEIGHT="51" WIDTH="235" VPOS="456" HPOS="1242"/>
<SP HEIGHT="33" WIDTH="54" VPOS="474" HPOS="1478"/>
<String CONTENT="annotations," HEIGHT="52" WIDTH="377" VPOS="456" HPOS="1533"/>
<SP HEIGHT="32" WIDTH="73" VPOS="476" HPOS="1911"/>
<String CONTENT="v." HEIGHT="32" WIDTH="50" VPOS="476" HPOS="1985"/>
<SP HEIGHT="47" WIDTH="54" VPOS="461" HPOS="2036"/>
<String CONTENT="187." HEIGHT="53" WIDTH="115" VPOS="456" HPOS="2091"/>
</TextLine>
<TextLine HEIGHT="74" WIDTH="1919" VPOS="528" HPOS="288" STYLEREFS="StyleId-20F527DB-031F-4922-AC63-9F50F01DA5F3-">
<String CONTENT="October," HEIGHT="63" WIDTH="259" VPOS="528" HPOS="288"/>
<SP HEIGHT="56" WIDTH="51" VPOS="535" HPOS="548"/>
<String CONTENT="1933-January," HEIGHT="67" WIDTH="452" VPOS="530" HPOS="600"/>
<SP HEIGHT="62" WIDTH="48" VPOS="535" HPOS="1053"/>
<String CONTENT="1934." HEIGHT="49" WIDTH="146" VPOS="534" HPOS="1102"/>
<SP HEIGHT="55" WIDTH="79" VPOS="532" HPOS="1249"/>
<String CONTENT="St." HEIGHT="55" WIDTH="80" VPOS="532" HPOS="1329"/>
<SP HEIGHT="50" WIDTH="48" VPOS="536" HPOS="1410"/>
<String CONTENT="Paul," HEIGHT="66" WIDTH="164" VPOS="534" HPOS="1459"/>
<SP HEIGHT="64" WIDTH="44" VPOS="536" HPOS="1624"/>
<String CONTENT="West" HEIGHT="52" WIDTH="159" VPOS="536" HPOS="1669"/>
<SP HEIGHT="62" WIDTH="43" VPOS="539" HPOS="1829"/>
<String CONTENT="publishing" HEIGHT="68" WIDTH="334" VPOS="534" HPOS="1873"/>
</TextLine>
<TextLine HEIGHT="64" WIDTH="277" VPOS="611" HPOS="285" STYLEREFS="StyleId-20F527DB-031F-4922-AC63-9F50F01DA5F3-">
<String CONTENT="co.," HEIGHT="50" WIDTH="96" VPOS="625" HPOS="285"/>
<SP HEIGHT="63" WIDTH="29" VPOS="612" HPOS="382"/>
<String CONTENT="1934." HEIGHT="50" WIDTH="150" VPOS="611" HPOS="412"/>
</TextLine>
<TextLine HEIGHT="48" WIDTH="479" VPOS="681" HPOS="290" CS="1">
<String CONTENT="xvi," HEIGHT="45" WIDTH="94" VPOS="682" HPOS="290"/>
<SP/>
<String CONTENT="1021" HEIGHT="39" WIDTH="112" VPOS="681" HPOS="413"/>
<SP HEIGHT="46" WIDTH="28" VPOS="683" HPOS="526"/>
<String CONTENT="p." HEIGHT="36" WIDTH="42" VPOS="693" HPOS="555"/>
<SP HEIGHT="39" WIDTH="55" VPOS="681" HPOS="598"/>
<String CONTENT="26" HEIGHT="40" WIDTH="58" VPOS="681" HPOS="654"/>
<String STYLE="superscript" CONTENT="cm" HEIGHT="20" WIDTH="43" VPOS="684" HPOS="713"/>
<String CONTENT="." HEIGHT="8" WIDTH="7" VPOS="714" HPOS="762"/>
</TextLine>
<TextLine HEIGHT="54" WIDTH="1899" VPOS="734" HPOS="222" CS="1">
<String CONTENT="&#169;" HEIGHT="51" WIDTH="51" VPOS="734" HPOS="222"/>
<SP HEIGHT="51" WIDTH="31" VPOS="734" HPOS="274"/>
<String CONTENT="Feb." HEIGHT="39" WIDTH="108" VPOS="739" HPOS="306"/>
<SP HEIGHT="38" WIDTH="31" VPOS="739" HPOS="415"/>
<String CONTENT="21," HEIGHT="45" WIDTH="68" VPOS="739" HPOS="447"/>
<SP HEIGHT="45" WIDTH="30" VPOS="739" HPOS="516"/>
<String CONTENT="1934;" HEIGHT="46" WIDTH="140" VPOS="738" HPOS="547"/>
<SP HEIGHT="46" WIDTH="32" VPOS="738" HPOS="688"/>
<String CONTENT="2c." HEIGHT="39" WIDTH="65" VPOS="738" HPOS="721"/>
<SP HEIGHT="37" WIDTH="33" VPOS="739" HPOS="787"/>
<String CONTENT="Mar." HEIGHT="39" WIDTH="120" VPOS="739" HPOS="821"/>
<SP HEIGHT="38" WIDTH="31" VPOS="740" HPOS="942"/>
<String CS="1" CONTENT="19;" HEIGHT="39" WIDTH="54" VPOS="738" HPOS="974"/>
<SP HEIGHT="35" WIDTH="33" VPOS="749" HPOS="1056"/>
<String CS="1" CONTENT="aff." HEIGHT="29" WIDTH="80" VPOS="749" HPOS="1090"/>
<SP HEIGHT="38" WIDTH="32" VPOS="740" HPOS="1171"/>
<String CONTENT="Mar." HEIGHT="38" WIDTH="118" VPOS="740" HPOS="1204"/>
<SP HEIGHT="38" WIDTH="32" VPOS="740" HPOS="1323"/>
<String CONTENT="21;" HEIGHT="46" WIDTH="81" VPOS="740" HPOS="1356"/>
<SP HEIGHT="45" WIDTH="33" VPOS="741" HPOS="1438"/>
<!-- cceid BBD8556B-6C64-1014-8713-889FF4349C01 --><String CONTENT="A" HEIGHT="38" WIDTH="40" VPOS="741" HPOS="1472"/>
<SP HEIGHT="40" WIDTH="30" VPOS="740" HPOS="1513"/>
<String CONTENT="09984:" HEIGHT="41" WIDTH="168" VPOS="740" HPOS="1544"/>
<SP HEIGHT="39" WIDTH="34" VPOS="742" HPOS="1713"/>
<String CONTENT="West" HEIGHT="38" WIDTH="134" VPOS="742" HPOS="1748"/>
<SP HEIGHT="45" WIDTH="31" VPOS="743" HPOS="1883"/>
<String CONTENT="pub." HEIGHT="46" WIDTH="107" VPOS="742" HPOS="1915"/>
<SP HEIGHT="29" WIDTH="31" VPOS="752" HPOS="2023"/>
<String CONTENT="co." HEIGHT="29" WIDTH="66" VPOS="752" HPOS="2055"/>
</TextLine>
<TextLine HEIGHT="65" WIDTH="706" VPOS="809" HPOS="221">
<String CONTENT="O&#8217;Brien," HEIGHT="65" WIDTH="265" VPOS="809" HPOS="221"/>
<SP HEIGHT="63" WIDTH="28" VPOS="811" HPOS="487"/>
<String CONTENT="John" HEIGHT="53" WIDTH="154" VPOS="810" HPOS="516"/>
<SP HEIGHT="52" WIDTH="29" VPOS="810" HPOS="671"/>
<String CONTENT="Daniel." HEIGHT="54" WIDTH="226" VPOS="810" HPOS="701"/>
</TextLine>
<TextLine HEIGHT="131" WIDTH="1965" VPOS="886" HPOS="220" STYLEREFS="StyleId-20F527DB-031F-4922-AC63-9F50F01DA5F3-" CS="1">
<String CONTENT="An" HEIGHT="50" WIDTH="95" VPOS="888" HPOS="288"/>
<SP HEIGHT="34" WIDTH="41" VPOS="905" HPOS="384"/>
<String CONTENT="outline" HEIGHT="53" WIDTH="213" VPOS="886" HPOS="426"/>
<SP HEIGHT="33" WIDTH="41" VPOS="906" HPOS="640"/>
<String CONTENT="of" HEIGHT="52" WIDTH="63" VPOS="887" HPOS="682"/>
<SP HEIGHT="67" WIDTH="40" VPOS="887" HPOS="746"/>
<String CONTENT="psychiatry," HEIGHT="69" WIDTH="351" VPOS="886" HPOS="787"/>
<SP HEIGHT="66" WIDTH="38" VPOS="887" HPOS="1139"/>
<String CONTENT="for" HEIGHT="52" WIDTH="94" VPOS="887" HPOS="1178"/>
<SP HEIGHT="34" WIDTH="42" VPOS="905" HPOS="1273"/>
<String CONTENT="clergymen," HEIGHT="66" WIDTH="338" VPOS="889" HPOS="1316"/>
<SP HEIGHT="48" WIDTH="39" VPOS="904" HPOS="1655"/>
<String CONTENT="seminarians," HEIGHT="64" WIDTH="389" VPOS="887" HPOS="1695"/>
<SP HEIGHT="47" WIDTH="40" VPOS="904" HPOS="2085"/>
<String CONTENT="social" HEIGHT="113" WIDTH="1965" VPOS="904" HPOS="220"/>
</TextLine>
<TextLine HEIGHT="68" WIDTH="1855" VPOS="964" HPOS="355" STYLEREFS="StyleId-20F527DB-031F-4922-AC63-9F50F01DA5F3-" CS="1">
<String CONTENT="workers," HEIGHT="67" WIDTH="263" VPOS="965" HPOS="355"/>
<SP HEIGHT="48" WIDTH="24" VPOS="984" HPOS="619"/>
<String CONTENT="and" HEIGHT="51" WIDTH="112" VPOS="966" HPOS="644"/>
<SP HEIGHT="51" WIDTH="25" VPOS="966" HPOS="757"/>
<String CONTENT="educators," HEIGHT="67" WIDTH="314" VPOS="965" HPOS="783"/>
<SP HEIGHT="66" WIDTH="24" VPOS="966" HPOS="1098"/>
<String CONTENT="by" HEIGHT="66" WIDTH="73" VPOS="966" HPOS="1123"/>
<SP HEIGHT="68" WIDTH="24" VPOS="964" HPOS="1197"/>
<String CONTENT="John" HEIGHT="54" WIDTH="155" VPOS="964" HPOS="1222"/>
<SP HEIGHT="50" WIDTH="25" VPOS="966" HPOS="1378"/>
<String CONTENT="D." HEIGHT="51" WIDTH="71" VPOS="966" HPOS="1404"/>
<SP HEIGHT="54" WIDTH="27" VPOS="964" HPOS="1476"/>
<String CONTENT="O&#8217;Brien" HEIGHT="54" WIDTH="250" VPOS="964" HPOS="1504"/>
<SP HEIGHT="33" WIDTH="29" VPOS="982" HPOS="1755"/>
<String CS="1" CONTENT="&#8230;"/>
<SP HEIGHT="54" WIDTH="68" VPOS="964" HPOS="1840"/>
<String CONTENT="St." HEIGHT="54" WIDTH="81" VPOS="964" HPOS="1909"/>
<SP HEIGHT="52" WIDTH="27" VPOS="964" HPOS="1991"/>
<String CONTENT="Louis," HEIGHT="65" WIDTH="191" VPOS="964" HPOS="2019"/>
</TextLine>
<TextLine HEIGHT="67" WIDTH="1361" VPOS="1043" HPOS="220" STYLEREFS="StyleId-20F527DB-031F-4922-AC63-9F50F01DA5F3-">
<String CONTENT="Mo." HEIGHT="53" WIDTH="112" VPOS="1043" HPOS="220"/>
<SP HEIGHT="34" WIDTH="27" VPOS="1062" HPOS="333"/>
<String CONTENT="and" HEIGHT="51" WIDTH="111" VPOS="1044" HPOS="361"/>
<SP HEIGHT="52" WIDTH="26" VPOS="1043" HPOS="473"/>
<String CONTENT="London," HEIGHT="65" WIDTH="257" VPOS="1043" HPOS="500"/>
<SP HEIGHT="65" WIDTH="26" VPOS="1043" HPOS="758"/>
<String CONTENT="B." HEIGHT="52" WIDTH="66" VPOS="1043" HPOS="785"/>
<SP HEIGHT="52" WIDTH="30" VPOS="1043" HPOS="852"/>
<String CONTENT="Herder" HEIGHT="52" WIDTH="225" VPOS="1043" HPOS="883"/>
<SP HEIGHT="51" WIDTH="25" VPOS="1044" HPOS="1109"/>
<String CONTENT="book" HEIGHT="52" WIDTH="144" VPOS="1043" HPOS="1135"/>
<SP HEIGHT="52" WIDTH="24" VPOS="1043" HPOS="1280"/>
<String CONTENT="co.," HEIGHT="48" WIDTH="96" VPOS="1062" HPOS="1305"/>
<SP HEIGHT="63" WIDTH="29" VPOS="1047" HPOS="1402"/>
<String CONTENT="1934." HEIGHT="49" WIDTH="149" VPOS="1046" HPOS="1432"/>
</TextLine>
<TextLine HEIGHT="49" WIDTH="486" VPOS="1115" HPOS="287" CS="1">
<String CONTENT="xvii," HEIGHT="47" WIDTH="115" VPOS="1116" HPOS="287"/>
<SP/>
<String CONTENT="260" HEIGHT="41" WIDTH="87" VPOS="1115" HPOS="437"/>
<SP HEIGHT="48" WIDTH="28" VPOS="1116" HPOS="525"/>
<String CONTENT="p." HEIGHT="38" WIDTH="42" VPOS="1126" HPOS="554"/>
<SP HEIGHT="40" WIDTH="61" VPOS="1116" HPOS="597"/>
<String CONTENT="19" HEIGHT="40" WIDTH="56" VPOS="1116" HPOS="659"/>
<String STYLE="superscript" CONTENT="cm" HEIGHT="21" WIDTH="43" VPOS="1118" HPOS="717"/>
<String CONTENT="." HEIGHT="8" WIDTH="8" VPOS="1148" HPOS="765"/>
</TextLine>
<TextLine HEIGHT="50" WIDTH="1919" VPOS="1173" HPOS="293">
<String CONTENT="Articles," HEIGHT="47" WIDTH="221" VPOS="1174" HPOS="293"/>
<SP HEIGHT="37" WIDTH="41" VPOS="1184" HPOS="515"/>
<String CONTENT="somewhat" HEIGHT="39" WIDTH="266" VPOS="1174" HPOS="557"/>
<SP HEIGHT="37" WIDTH="38" VPOS="1176" HPOS="824"/>
<String CONTENT="revised," HEIGHT="47" WIDTH="202" VPOS="1173" HPOS="863"/>
<SP HEIGHT="36" WIDTH="40" VPOS="1184" HPOS="1066"/>
<String CONTENT="which" HEIGHT="40" WIDTH="156" VPOS="1173" HPOS="1107"/>
<SP HEIGHT="39" WIDTH="39" VPOS="1175" HPOS="1264"/>
<String CONTENT="appeared" HEIGHT="46" WIDTH="239" VPOS="1176" HPOS="1304"/>
<SP HEIGHT="39" WIDTH="42" VPOS="1174" HPOS="1544"/>
<String CONTENT="in" HEIGHT="38" WIDTH="49" VPOS="1174" HPOS="1587"/>
<SP HEIGHT="37" WIDTH="39" VPOS="1176" HPOS="1637"/>
<String CONTENT="the" HEIGHT="39" WIDTH="82" VPOS="1174" HPOS="1677"/>
<SP HEIGHT="40" WIDTH="37" VPOS="1173" HPOS="1760"/>
<String CONTENT="Acolyte" HEIGHT="48" WIDTH="199" VPOS="1173" HPOS="1798"/>
<SP HEIGHT="39" WIDTH="39" VPOS="1175" HPOS="1998"/>
<String CONTENT="during" HEIGHT="48" WIDTH="174" VPOS="1175" HPOS="2038"/>
</TextLine>
<TextLine HEIGHT="49" WIDTH="408" VPOS="1230" HPOS="219">
<String CONTENT="1933." HEIGHT="42" WIDTH="125" VPOS="1230" HPOS="219"/>
<SP HEIGHT="29" WIDTH="60" VPOS="1242" HPOS="345"/>
<String CONTENT="cf." HEIGHT="47" WIDTH="61" VPOS="1232" HPOS="406"/>
<SP HEIGHT="40" WIDTH="29" VPOS="1231" HPOS="468"/>
<String CONTENT="Pref." HEIGHT="42" WIDTH="129" VPOS="1230" HPOS="498"/>
</TextLine>
<TextLine HEIGHT="51" WIDTH="697" VPOS="1287" HPOS="291">
<String CONTENT="Bibliography:" HEIGHT="50" WIDTH="374" VPOS="1288" HPOS="291"/>
<SP HEIGHT="38" WIDTH="31" VPOS="1299" HPOS="666"/>
<String CONTENT="p." HEIGHT="37" WIDTH="44" VPOS="1300" HPOS="698"/>
<SP HEIGHT="41" WIDTH="28" VPOS="1287" HPOS="743"/>
<String CONTENT="253-254." HEIGHT="42" WIDTH="216" VPOS="1287" HPOS="772"/>
</TextLine>
<TextLine HEIGHT="51" WIDTH="1818" VPOS="1344" HPOS="221" CS="1">
<String CONTENT="&#169;" HEIGHT="51" WIDTH="51" VPOS="1344" HPOS="221"/>
<SP HEIGHT="51" WIDTH="28" VPOS="1344" HPOS="273"/>
<String CONTENT="Mar." HEIGHT="37" WIDTH="120" VPOS="1350" HPOS="302"/>
<SP HEIGHT="39" WIDTH="28" VPOS="1348" HPOS="423"/>
<String CONTENT="5," HEIGHT="45" WIDTH="38" VPOS="1348" HPOS="452"/>
<SP HEIGHT="44" WIDTH="28" VPOS="1349" HPOS="491"/>
<String CS="1" CONTENT="1934;"/>
<SP HEIGHT="40" WIDTH="30" VPOS="1347" HPOS="659"/>
<String CONTENT="2c." HEIGHT="39" WIDTH="65" VPOS="1347" HPOS="690"/>
<SP HEIGHT="28" WIDTH="28" VPOS="1357" HPOS="756"/>
<String CONTENT="and" HEIGHT="37" WIDTH="94" VPOS="1348" HPOS="785"/>
<SP HEIGHT="38" WIDTH="28" VPOS="1348" HPOS="880"/>
<String CONTENT="ail." HEIGHT="40" WIDTH="81" VPOS="1346" HPOS="909"/>
<SP HEIGHT="39" WIDTH="29" VPOS="1347" HPOS="991"/>
<String CONTENT="Mar." HEIGHT="39" WIDTH="120" VPOS="1347" HPOS="1021"/>
<SP HEIGHT="40" WIDTH="29" VPOS="1346" HPOS="1142"/>
<String CONTENT="8;" HEIGHT="41" WIDTH="49" VPOS="1346" HPOS="1172"/>
<SP HEIGHT="40" WIDTH="30" VPOS="1347" HPOS="1222"/>
<!-- cceid BBD8E3F8-6C64-1014-8713-889FF4349C01 --><String CONTENT="A" HEIGHT="37" WIDTH="40" VPOS="1347" HPOS="1253"/>
<SP HEIGHT="39" WIDTH="26" VPOS="1345" HPOS="1294"/>
<String CS="1" CONTENT="69777;" HEIGHT="41" WIDTH="142" VPOS="1345" HPOS="1321"/>
<SP HEIGHT="45" WIDTH="31" VPOS="1347" HPOS="1490"/>
<String CONTENT="B." HEIGHT="38" WIDTH="52" VPOS="1347" HPOS="1522"/>
<SP HEIGHT="38" WIDTH="30" VPOS="1347" HPOS="1575"/>
<String CONTENT="Herder" HEIGHT="39" WIDTH="189" VPOS="1347" HPOS="1606"/>
<SP HEIGHT="37" WIDTH="28" VPOS="1348" HPOS="1796"/>
<String CONTENT="book" HEIGHT="38" WIDTH="120" VPOS="1348" HPOS="1825"/>
<SP HEIGHT="39" WIDTH="27" VPOS="1348" HPOS="1946"/>
<String CONTENT="co." HEIGHT="29" WIDTH="65" VPOS="1358" HPOS="1974"/>
</TextLine>
<TextLine HEIGHT="49" WIDTH="249" VPOS="1404" HPOS="298">
<String CONTENT="(34-5877)" HEIGHT="49" WIDTH="249" VPOS="1404" HPOS="298"/>
</TextLine>
<TextLine HEIGHT="66" WIDTH="1442" VPOS="1492" HPOS="217" STYLEREFS="StyleId-C915D16B-19D7-4623-8B5F-2547B0370A90-">
<String CONTENT="Parmenter," HEIGHT="65" WIDTH="367" VPOS="1493" HPOS="217"/>
<SP HEIGHT="64" WIDTH="29" VPOS="1494" HPOS="585"/>
<String CONTENT="Mrs." HEIGHT="54" WIDTH="138" VPOS="1494" HPOS="615"/>
<SP HEIGHT="53" WIDTH="35" VPOS="1495" HPOS="754"/>
<String CONTENT="Christine" HEIGHT="55" WIDTH="299" VPOS="1492" HPOS="790"/>
<SP HEIGHT="62" WIDTH="31" VPOS="1494" HPOS="1090"/>
<String CONTENT="(Whiting)" HEIGHT="66" WIDTH="326" VPOS="1492" HPOS="1122"/>
<SP HEIGHT="64" WIDTH="39" VPOS="1494" HPOS="1449"/>
<String CONTENT="1877-" HEIGHT="53" WIDTH="170" VPOS="1493" HPOS="1489"/>
</TextLine>
<TextLine HEIGHT="68" WIDTH="1856" VPOS="1570" HPOS="286" STYLEREFS="StyleId-20F527DB-031F-4922-AC63-9F50F01DA5F3-" CS="1">
<String CONTENT="The" HEIGHT="51" WIDTH="119" VPOS="1573" HPOS="286"/>
<SP HEIGHT="33" WIDTH="35" VPOS="1591" HPOS="406"/>
<String CONTENT="wind" HEIGHT="52" WIDTH="154" VPOS="1572" HPOS="442"/>
<SP HEIGHT="51" WIDTH="33" VPOS="1573" HPOS="597"/>
<String CONTENT="blows" HEIGHT="52" WIDTH="174" VPOS="1572" HPOS="631"/>
<SP HEIGHT="33" WIDTH="36" VPOS="1591" HPOS="806"/>
<String CONTENT="west," HEIGHT="61" WIDTH="153" VPOS="1577" HPOS="843"/>
<SP HEIGHT="65" WIDTH="32" VPOS="1573" HPOS="997"/>
<String CONTENT="by" HEIGHT="65" WIDTH="74" VPOS="1573" HPOS="1030"/>
<SP HEIGHT="68" WIDTH="36" VPOS="1570" HPOS="1105"/>
<String CONTENT="Christine" HEIGHT="54" WIDTH="286" VPOS="1570" HPOS="1142"/>
<SP HEIGHT="52" WIDTH="33" VPOS="1572" HPOS="1429"/>
<String CONTENT="Whiting" HEIGHT="67" WIDTH="265" VPOS="1570" HPOS="1463"/>
<SP HEIGHT="64" WIDTH="35" VPOS="1573" HPOS="1729"/>
<String CONTENT="Parmenter" HEIGHT="51" WIDTH="334" VPOS="1573" HPOS="1765"/>
<SP HEIGHT="34" WIDTH="42" VPOS="1591" HPOS="2100"/>
<String CS="1" CONTENT="&#8230;"/>
</TextLine>
<TextLine HEIGHT="66" WIDTH="1526" VPOS="1649" HPOS="217" STYLEREFS="StyleId-20F527DB-031F-4922-AC63-9F50F01DA5F3-">
<String CONTENT="New" HEIGHT="53" WIDTH="138" VPOS="1649" HPOS="217"/>
<SP HEIGHT="51" WIDTH="28" VPOS="1651" HPOS="356"/>
<String CONTENT="York," HEIGHT="65" WIDTH="178" VPOS="1649" HPOS="385"/>
<SP HEIGHT="63" WIDTH="28" VPOS="1651" HPOS="564"/>
<String CONTENT="Thomas" HEIGHT="52" WIDTH="247" VPOS="1650" HPOS="593"/>
<SP HEIGHT="51" WIDTH="28" VPOS="1651" HPOS="841"/>
<String CONTENT="Y." HEIGHT="52" WIDTH="69" VPOS="1651" HPOS="870"/>
<SP HEIGHT="54" WIDTH="30" VPOS="1650" HPOS="940"/>
<String CONTENT="Crowell" HEIGHT="54" WIDTH="241" VPOS="1650" HPOS="971"/>
<SP HEIGHT="52" WIDTH="26" VPOS="1651" HPOS="1213"/>
<String CONTENT="company" HEIGHT="48" WIDTH="279" VPOS="1667" HPOS="1240"/>
<SP HEIGHT="48" WIDTH="32" VPOS="1667" HPOS="1520"/>
<String CONTENT="[" HEIGHT="32" WIDTH="12" VPOS="1683" HPOS="1553"/>
<String STYLE="superscript" CONTENT="c" HEIGHT="21" WIDTH="18" VPOS="1655" HPOS="1570"/>
<String CONTENT="1934]" HEIGHT="63" WIDTH="149" VPOS="1652" HPOS="1594"/>
</TextLine>
<TextLine HEIGHT="50" WIDTH="489" VPOS="1720" HPOS="289" STYLEREFS="StyleId-20F527DB-031F-4922-AC63-9F50F01DA5F3-" CS="1">
<String CONTENT="viii," HEIGHT="48" WIDTH="99" VPOS="1720" HPOS="289"/>
<SP HEIGHT="46" WIDTH="26" VPOS="1722" HPOS="389"/>
<String CONTENT="340" HEIGHT="40" WIDTH="86" VPOS="1722" HPOS="416"/>
<SP HEIGHT="48" WIDTH="25" VPOS="1722" HPOS="503"/>
<String CONTENT="p." HEIGHT="38" WIDTH="43" VPOS="1732" HPOS="529"/>
<SP HEIGHT="39" WIDTH="59" VPOS="1721" HPOS="573"/>
<String CS="1" CONTENT="19&#189;" HEIGHT="40" WIDTH="56" VPOS="1721" HPOS="633"/>
<String STYLE="superscript" CONTENT="cm" HEIGHT="21" WIDTH="43" VPOS="1724" HPOS="721"/>
<String CONTENT="." HEIGHT="8" WIDTH="8" VPOS="1754" HPOS="770"/>
</TextLine>
<TextLine HEIGHT="51" WIDTH="1984" VPOS="1775" HPOS="221" CS="1">
<String CONTENT="&#169;" HEIGHT="51" WIDTH="51" VPOS="1775" HPOS="221"/>
<SP HEIGHT="51" WIDTH="28" VPOS="1775" HPOS="273"/>
<String CONTENT="Mar." HEIGHT="37" WIDTH="119" VPOS="1781" HPOS="302"/>
<SP HEIGHT="37" WIDTH="29" VPOS="1780" HPOS="422"/>
<String CONTENT="16," HEIGHT="46" WIDTH="67" VPOS="1779" HPOS="452"/>
<SP HEIGHT="45" WIDTH="29" VPOS="1780" HPOS="520"/>
<String CS="1" CONTENT="1934;"/>
<SP HEIGHT="40" WIDTH="30" VPOS="1779" HPOS="690"/>
<String CONTENT="2c." HEIGHT="38" WIDTH="65" VPOS="1779" HPOS="721"/>
<SP HEIGHT="37" WIDTH="30" VPOS="1780" HPOS="787"/>
<String CONTENT="Mar." HEIGHT="37" WIDTH="120" VPOS="1780" HPOS="818"/>
<SP HEIGHT="39" WIDTH="28" VPOS="1778" HPOS="939"/>
<String CONTENT="22;" HEIGHT="46" WIDTH="81" VPOS="1778" HPOS="968"/>
<SP HEIGHT="35" WIDTH="31" VPOS="1789" HPOS="1050"/>
<String LANG="de" CONTENT="aff." HEIGHT="41" WIDTH="79" VPOS="1778" HPOS="1082"/>
<SP HEIGHT="39" WIDTH="30" VPOS="1780" HPOS="1162"/>
<String CONTENT="Mar." HEIGHT="37" WIDTH="120" VPOS="1780" HPOS="1193"/>
<SP HEIGHT="38" WIDTH="29" VPOS="1779" HPOS="1314"/>
<String CONTENT="21;" HEIGHT="45" WIDTH="80" VPOS="1779" HPOS="1344"/>
<SP HEIGHT="46" WIDTH="30" VPOS="1778" HPOS="1425"/>
<!-- cceid BBD97521-6C64-1014-8713-889FF4349C01 --><String CONTENT="A" HEIGHT="38" WIDTH="42" VPOS="1778" HPOS="1456"/>
<SP HEIGHT="40" WIDTH="25" VPOS="1778" HPOS="1499"/>
<String CONTENT="70757;" HEIGHT="46" WIDTH="169" VPOS="1778" HPOS="1525"/>
<SP HEIGHT="46" WIDTH="33" VPOS="1778" HPOS="1695"/>
<String CONTENT="C." HEIGHT="40" WIDTH="46" VPOS="1778" HPOS="1729"/>
<SP HEIGHT="38" WIDTH="30" VPOS="1779" HPOS="1776"/>
<String CONTENT="W." HEIGHT="38" WIDTH="70" VPOS="1779" HPOS="1807"/>
<SP HEIGHT="39" WIDTH="29" VPOS="1778" HPOS="1878"/>
<String CONTENT="Parmenter," HEIGHT="46" WIDTH="297" VPOS="1778" HPOS="1908"/>
</TextLine>
<TextLine HEIGHT="49" WIDTH="941" VPOS="1834" HPOS="289">
<String CONTENT="Colorado" HEIGHT="40" WIDTH="234" VPOS="1836" HPOS="289"/>
<SP HEIGHT="40" WIDTH="38" VPOS="1836" HPOS="524"/>
<String CONTENT="Springs." HEIGHT="47" WIDTH="212" VPOS="1836" HPOS="563"/>
<SP HEIGHT="42" WIDTH="37" VPOS="1835" HPOS="776"/>
<String CONTENT="Col." HEIGHT="40" WIDTH="96" VPOS="1835" HPOS="814"/>
<SP HEIGHT="47" WIDTH="71" VPOS="1835" HPOS="911"/>
<String CONTENT="(34-5826)" HEIGHT="48" WIDTH="247" VPOS="1834" HPOS="983"/>
</TextLine>
</TextBlock>
<TextBlock ID="Page302_Block3" HEIGHT="1349" WIDTH="2006" VPOS="1917" HPOS="209" LANG="en-US" CS="1" STYLEREFS="StyleId-20F527DB-031F-4922-AC63-9F50F01DA5F3-">
<TextLine HEIGHT="67" WIDTH="1282" VPOS="1923" HPOS="220" STYLEREFS="StyleId-C915D16B-19D7-4623-8B5F-2547B0370A90-">
<String CONTENT="Richards," HEIGHT="67" WIDTH="305" VPOS="1923" HPOS="220"/>
<SP HEIGHT="65" WIDTH="26" VPOS="1925" HPOS="526"/>
<String CONTENT="James" HEIGHT="53" WIDTH="201" VPOS="1925" HPOS="553"/>
<SP HEIGHT="53" WIDTH="26" VPOS="1925" HPOS="755"/>
<String CONTENT="Albert," HEIGHT="65" WIDTH="226" VPOS="1924" HPOS="782"/>
<SP HEIGHT="61" WIDTH="29" VPOS="1928" HPOS="1009"/>
<String CONTENT="1890-" HEIGHT="49" WIDTH="169" VPOS="1928" HPOS="1039"/>
<SP HEIGHT="34" WIDTH="209" VPOS="1942" HPOS="1209"/>
<String CONTENT="ed." HEIGHT="52" WIDTH="83" VPOS="1925" HPOS="1419"/>
</TextLine>
<TextLine HEIGHT="71" WIDTH="1918" VPOS="1998" HPOS="288">
<String CONTENT="Things" HEIGHT="69" WIDTH="219" VPOS="2000" HPOS="288"/>
<SP HEIGHT="34" WIDTH="35" VPOS="2019" HPOS="508"/>
<String CONTENT="we" HEIGHT="33" WIDTH="80" VPOS="2019" HPOS="544"/>
<SP HEIGHT="51" WIDTH="39" VPOS="2002" HPOS="625"/>
<String CONTENT="don&#8217;t" HEIGHT="52" WIDTH="156" VPOS="2002" HPOS="665"/>
<SP HEIGHT="48" WIDTH="33" VPOS="2007" HPOS="822"/>
<String CONTENT="talk" HEIGHT="55" WIDTH="123" VPOS="2000" HPOS="856"/>
<SP HEIGHT="52" WIDTH="35" VPOS="2000" HPOS="980"/>
<String CONTENT="about," HEIGHT="66" WIDTH="184" VPOS="2002" HPOS="1016"/>
<SP HEIGHT="47" WIDTH="36" VPOS="2021" HPOS="1201"/>
<String CONTENT="edited" HEIGHT="57" WIDTH="186" VPOS="1998" HPOS="1238"/>
<SP HEIGHT="52" WIDTH="37" VPOS="2000" HPOS="1425"/>
<String CONTENT="by" HEIGHT="68" WIDTH="72" VPOS="2000" HPOS="1463"/>
<SP HEIGHT="68" WIDTH="37" VPOS="2000" HPOS="1536"/>
<String CONTENT="James" HEIGHT="53" WIDTH="191" VPOS="2000" HPOS="1574"/>
<SP HEIGHT="51" WIDTH="36" VPOS="2000" HPOS="1766"/>
<String CONTENT="A." HEIGHT="51" WIDTH="69" VPOS="2000" HPOS="1803"/>
<SP HEIGHT="51" WIDTH="37" VPOS="2000" HPOS="1873"/>
<String CONTENT="Richards," HEIGHT="70" WIDTH="295" VPOS="1998" HPOS="1911"/>
</TextLine>
<TextLine HEIGHT="70" WIDTH="1985" VPOS="2077" HPOS="219">
<String CONTENT="assisted" HEIGHT="54" WIDTH="233" VPOS="2079" HPOS="219"/>
<SP HEIGHT="52" WIDTH="31" VPOS="2079" HPOS="453"/>
<String CONTENT="by" HEIGHT="67" WIDTH="75" VPOS="2080" HPOS="485"/>
<SP HEIGHT="67" WIDTH="33" VPOS="2080" HPOS="561"/>
<String CONTENT="Frederick" HEIGHT="55" WIDTH="307" VPOS="2077" HPOS="595"/>
<SP HEIGHT="53" WIDTH="28" VPOS="2077" HPOS="903"/>
<String CONTENT="H." HEIGHT="51" WIDTH="75" VPOS="2079" HPOS="932"/>
<SP HEIGHT="52" WIDTH="34" VPOS="2078" HPOS="1008"/>
<String CONTENT="Martens," HEIGHT="69" WIDTH="271" VPOS="2078" HPOS="1043"/>
<SP HEIGHT="69" WIDTH="32" VPOS="2078" HPOS="1315"/>
<String CONTENT="Florence" HEIGHT="53" WIDTH="268" VPOS="2077" HPOS="1348"/>
<SP HEIGHT="54" WIDTH="36" VPOS="2077" HPOS="1617"/>
<String CONTENT="Courtenay," HEIGHT="68" WIDTH="339" VPOS="2077" HPOS="1654"/>
<SP HEIGHT="68" WIDTH="33" VPOS="2077" HPOS="1994"/>
<String CONTENT="Milli-" HEIGHT="52" WIDTH="176" VPOS="2077" HPOS="2028"/>
</TextLine>
<TextLine HEIGHT="70" WIDTH="1985" VPOS="2155" HPOS="219">
<String CONTENT="cent" HEIGHT="46" WIDTH="124" VPOS="2164" HPOS="219"/>
<SP HEIGHT="53" WIDTH="40" VPOS="2157" HPOS="344"/>
<String CONTENT="Melrose" HEIGHT="52" WIDTH="240" VPOS="2157" HPOS="385"/>
<SP HEIGHT="48" WIDTH="48" VPOS="2176" HPOS="626"/>
<String CONTENT="[and]" HEIGHT="67" WIDTH="149" VPOS="2157" HPOS="675"/>
<SP HEIGHT="67" WIDTH="46" VPOS="2157" HPOS="825"/>
<String CONTENT="Henry" HEIGHT="68" WIDTH="200" VPOS="2157" HPOS="872"/>
<SP HEIGHT="70" WIDTH="44" VPOS="2155" HPOS="1073"/>
<String CONTENT="Stanton." HEIGHT="54" WIDTH="257" VPOS="2155" HPOS="1118"/>
<SP HEIGHT="51" WIDTH="79" VPOS="2156" HPOS="1376"/>
<String CONTENT="New" HEIGHT="53" WIDTH="136" VPOS="2156" HPOS="1456"/>
<SP HEIGHT="51" WIDTH="46" VPOS="2156" HPOS="1593"/>
<String CONTENT="York," HEIGHT="67" WIDTH="176" VPOS="2155" HPOS="1640"/>
<SP HEIGHT="67" WIDTH="41" VPOS="2155" HPOS="1817"/>
<String CONTENT="True" HEIGHT="52" WIDTH="149" VPOS="2155" HPOS="1859"/>
<SP HEIGHT="33" WIDTH="42" VPOS="2174" HPOS="2009"/>
<String CONTENT="story" HEIGHT="62" WIDTH="152" VPOS="2161" HPOS="2052"/>
</TextLine>
<TextLine HEIGHT="69" WIDTH="924" VPOS="2234" HPOS="217">
<String CONTENT="publishing" HEIGHT="69" WIDTH="332" VPOS="2234" HPOS="217"/>
<SP HEIGHT="48" WIDTH="30" VPOS="2253" HPOS="550"/>
<String CONTENT="corporation," HEIGHT="66" WIDTH="374" VPOS="2236" HPOS="581"/>
<SP HEIGHT="65" WIDTH="37" VPOS="2237" HPOS="956"/>
<String CONTENT="1934." HEIGHT="50" WIDTH="147" VPOS="2236" HPOS="994"/>
</TextLine>
<TextLine HEIGHT="49" WIDTH="570" VPOS="2306" HPOS="286" STYLEREFS="StyleId-3B4C1392-A2AC-4C31-835C-4B918220D9D2-" CS="1">
<String CONTENT="2" HEIGHT="39" WIDTH="26" VPOS="2306" HPOS="286"/>
<SP/>
<String CONTENT="p." HEIGHT="38" WIDTH="42" VPOS="2317" HPOS="341"/>
<SP HEIGHT="40" WIDTH="32" VPOS="2308" HPOS="384"/>
<String CS="1" CONTENT="l.,"/>
<SP HEIGHT="46" WIDTH="31" VPOS="2308" HPOS="461"/>
<String CONTENT="153" HEIGHT="40" WIDTH="84" VPOS="2307" HPOS="493"/>
<SP HEIGHT="47" WIDTH="29" VPOS="2307" HPOS="578"/>
<String CONTENT="p." HEIGHT="37" WIDTH="42" VPOS="2317" HPOS="608"/>
<SP HEIGHT="39" WIDTH="59" VPOS="2307" HPOS="651"/>
<String CONTENT="18p" HEIGHT="49" WIDTH="103" VPOS="2306" HPOS="711"/>
<String STYLE="superscript" CONTENT="m" HEIGHT="20" WIDTH="27" VPOS="2309" HPOS="816"/>
<String CONTENT="." HEIGHT="8" WIDTH="8" VPOS="2339" HPOS="848"/>
</TextLine>
<TextLine HEIGHT="51" WIDTH="1985" VPOS="2363" HPOS="220" STYLEREFS="StyleId-3B4C1392-A2AC-4C31-835C-4B918220D9D2-" CS="1">
<String CONTENT="&#169;" HEIGHT="51" WIDTH="51" VPOS="2363" HPOS="220"/>
<SP HEIGHT="51" WIDTH="37" VPOS="2363" HPOS="272"/>
<String CONTENT="Mar." HEIGHT="37" WIDTH="120" VPOS="2369" HPOS="310"/>
<SP HEIGHT="37" WIDTH="35" VPOS="2369" HPOS="431"/>
<String CONTENT="1," HEIGHT="44" WIDTH="38" VPOS="2369" HPOS="467"/>
<SP HEIGHT="44" WIDTH="36" VPOS="2369" HPOS="506"/>
<String CONTENT="1934;" HEIGHT="41" WIDTH="138" VPOS="2367" HPOS="543"/>
<SP HEIGHT="41" WIDTH="38" VPOS="2367" HPOS="682"/>
<String CONTENT="2c." HEIGHT="40" WIDTH="66" VPOS="2367" HPOS="721"/>
<SP HEIGHT="30" WIDTH="36" VPOS="2377" HPOS="788"/>
<String CONTENT="and" HEIGHT="37" WIDTH="94" VPOS="2368" HPOS="825"/>
<SP HEIGHT="37" WIDTH="35" VPOS="2368" HPOS="920"/>
<String CS="1" CONTENT="aff."/>
<SP HEIGHT="37" WIDTH="39" VPOS="2367" HPOS="1036"/>
<String CONTENT="Mar." HEIGHT="38" WIDTH="118" VPOS="2367" HPOS="1076"/>
<SP HEIGHT="37" WIDTH="36" VPOS="2368" HPOS="1195"/>
<String CONTENT="19;" HEIGHT="47" WIDTH="80" VPOS="2365" HPOS="1232"/>
<SP HEIGHT="45" WIDTH="38" VPOS="2367" HPOS="1313"/>
<!-- cceid BBDA076C-6C64-1014-8713-889FF4349C01 --><String CONTENT="A" HEIGHT="37" WIDTH="40" VPOS="2367" HPOS="1352"/>
<SP HEIGHT="38" WIDTH="35" VPOS="2367" HPOS="1393"/>
<String CONTENT="70737:" HEIGHT="41" WIDTH="167" VPOS="2365" HPOS="1429"/>
<SP HEIGHT="39" WIDTH="41" VPOS="2367" HPOS="1597"/>
<String CONTENT="J." HEIGHT="38" WIDTH="39" VPOS="2367" HPOS="1639"/>
<SP HEIGHT="37" WIDTH="38" VPOS="2367" HPOS="1679"/>
<String CONTENT="A." HEIGHT="38" WIDTH="52" VPOS="2367" HPOS="1718"/>
<SP HEIGHT="38" WIDTH="38" VPOS="2367" HPOS="1771"/>
<String CONTENT="Richards," HEIGHT="47" WIDTH="252" VPOS="2365" HPOS="1810"/>
<SP HEIGHT="47" WIDTH="36" VPOS="2365" HPOS="2063"/>
<String CONTENT="inc.." HEIGHT="40" WIDTH="105" VPOS="2365" HPOS="2100"/>
</TextLine>
<TextLine HEIGHT="49" WIDTH="612" VPOS="2423" HPOS="286" STYLEREFS="StyleId-3B4C1392-A2AC-4C31-835C-4B918220D9D2-">
<String CONTENT="New" HEIGHT="38" WIDTH="115" VPOS="2425" HPOS="286"/>
<SP HEIGHT="38" WIDTH="28" VPOS="2424" HPOS="402"/>
<String CONTENT="York." HEIGHT="39" WIDTH="143" VPOS="2424" HPOS="431"/>
<SP HEIGHT="47" WIDTH="73" VPOS="2425" HPOS="575"/>
<String CONTENT="(34-5951)" HEIGHT="49" WIDTH="249" VPOS="2423" HPOS="649"/>
</TextLine>
<TextLine HEIGHT="67" WIDTH="961" VPOS="2497" HPOS="220">
<String CONTENT="Ryan," HEIGHT="65" WIDTH="184" VPOS="2499" HPOS="220"/>
<SP HEIGHT="64" WIDTH="27" VPOS="2500" HPOS="405"/>
<String CONTENT="William" HEIGHT="55" WIDTH="254" VPOS="2497" HPOS="433"/>
<SP HEIGHT="51" WIDTH="29" VPOS="2500" HPOS="688"/>
<String CONTENT="Francis," HEIGHT="65" WIDTH="261" VPOS="2498" HPOS="718"/>
<SP HEIGHT="59" WIDTH="31" VPOS="2504" HPOS="980"/>
<String CONTENT="1907-" HEIGHT="53" WIDTH="169" VPOS="2498" HPOS="1012"/>
</TextLine>
<TextLine HEIGHT="69" WIDTH="1919" VPOS="2574" HPOS="290">
<String CONTENT="Scientific" HEIGHT="54" WIDTH="289" VPOS="2576" HPOS="290"/>
<SP HEIGHT="34" WIDTH="40" VPOS="2595" HPOS="580"/>
<String CONTENT="checkers" HEIGHT="54" WIDTH="258" VPOS="2575" HPOS="621"/>
<SP HEIGHT="33" WIDTH="43" VPOS="2596" HPOS="880"/>
<String CONTENT="made" HEIGHT="51" WIDTH="162" VPOS="2577" HPOS="924"/>
<SP HEIGHT="32" WIDTH="43" VPOS="2596" HPOS="1087"/>
<String CONTENT="easy;" HEIGHT="49" WIDTH="158" VPOS="2594" HPOS="1131"/>
<SP HEIGHT="48" WIDTH="46" VPOS="2594" HPOS="1290"/>
<String CONTENT="a" HEIGHT="33" WIDTH="31" VPOS="2595" HPOS="1337"/>
<SP HEIGHT="33" WIDTH="41" VPOS="2595" HPOS="1369"/>
<String CONTENT="simplified" HEIGHT="69" WIDTH="307" VPOS="2574" HPOS="1411"/>
<SP HEIGHT="67" WIDTH="42" VPOS="2576" HPOS="1719"/>
<String CONTENT="guide" HEIGHT="67" WIDTH="170" VPOS="2576" HPOS="1762"/>
<SP HEIGHT="53" WIDTH="44" VPOS="2574" HPOS="1933"/>
<String CONTENT="for" HEIGHT="53" WIDTH="93" VPOS="2574" HPOS="1978"/>
<SP HEIGHT="46" WIDTH="42" VPOS="2579" HPOS="2072"/>
<String CONTENT="the" HEIGHT="51" WIDTH="94" VPOS="2574" HPOS="2115"/>
</TextLine>
<TextLine HEIGHT="69" WIDTH="1992" VPOS="2654" HPOS="217">
<String CONTENT="beginner" HEIGHT="68" WIDTH="271" VPOS="2655" HPOS="217"/>
<SP HEIGHT="33" WIDTH="35" VPOS="2674" HPOS="489"/>
<String CONTENT="and" HEIGHT="52" WIDTH="112" VPOS="2655" HPOS="525"/>
<SP HEIGHT="52" WIDTH="37" VPOS="2655" HPOS="638"/>
<String CONTENT="an" HEIGHT="34" WIDTH="69" VPOS="2673" HPOS="676"/>
<SP HEIGHT="33" WIDTH="35" VPOS="2673" HPOS="746"/>
<String CONTENT="up-to-date" HEIGHT="67" WIDTH="323" VPOS="2655" HPOS="782"/>
<SP HEIGHT="32" WIDTH="32" VPOS="2674" HPOS="1106"/>
<String CONTENT="manual" HEIGHT="49" WIDTH="229" VPOS="2657" HPOS="1139"/>
<SP HEIGHT="52" WIDTH="36" VPOS="2654" HPOS="1369"/>
<String CONTENT="for" HEIGHT="53" WIDTH="94" VPOS="2654" HPOS="1406"/>
<SP HEIGHT="46" WIDTH="32" VPOS="2660" HPOS="1501"/>
<String CONTENT="the" HEIGHT="52" WIDTH="95" VPOS="2655" HPOS="1534"/>
<SP HEIGHT="34" WIDTH="35" VPOS="2673" HPOS="1630"/>
<String CONTENT="advanced" HEIGHT="52" WIDTH="287" VPOS="2654" HPOS="1666"/>
<SP HEIGHT="67" WIDTH="38" VPOS="2654" HPOS="1954"/>
<String CONTENT="player," HEIGHT="67" WIDTH="216" VPOS="2654" HPOS="1993"/>
</TextLine>
<TextLine HEIGHT="69" WIDTH="1991" VPOS="2732" HPOS="217">
<String CONTENT="illustrated" HEIGHT="52" WIDTH="328" VPOS="2733" HPOS="217"/>
<SP HEIGHT="52" WIDTH="24" VPOS="2733" HPOS="546"/>
<String CONTENT="by" HEIGHT="67" WIDTH="75" VPOS="2734" HPOS="571"/>
<SP HEIGHT="49" WIDTH="27" VPOS="2752" HPOS="647"/>
<String CONTENT="many" HEIGHT="49" WIDTH="170" VPOS="2751" HPOS="675"/>
<SP HEIGHT="49" WIDTH="28" VPOS="2751" HPOS="846"/>
<String CONTENT="new" HEIGHT="34" WIDTH="123" VPOS="2751" HPOS="875"/>
<SP HEIGHT="32" WIDTH="28" VPOS="2753" HPOS="999"/>
<String CONTENT="and" HEIGHT="51" WIDTH="110" VPOS="2734" HPOS="1028"/>
<SP HEIGHT="51" WIDTH="31" VPOS="2734" HPOS="1139"/>
<String CONTENT="original" HEIGHT="69" WIDTH="245" VPOS="2732" HPOS="1171"/>
<SP HEIGHT="49" WIDTH="30" VPOS="2735" HPOS="1417"/>
<String CONTENT="examples" HEIGHT="66" WIDTH="286" VPOS="2734" HPOS="1448"/>
<SP HEIGHT="33" WIDTH="27" VPOS="2752" HPOS="1735"/>
<String CONTENT="of" HEIGHT="52" WIDTH="62" VPOS="2732" HPOS="1763"/>
<SP HEIGHT="52" WIDTH="29" VPOS="2732" HPOS="1826"/>
<String CONTENT="actual" HEIGHT="51" WIDTH="185" VPOS="2733" HPOS="1856"/>
<SP HEIGHT="67" WIDTH="31" VPOS="2733" HPOS="2042"/>
<String CONTENT="play" HEIGHT="65" WIDTH="134" VPOS="2735" HPOS="2074"/>
</TextLine>
<TextLine HEIGHT="69" WIDTH="1928" VPOS="2811" HPOS="219" CS="1">
<String CONTENT="and" HEIGHT="52" WIDTH="111" VPOS="2811" HPOS="219"/>
<SP HEIGHT="51" WIDTH="38" VPOS="2811" HPOS="331"/>
<String CONTENT="illuminating" HEIGHT="69" WIDTH="394" VPOS="2811" HPOS="370"/>
<SP HEIGHT="50" WIDTH="42" VPOS="2830" HPOS="765"/>
<String CONTENT="anecdotes." HEIGHT="53" WIDTH="309" VPOS="2811" HPOS="808"/>
<SP HEIGHT="51" WIDTH="76" VPOS="2812" HPOS="1118"/>
<String CONTENT="By" HEIGHT="66" WIDTH="91" VPOS="2812" HPOS="1195"/>
<SP HEIGHT="66" WIDTH="36" VPOS="2812" HPOS="1287"/>
<String CONTENT="Wm." HEIGHT="53" WIDTH="149" VPOS="2812" HPOS="1324"/>
<SP HEIGHT="51" WIDTH="41" VPOS="2812" HPOS="1474"/>
<String CONTENT="F." HEIGHT="51" WIDTH="66" VPOS="2812" HPOS="1516"/>
<SP HEIGHT="64" WIDTH="51" VPOS="2812" HPOS="1583"/>
<String CONTENT="(Willie)" HEIGHT="68" WIDTH="249" VPOS="2811" HPOS="1635"/>
<SP HEIGHT="67" WIDTH="47" VPOS="2812" HPOS="1885"/>
<String CONTENT="Ryan" HEIGHT="66" WIDTH="169" VPOS="2813" HPOS="1933"/>
<SP HEIGHT="32" WIDTH="44" VPOS="2830" HPOS="2103"/>
<String CS="1" CONTENT="&#8230;"/>
</TextLine>
<TextLine HEIGHT="70" WIDTH="1992" VPOS="2888" HPOS="215">
<String CONTENT="Philadelphia," HEIGHT="68" WIDTH="425" VPOS="2888" HPOS="215"/>
<SP HEIGHT="67" WIDTH="40" VPOS="2889" HPOS="641"/>
<String CONTENT="Chicago" HEIGHT="69" WIDTH="251" VPOS="2889" HPOS="682"/>
<SP HEIGHT="46" WIDTH="46" VPOS="2910" HPOS="934"/>
<String CONTENT="[etc.]" HEIGHT="62" WIDTH="136" VPOS="2894" HPOS="981"/>
<SP HEIGHT="65" WIDTH="44" VPOS="2890" HPOS="1118"/>
<String CONTENT="The" HEIGHT="53" WIDTH="119" VPOS="2889" HPOS="1163"/>
<SP HEIGHT="54" WIDTH="39" VPOS="2889" HPOS="1283"/>
<String CONTENT="John" HEIGHT="54" WIDTH="157" VPOS="2889" HPOS="1323"/>
<SP HEIGHT="54" WIDTH="38" VPOS="2890" HPOS="1481"/>
<String CONTENT="C." HEIGHT="54" WIDTH="63" VPOS="2890" HPOS="1520"/>
<SP HEIGHT="52" WIDTH="36" VPOS="2891" HPOS="1584"/>
<String CONTENT="Winston" HEIGHT="52" WIDTH="267" VPOS="2891" HPOS="1621"/>
<SP HEIGHT="33" WIDTH="39" VPOS="2909" HPOS="1889"/>
<String CONTENT="company" HEIGHT="49" WIDTH="278" VPOS="2909" HPOS="1929"/>
</TextLine>
<TextLine HEIGHT="64" WIDTH="193" VPOS="2970" HPOS="220" CS="1">
<String CS="1" CONTENT="[c1934]" HEIGHT="64" WIDTH="193" VPOS="2970" HPOS="220"/>
</TextLine>
<TextLine HEIGHT="51" WIDTH="1036" VPOS="3038" HPOS="287" STYLEREFS="StyleId-3B4C1392-A2AC-4C31-835C-4B918220D9D2-">
<String CONTENT="xiii," HEIGHT="48" WIDTH="103" VPOS="3039" HPOS="287"/>
<SP HEIGHT="49" WIDTH="28" VPOS="3038" HPOS="391"/>
<String CONTENT="205" HEIGHT="41" WIDTH="84" VPOS="3038" HPOS="420"/>
<SP HEIGHT="47" WIDTH="27" VPOS="3041" HPOS="505"/>
<String CONTENT="p." HEIGHT="37" WIDTH="41" VPOS="3051" HPOS="533"/>
<SP HEIGHT="40" WIDTH="59" VPOS="3039" HPOS="575"/>
<String CONTENT="front," HEIGHT="41" WIDTH="148" VPOS="3039" HPOS="635"/>
<SP HEIGHT="47" WIDTH="29" VPOS="3040" HPOS="784"/>
<String CONTENT="(port.)" HEIGHT="49" WIDTH="170" VPOS="3040" HPOS="814"/>
<SP HEIGHT="48" WIDTH="37" VPOS="3041" HPOS="985"/>
<String CONTENT="illus." HEIGHT="40" WIDTH="126" VPOS="3041" HPOS="1023"/>
<SP HEIGHT="38" WIDTH="59" VPOS="3042" HPOS="1150"/>
<String CONTENT="19" HEIGHT="40" WIDTH="56" VPOS="3040" HPOS="1210"/>
<String STYLE="superscript" CONTENT="cm" HEIGHT="20" WIDTH="42" VPOS="3043" HPOS="1269"/>
<String CONTENT="." HEIGHT="7" WIDTH="7" VPOS="3073" HPOS="1316"/>
</TextLine>
<TextLine HEIGHT="50" WIDTH="1692" VPOS="3097" HPOS="291" STYLEREFS="StyleId-3B4C1392-A2AC-4C31-835C-4B918220D9D2-" CS="1">
<String CONTENT="&#8220;Wood&#8217;s" HEIGHT="41" WIDTH="217" VPOS="3097" HPOS="291"/>
<SP HEIGHT="38" WIDTH="31" VPOS="3108" HPOS="509"/>
<String CONTENT="problem" HEIGHT="49" WIDTH="213" VPOS="3097" HPOS="541"/>
<SP HEIGHT="37" WIDTH="32" VPOS="3109" HPOS="755"/>
<String CONTENT="gems" HEIGHT="38" WIDTH="129" VPOS="3108" HPOS="788"/>
<SP HEIGHT="29" WIDTH="35" VPOS="3109" HPOS="918"/>
<String CS="1" CONTENT="&#8230;"/>
<SP HEIGHT="38" WIDTH="33" VPOS="3100" HPOS="999"/>
<String CONTENT="by" HEIGHT="45" WIDTH="61" VPOS="3100" HPOS="1033"/>
<SP HEIGHT="46" WIDTH="30" VPOS="3099" HPOS="1095"/>
<String CONTENT="William" HEIGHT="41" WIDTH="213" VPOS="3097" HPOS="1126"/>
<SP HEIGHT="39" WIDTH="32" VPOS="3098" HPOS="1340"/>
<String CONTENT="J." HEIGHT="40" WIDTH="42" VPOS="3098" HPOS="1373"/>
<SP HEIGHT="39" WIDTH="34" VPOS="3100" HPOS="1416"/>
<String CONTENT="Wood&#8221;:" HEIGHT="39" WIDTH="206" VPOS="3100" HPOS="1451"/>
<SP HEIGHT="37" WIDTH="34" VPOS="3110" HPOS="1658"/>
<String CONTENT="p." HEIGHT="36" WIDTH="42" VPOS="3111" HPOS="1693"/>
<SP HEIGHT="38" WIDTH="32" VPOS="3101" HPOS="1736"/>
<String CONTENT="179-191." HEIGHT="42" WIDTH="214" VPOS="3100" HPOS="1769"/>
</TextLine>
<TextLine HEIGHT="76" WIDTH="1927" VPOS="3137" HPOS="220" STYLEREFS="StyleId-3B4C1392-A2AC-4C31-835C-4B918220D9D2-" CS="1">
<String CONTENT="&#169;" HEIGHT="51" WIDTH="50" VPOS="3151" HPOS="220"/>
<SP HEIGHT="51" WIDTH="30" VPOS="3151" HPOS="271"/>
<String CONTENT="Feb." HEIGHT="39" WIDTH="110" VPOS="3156" HPOS="302"/>
<SP HEIGHT="38" WIDTH="29" VPOS="3157" HPOS="413"/>
<String CONTENT="15," HEIGHT="45" WIDTH="67" VPOS="3157" HPOS="443"/>
<SP HEIGHT="45" WIDTH="30" VPOS="3157" HPOS="511"/>
<String CS="1" CONTENT="1934;"/>
<SP HEIGHT="40" WIDTH="31" VPOS="3156" HPOS="681"/>
<String CONTENT="2c." HEIGHT="39" WIDTH="70" VPOS="3156" HPOS="713"/>
<SP HEIGHT="28" WIDTH="27" VPOS="3167" HPOS="784"/>
<String CONTENT="and" HEIGHT="37" WIDTH="93" VPOS="3158" HPOS="812"/>
<SP HEIGHT="76" WIDTH="28" VPOS="3137" HPOS="906"/>
<String CS="1" CONTENT="aff." HEIGHT="41" WIDTH="48" VPOS="3155" HPOS="969"/>
<SP HEIGHT="39" WIDTH="31" VPOS="3157" HPOS="1018"/>
<String CONTENT="Mar." HEIGHT="37" WIDTH="118" VPOS="3157" HPOS="1050"/>
<SP HEIGHT="36" WIDTH="31" VPOS="3157" HPOS="1169"/>
<String CONTENT="14:" HEIGHT="40" WIDTH="80" VPOS="3156" HPOS="1201"/>
<SP HEIGHT="39" WIDTH="31" VPOS="3157" HPOS="1282"/>
<!-- cceid BBDA96E7-6C64-1014-8713-889FF4349C01 --><String CONTENT="A" HEIGHT="37" WIDTH="40" VPOS="3157" HPOS="1314"/>
<SP HEIGHT="38" WIDTH="29" VPOS="3157" HPOS="1355"/>
<String CONTENT="70666:" HEIGHT="42" WIDTH="168" VPOS="3156" HPOS="1385"/>
<SP HEIGHT="40" WIDTH="34" VPOS="3158" HPOS="1554"/>
<String CONTENT="John" HEIGHT="39" WIDTH="127" VPOS="3158" HPOS="1589"/>
<SP HEIGHT="40" WIDTH="29" VPOS="3158" HPOS="1717"/>
<String CONTENT="C." HEIGHT="40" WIDTH="48" VPOS="3158" HPOS="1747"/>
<SP HEIGHT="39" WIDTH="30" VPOS="3158" HPOS="1796"/>
<String CONTENT="Winston" HEIGHT="40" WIDTH="222" VPOS="3158" HPOS="1827"/>
<SP HEIGHT="28" WIDTH="30" VPOS="3170" HPOS="2050"/>
<String CONTENT="co." HEIGHT="30" WIDTH="66" VPOS="3170" HPOS="2081"/>
</TextLine>
<TextLine HEIGHT="48" WIDTH="248" VPOS="3212" HPOS="300" STYLEREFS="StyleId-3B4C1392-A2AC-4C31-835C-4B918220D9D2-">
<String CONTENT="(34-5884)" HEIGHT="48" WIDTH="248" VPOS="3212" HPOS="300"/>
</TextLine>
</TextBlock>
<TextBlock ID="Page302_Block4" HEIGHT="652" WIDTH="2001" VPOS="3279" HPOS="206" LANG="en-US" CS="1" STYLEREFS="StyleId-20F527DB-031F-4922-AC63-9F50F01DA5F3-">
<TextLine HEIGHT="72" WIDTH="1989" VPOS="3285" HPOS="212">
<String CONTENT="South" HEIGHT="53" WIDTH="187" VPOS="3285" HPOS="212"/>
<SP HEIGHT="51" WIDTH="43" VPOS="3287" HPOS="400"/>
<String CONTENT="western" HEIGHT="49" WIDTH="255" VPOS="3290" HPOS="444"/>
<SP HEIGHT="35" WIDTH="46" VPOS="3305" HPOS="700"/>
<String CONTENT="reporter." HEIGHT="63" WIDTH="270" VPOS="3292" HPOS="747"/>
<SP HEIGHT="53" WIDTH="78" VPOS="3288" HPOS="1018"/>
<String CONTENT="Second" HEIGHT="53" WIDTH="215" VPOS="3288" HPOS="1097"/>
<SP HEIGHT="51" WIDTH="43" VPOS="3288" HPOS="1313"/>
<String CONTENT="series." HEIGHT="52" WIDTH="183" VPOS="3288" HPOS="1357"/>
<SP HEIGHT="54" WIDTH="76" VPOS="3290" HPOS="1541"/>
<String CONTENT="Cases" HEIGHT="54" WIDTH="167" VPOS="3290" HPOS="1618"/>
<SP HEIGHT="35" WIDTH="44" VPOS="3309" HPOS="1786"/>
<String CONTENT="argued" HEIGHT="66" WIDTH="212" VPOS="3291" HPOS="1831"/>
<SP HEIGHT="51" WIDTH="45" VPOS="3291" HPOS="2044"/>
<String CONTENT="and" HEIGHT="52" WIDTH="111" VPOS="3289" HPOS="2090"/>
</TextLine>
<TextLine HEIGHT="70" WIDTH="1917" VPOS="3364" HPOS="284">
<String CONTENT="determined" HEIGHT="52" WIDTH="349" VPOS="3364" HPOS="284"/>
<SP HEIGHT="52" WIDTH="40" VPOS="3364" HPOS="634"/>
<String CONTENT="in" HEIGHT="52" WIDTH="60" VPOS="3365" HPOS="675"/>
<SP HEIGHT="46" WIDTH="39" VPOS="3371" HPOS="736"/>
<String CONTENT="the" HEIGHT="51" WIDTH="93" VPOS="3366" HPOS="776"/>
<SP HEIGHT="54" WIDTH="44" VPOS="3367" HPOS="870"/>
<String CONTENT="Supreme" HEIGHT="65" WIDTH="273" VPOS="3367" HPOS="915"/>
<SP HEIGHT="33" WIDTH="39" VPOS="3384" HPOS="1189"/>
<String CONTENT="courts" HEIGHT="46" WIDTH="187" VPOS="3371" HPOS="1229"/>
<SP HEIGHT="32" WIDTH="41" VPOS="3385" HPOS="1417"/>
<String CONTENT="of" HEIGHT="52" WIDTH="63" VPOS="3365" HPOS="1459"/>
<SP HEIGHT="54" WIDTH="38" VPOS="3365" HPOS="1523"/>
<String CONTENT="Arkansas," HEIGHT="67" WIDTH="310" VPOS="3367" HPOS="1562"/>
<SP HEIGHT="65" WIDTH="40" VPOS="3369" HPOS="1873"/>
<String CONTENT="Missouri," HEIGHT="66" WIDTH="287" VPOS="3368" HPOS="1914"/>
</TextLine>
<TextLine HEIGHT="147" WIDTH="1916" VPOS="3443" HPOS="283" CS="1">
<String CONTENT="Tennessee," HEIGHT="64" WIDTH="324" VPOS="3444" HPOS="283"/>
<SP HEIGHT="46" WIDTH="31" VPOS="3462" HPOS="608"/>
<String CONTENT="and" HEIGHT="50" WIDTH="111" VPOS="3445" HPOS="640"/>
<SP HEIGHT="50" WIDTH="30" VPOS="3445" HPOS="752"/>
<String CONTENT="Texas;" HEIGHT="61" WIDTH="209" VPOS="3446" HPOS="783"/>
<SP HEIGHT="63" WIDTH="36" VPOS="3444" HPOS="993"/>
<String CONTENT="Courts" HEIGHT="54" WIDTH="203" VPOS="3444" HPOS="1030"/>
<SP HEIGHT="32" WIDTH="28" VPOS="3462" HPOS="1234"/>
<String CONTENT="of" HEIGHT="51" WIDTH="63" VPOS="3443" HPOS="1263"/>
<SP HEIGHT="51" WIDTH="29" VPOS="3443" HPOS="1327"/>
<String CONTENT="appeals" HEIGHT="65" WIDTH="230" VPOS="3445" HPOS="1357"/>
<SP HEIGHT="35" WIDTH="31" VPOS="3462" HPOS="1588"/>
<String CONTENT="of" HEIGHT="51" WIDTH="63" VPOS="3445" HPOS="1620"/>
<SP HEIGHT="52" WIDTH="27" VPOS="3445" HPOS="1684"/>
<String CONTENT="Kentucky," HEIGHT="67" WIDTH="320" VPOS="3445" HPOS="1712"/>
<SP HEIGHT="67" WIDTH="29" VPOS="3445" HPOS="2033"/>
<String CONTENT="Missouri" HEIGHT="128" WIDTH="1894" VPOS="3445" HPOS="283"/>
<SP HEIGHT="50" WIDTH="40" VPOS="3523" HPOS="435"/>
<String CONTENT="and" HEIGHT="51" WIDTH="112" VPOS="3521" HPOS="476"/>
<SP HEIGHT="52" WIDTH="36" VPOS="3521" HPOS="589"/>
<String CONTENT="Tennessee;" HEIGHT="62" WIDTH="337" VPOS="3524" HPOS="626"/>
<SP HEIGHT="64" WIDTH="41" VPOS="3522" HPOS="964"/>
<String CONTENT="Courts" HEIGHT="54" WIDTH="204" VPOS="3522" HPOS="1006"/>
<SP HEIGHT="32" WIDTH="35" VPOS="3540" HPOS="1211"/>
<String CONTENT="of" HEIGHT="51" WIDTH="62" VPOS="3521" HPOS="1247"/>
<SP HEIGHT="53" WIDTH="36" VPOS="3521" HPOS="1310"/>
<String CONTENT="civil" HEIGHT="53" WIDTH="133" VPOS="3521" HPOS="1347"/>
<SP HEIGHT="49" WIDTH="38" VPOS="3523" HPOS="1481"/>
<String CONTENT="and" HEIGHT="50" WIDTH="110" VPOS="3523" HPOS="1520"/>
<SP HEIGHT="50" WIDTH="36" VPOS="3523" HPOS="1631"/>
<String CONTENT="criminal" HEIGHT="52" WIDTH="261" VPOS="3522" HPOS="1668"/>
<SP HEIGHT="51" WIDTH="36" VPOS="3524" HPOS="1930"/>
<String CONTENT="appeals" HEIGHT="67" WIDTH="232" VPOS="3523" HPOS="1967"/>
</TextLine>
<TextLine HEIGHT="147" WIDTH="1917" VPOS="3598" HPOS="282" CS="1">
<String CONTENT="and" HEIGHT="50" WIDTH="110" VPOS="3600" HPOS="285"/>
<SP HEIGHT="54" WIDTH="34" VPOS="3598" HPOS="396"/>
<String CONTENT="Commission" HEIGHT="54" WIDTH="372" VPOS="3598" HPOS="431"/>
<SP HEIGHT="33" WIDTH="35" VPOS="3617" HPOS="804"/>
<String CONTENT="of" HEIGHT="50" WIDTH="60" VPOS="3599" HPOS="840"/>
<SP HEIGHT="51" WIDTH="33" VPOS="3599" HPOS="901"/>
<String CONTENT="appeals" HEIGHT="66" WIDTH="231" VPOS="3600" HPOS="935"/>
<SP HEIGHT="34" WIDTH="32" VPOS="3618" HPOS="1167"/>
<String CONTENT="of" HEIGHT="51" WIDTH="62" VPOS="3599" HPOS="1200"/>
<SP HEIGHT="53" WIDTH="30" VPOS="3599" HPOS="1263"/>
<String CONTENT="Texas," HEIGHT="62" WIDTH="199" VPOS="3602" HPOS="1294"/>
<SP HEIGHT="45" WIDTH="31" VPOS="3619" HPOS="1494"/>
<String CONTENT="with" HEIGHT="51" WIDTH="139" VPOS="3600" HPOS="1526"/>
<SP HEIGHT="50" WIDTH="30" VPOS="3601" HPOS="1666"/>
<String CONTENT="key" HEIGHT="66" WIDTH="107" VPOS="3601" HPOS="1697"/>
<SP HEIGHT="48" WIDTH="29" VPOS="3619" HPOS="1805"/>
<String CONTENT="number" HEIGHT="51" WIDTH="236" VPOS="3601" HPOS="1835"/>
<SP HEIGHT="32" WIDTH="33" VPOS="3620" HPOS="2072"/>
<String CONTENT="annotations." HEIGHT="108" WIDTH="1894" VPOS="3620" HPOS="282"/>
<SP HEIGHT="32" WIDTH="74" VPOS="3695" HPOS="584"/>
<String CONTENT="v." HEIGHT="32" WIDTH="49" VPOS="3695" HPOS="659"/>
<SP HEIGHT="48" WIDTH="38" VPOS="3680" HPOS="709"/>
<String CONTENT="64" HEIGHT="48" WIDTH="66" VPOS="3680" HPOS="748"/>
<SP HEIGHT="61" WIDTH="29" VPOS="3678" HPOS="815"/>
<String CONTENT="(2d)" HEIGHT="67" WIDTH="125" VPOS="3676" HPOS="845"/>
<SP HEIGHT="67" WIDTH="77" VPOS="3676" HPOS="971"/>
<String CONTENT="December," HEIGHT="66" WIDTH="323" VPOS="3677" HPOS="1049"/>
<SP HEIGHT="62" WIDTH="36" VPOS="3681" HPOS="1373"/>
<String CONTENT="1933-January," HEIGHT="67" WIDTH="449" VPOS="3678" HPOS="1410"/>
<SP HEIGHT="62" WIDTH="35" VPOS="3682" HPOS="1860"/>
<String CONTENT="1934." HEIGHT="48" WIDTH="149" VPOS="3682" HPOS="1896"/>
<SP HEIGHT="54" WIDTH="70" VPOS="3679" HPOS="2046"/>
<String CONTENT="St." HEIGHT="54" WIDTH="82" VPOS="3679" HPOS="2117"/>
</TextLine>
<TextLine HEIGHT="68" WIDTH="1010" VPOS="3754" HPOS="281">
<String CONTENT="Paul," HEIGHT="66" WIDTH="163" VPOS="3754" HPOS="281"/>
<SP HEIGHT="63" WIDTH="27" VPOS="3757" HPOS="445"/>
<String CONTENT="West" HEIGHT="51" WIDTH="158" VPOS="3757" HPOS="473"/>
<SP HEIGHT="61" WIDTH="24" VPOS="3760" HPOS="632"/>
<String CONTENT="publishing" HEIGHT="68" WIDTH="333" VPOS="3754" HPOS="657"/>
<SP HEIGHT="50" WIDTH="27" VPOS="3772" HPOS="991"/>
<String CONTENT="co.," HEIGHT="50" WIDTH="96" VPOS="3772" HPOS="1019"/>
<SP HEIGHT="63" WIDTH="28" VPOS="3759" HPOS="1116"/>
<String CONTENT="1934." HEIGHT="49" WIDTH="146" VPOS="3757" HPOS="1145"/>
</TextLine>
<TextLine HEIGHT="48" WIDTH="501" VPOS="3827" HPOS="286">
<String CONTENT="xvii." HEIGHT="40" WIDTH="114" VPOS="3828" HPOS="286"/>
<SP HEIGHT="39" WIDTH="29" VPOS="3829" HPOS="401"/>
<String CONTENT="1225" HEIGHT="39" WIDTH="113" VPOS="3827" HPOS="431"/>
<SP HEIGHT="47" WIDTH="27" VPOS="3828" HPOS="545"/>
<String CONTENT="p." HEIGHT="37" WIDTH="42" VPOS="3838" HPOS="573"/>
<SP HEIGHT="39" WIDTH="56" VPOS="3828" HPOS="616"/>
<String CONTENT="26" HEIGHT="39" WIDTH="54" VPOS="3827" HPOS="673"/>
<String STYLE="superscript" CONTENT="cm" HEIGHT="21" WIDTH="43" VPOS="3829" HPOS="730"/>
<String CONTENT="." HEIGHT="8" WIDTH="7" VPOS="3858" HPOS="780"/>
</TextLine>
<TextLine HEIGHT="51" WIDTH="1866" VPOS="3880" HPOS="221" STYLEREFS="StyleId-3B4C1392-A2AC-4C31-835C-4B918220D9D2-" CS="1">
<String CONTENT="&#169;" HEIGHT="51" WIDTH="51" VPOS="3880" HPOS="221"/>
<SP HEIGHT="51" WIDTH="29" VPOS="3880" HPOS="273"/>
<String CONTENT="Feb." HEIGHT="38" WIDTH="107" VPOS="3885" HPOS="303"/>
<SP HEIGHT="38" WIDTH="29" VPOS="3885" HPOS="411"/>
<String CONTENT="16," HEIGHT="48" WIDTH="68" VPOS="3883" HPOS="441"/>
<SP HEIGHT="46" WIDTH="28" VPOS="3885" HPOS="510"/>
<String CONTENT="1934;" HEIGHT="45" WIDTH="139" VPOS="3884" HPOS="539"/>
<SP HEIGHT="46" WIDTH="31" VPOS="3883" HPOS="679"/>
<String CONTENT="2c." HEIGHT="40" WIDTH="64" VPOS="3883" HPOS="711"/>
<SP HEIGHT="37" WIDTH="31" VPOS="3885" HPOS="776"/>
<String CONTENT="Mar." HEIGHT="39" WIDTH="120" VPOS="3885" HPOS="808"/>
<SP HEIGHT="39" WIDTH="28" VPOS="3885" HPOS="929"/>
<String CS="1" CONTENT="19;" HEIGHT="40" WIDTH="57" VPOS="3883" HPOS="958"/>
<SP HEIGHT="30" WIDTH="32" VPOS="3894" HPOS="1039"/>
<String CONTENT="aff." HEIGHT="40" WIDTH="79" VPOS="3883" HPOS="1072"/>
<SP HEIGHT="38" WIDTH="31" VPOS="3885" HPOS="1152"/>
<String CONTENT="Mar." HEIGHT="38" WIDTH="118" VPOS="3885" HPOS="1184"/>
<SP HEIGHT="38" WIDTH="30" VPOS="3884" HPOS="1303"/>
<String CS="1" CONTENT="21;" HEIGHT="38" WIDTH="46" VPOS="3884" HPOS="1334"/>
<SP HEIGHT="45" WIDTH="33" VPOS="3884" HPOS="1415"/>
<!-- cceid BBDB2A3C-6C64-1014-8713-889FF4349C01 --><String CONTENT="A" HEIGHT="38" WIDTH="39" VPOS="3884" HPOS="1449"/>
<SP HEIGHT="39" WIDTH="28" VPOS="3883" HPOS="1489"/>
<String CONTENT="69930;" HEIGHT="45" WIDTH="168" VPOS="3883" HPOS="1518"/>
<SP HEIGHT="43" WIDTH="32" VPOS="3885" HPOS="1687"/>
<String CONTENT="West" HEIGHT="39" WIDTH="134" VPOS="3885" HPOS="1720"/>
<SP HEIGHT="45" WIDTH="28" VPOS="3886" HPOS="1855"/>
<String CONTENT="pub." HEIGHT="46" WIDTH="106" VPOS="3885" HPOS="1884"/>
<SP HEIGHT="28" WIDTH="30" VPOS="3895" HPOS="1991"/>
<String CONTENT="co." HEIGHT="29" WIDTH="65" VPOS="3895" HPOS="2022"/>
</TextLine>
</TextBlock>
</PrintSpace>
</Page>
</Layout>
</alto>