2350 4196
1146 4024 101 49 230

272 464 97 49 447,
410 466 83 50 [24]
530 477 42 37 p.
633 467 127 41 illus.
821 468 57 41 19
879 471 45 21 cm
929 502 7 8 .

211 520 50 50 ©
291 524 108 39 Feb.
427 524 69 47 20,
524 525 113 39 1934;
694 526 66 40 2c.
790 526 109 41 Feb.
927 528 55 39 27;
1040 528 79 40 aff.
1151 529 108 39 Feb.
1288 530 53 39 23;
1401 530 40 38 A
1469 530 141 40 70103;
1671 532 259 39 Frederick
1959 533 41 39 J.
2030 533 164 40 Drake

280 582 34 39 &
341 592 66 29 co.
481 581 249 48 (34-4994)

206 684 351 66 Massinger,
588 685 211 67 Philip,
833 691 322 53 1583-1640.

273 762 122 52 The
440 761 369 67 city-madam;
889 785 30 32 a
967 767 230 67 comedy
1244 767 73 67 by
1364 767 198 68 Philip
1609 767 347 70 Massinger;
2007 770 183 53 edited

203 839 1991 75 with an introduction and notes by Rudolf Kirk … Princeton,
202 916 306 53 Princeton
542 917 318 70 university
893 938 172 49 press,
1103 924 147 52 1934.

205 990 1971 107 5 p. l. , 183 p. illus. (facsims.) 23 cm . ([Princeton university] Princeton studies in English. no. 10)
274 1103 133 41 With
434 1105 339 46 reproduction
802 1106 51 39 of
880 1105 207 49 original
1114 1110 109 45 t.-p.,
1253 1108 210 47 London,
1492 1108 127 41 1658.

273 1159 170 40 Thesis
472 1159 108 48 (PH.
642 1161 363 47 D.)—Princeton
1036 1163 282 48 university,
1351 1163 126 42 1932.

273 1217 171 39 Thesis
471 1220 113 37 note
611 1229 59 29 on
697 1228 138 30 verso
865 1217 51 42 of
943 1222 98 45 t.-p.

274 1273 374 49 Bibliography:
686 1286 42 36 p.
769 1275 246 49 [177]-183.

210 1326 51 52 ©
289 1332 119 39 Mar.
436 1333 39 44 1,
503 1331 113 40 1934;
671 1332 66 39 2c.
766 1333 118 37 Mar.
914 1332 25 39 3;
997 1332 79 41 aff.
1106 1334 119 38 Mar.
1254 1334 24 38 5;
1335 1334 40 38 A
1403 1333 141 40 70457;
1603 1335 257 39 Princeton
1888 1334 128 42 univ.
2045 1346 148 38 press.

279 1384 68 52 [©
372 1388 196 48 preface.
607 1388 342 43 introduction,
976 1389 253 47 appendix,
1256 1390 275 47 foot-notes,
1558 1394 136 37 notes
1721 1394 94 37 and
1841 1391 303 48 bibliography]

286 1445 248 48 (34-4968)

205 1549 339 64 Matthews,
574 1549 259 56 Weldon.

274 1624 121 53 The
426 1625 165 52 venal
623 1624 105 68 sin,
758 1624 76 69 by
865 1625 244 54 Weldon
1142 1625 321 55 Matthews.
1530 1627 139 52 New
1704 1626 179 69 York,
1916 1628 88 54 W.
205 1627 1964 141 Godwin,
361 1702 126 68 inc.,
517 1704 150 52 1934.

272 1774 87 41 256
384 1785 44 38 p.
489 1774 56 41 19
548 1777 44 21 cm
596 1807 7 8 .

209 1829 50 51 ©
295 1833 109 39 Feb.
439 1833 68 46 20,
543 1833 113 39 1934;
718 1834 66 38 2c.
820 1833 120 41 Mar.
974 1834 25 39 3;
1065 1833 79 40 aff.
1181 1834 110 41 Feb.
1325 1834 56 38 24;
1444 1835 42 38 A
1518 1835 142 40 70476;
1726 1835 214 40 William
1977 1834 214 43 Godwin,

273 1890 89 40 inc.
434 1890 249 47 (34-4862)

206 1989 218 64 Meyer,
457 1986 326 66 Elisabeth,
819 1991 169 49 1899-

335 2065 1860 69 … En kvinnes ferd gjennem India. Oslo, Gyldendal, 1933.
275 2137 87 42 246
388 2149 58 38 p.,
478 2140 25 38 1
552 2171 7 7 l.
620 2138 170 48 plates,
819 2141 163 46 ports.,
1011 2147 124 40 map.
1195 2138 56 40 24
1254 2141 44 20 cm
1303 2171 7 8 .

209 2193 1983 52 ©) Nov. 2, 1933; 1c. Dec. 27; A-Foreign 23235; Gyldendal norsk forlag.
286 2254 249 48 (34-4807)

204 2344 281 66 Mitchell,
513 2347 190 62 Mary.

275 2424 56 51 A
371 2423 261 67 warning
671 2429 57 45 to
769 2428 283 57 wantons;
1098 2439 30 33 a
1169 2420 271 53 fantastic
1481 2440 260 34 romance
1780 2421 212 69 setting
2031 2422 160 52 forth

206 2501 98 52 the
342 2507 99 46 not
483 2500 348 52 undeserved
872 2500 103 51 but
1017 2498 175 52 awful
1233 2499 122 52 fate
1393 2499 184 52 which
1618 2499 173 51 befell
1833 2519 31 32 a
1903 2500 175 65 minx,
2117 2500 74 68 by

205 2579 168 63 Mary
418 2578 276 52 Mitchell.
771 2577 230 54 Garden
1048 2576 150 67 City,
1242 2578 67 50 N.
1359 2579 88 65 Y.,
1490 2577 356 67 Doubleday,
1890 2579 215 66 Doran,
2149 2582 43 49 &

206 2674 296 50 company,
529 2657 125 66 inc.,
684 2659 149 51 1934.

276 2730 86 39 viii
388 2741 56 36 p.,
471 2731 23 37 1
544 2761 22 15 l.,
592 2730 84 39 413
704 2740 42 36 p.
802 2728 56 39 20
859 2730 45 21 cm
908 2760 7 8 .

278 2787 163 39 “First
468 2785 223 41 edition.”

209 2840 51 52 ©
291 2845 109 39 Feb.
428 2843 58 39 28,
525 2843 113 39 1934;
695 2843 65 39 2c.
790 2843 94 38 and
913 2840 79 40 aff.
1024 2841 121 39 Mar.
1174 2841 24 37 1;
1256 2840 40 38 A
1323 2840 169 45 70716;
1524 2841 296 45 Doubleday.
1852 2841 165 38 Doran
2047 2840 35 39 &
2109 2850 81 38 co.,

277 2901 90 40 inc.

205 2993 145 51 New
382 2991 161 52 York
578 2990 372 67 supplement.
1029 2987 166 54 Cases
1231 2988 211 66 argued
1479 2986 110 52 and
1623 2986 349 52 determined
2006 2986 58 51 in
2095 2986 95 50 the

279 3068 177 54 Court
496 3068 61 52 of
598 3069 249 66 appeals,
891 3066 273 66 Supreme
1204 3065 110 50 and
1355 3066 171 51 lower
1566 3070 186 46 courts
1792 3064 61 51 of
1894 3063 194 52 record
2128 3062 62 52 of

276 3148 137 51 New
465 3145 162 53 York
675 3149 161 62 state,
888 3143 138 52 with
1074 3142 106 67 key
1230 3142 236 51 number
1519 3142 377 51 annotations,
1971 3157 50 35 v.
2072 3142 116 50 266.

280 3222 699 69 September-November,
1045 3222 148 50 1933.
1270 3219 82 54 St.
1414 3221 166 64 Paul,
1638 3221 161 51 West
1858 3218 333 68 publishing

277 3321 96 47 co.,
402 3306 148 48 1934.

277 3376 129 45 xxiv,
434 3375 127 45 1023,
594 3373 98 50 [50],
722 3373 58 39 58
804 3383 41 37 p.
900 3372 55 39 23½
989 3373 43 21 cm
1038 3404 7 7 .

210 3429 50 51 ©
289 3433 109 39 Jan.
424 3431 68 46 30,
521 3431 138 44 1934;
689 3430 65 39 2c.
784 3431 94 37 and
906 3428 81 40 aff.
1016 3427 110 39 Feb.
1154 3426 52 39 23;
1264 3427 39 37 A
1331 3425 143 40 69609;
1531 3426 134 39 West
1694 3425 107 47 pub.
1831 3435 64 28 co.

206 3519 212 56 Pacific
441 3525 270 63 reporter.
778 3519 215 56 Second
1021 3519 180 51 series.
1268 3517 166 54 Cases
1462 3516 212 66 argued
1703 3515 111 51 and
1841 3512 348 53 determined

276 3600 59 50 in
359 3600 95 51 the
481 3600 274 64 Supreme
781 3602 186 46 courts
994 3595 64 53 of
1084 3593 340 56 California,
1449 3594 242 63 Kansas,
1719 3592 245 66 Oregon,
276 3592 1888 152 Washington,
533 3675 297 57 Colorado,
866 3675 293 62 Montana,
1193 3671 268 65 Arizona,
1495 3670 252 55 Nevada,
1783 3669 201 66 Idaho,
276 3668 1888 152 Wyoming,
483 3753 175 65 Utah,
689 3754 136 50 New
856 3749 239 67 Mexico,
1126 3749 346 64 Oklahoma;
1506 3746 245 53 District
1780 3752 187 46 courts
1997 3745 62 52 of
277 3763 1885 135 appeal
449 3832 111 51 and
606 3830 307 66 Appellate
958 3829 359 65 department
1359 3826 62 51 of
1465 3826 94 50 the
1605 3824 272 66 Superior
1922 3828 160 47 court
2125 3822 62 51 of

280 3907 321 53 California
654 3907 110 53 and
815 3906 278 54 Criminal
1142 3910 161 48 court
1349 3902 62 52 of
1460 3903 232 67 appeals
1740 3901 63 52 of
1851 3901 335 66 Oklahoma,
