2350 4196
1122 4015 131 52 1768

280 432 387 48 ‘‘Bibliographie":
763 443 41 37 p.
841 431 213 41 139-143.

209 481 1873 67 © June 30, 1934: 1c. Nov. 6: A -Foreign 26034; Éditions Delmas.
286 554 220 46 (35-388)

207 645 240 62 Larsen,
482 643 327 62 Bernhard,
845 649 168 48 1888-

276 717 1918 74 Religion and relations, by Bernhard Larsen … Boston.
208 797 186 59 Mass.,
427 797 118 52 The
579 796 297 56 Stratford
910 814 277 50 company
1224 798 191 64 [c1934]

277 872 25 37 4
331 881 40 37 p.
401 872 41 44 l.,
470 871 83 39 131
580 881 40 37 p.
707 868 115 42 19½cm.

281 928 125 38 “The
431 928 191 46 greater
646 930 109 45 part
781 927 50 39 of
855 927 78 38 the
959 926 223 40 material
1211 928 47 36 in
1285 926 95 38 this
1405 925 129 39 little
1560 925 122 40 book
1706 924 107 41 first
1836 926 229 47 belonged
2094 931 48 37 to
2170 938 26 30 a

211 984 147 40 series
395 987 49 35 of
479 985 206 38 lectures
722 984 156 38 which
914 993 124 29 were
1074 981 241 42 delivered
1352 981 49 40 in
1439 982 80 40 the
1552 981 91 40 fall
1680 982 52 39 of
1766 981 113 41 1932
1916 982 164 41 before
2116 985 83 39 the

211 1041 210 40 Pastors’
456 1050 209 29 summer
699 1040 160 39 school
889 1040 51 39 of
974 1040 79 39 the
1086 1038 248 41 Lutheran
1365 1039 105 39 free
1500 1037 416 43 church.”—Pref.

281 1098 187 38 “Books
493 1097 78 39 for
598 1095 355 42 consultation”
983 1099 51 37 at
1062 1097 89 38 end
1180 1096 51 39 of
1260 1096 115 39 each
1405 1095 212 47 chapter.

211 1149 51 52 ©
295 1156 106 37 Dec.
433 1154 38 40 6.
502 1152 139 41 1934:
672 1151 66 41 2c.
774 1156 106 36 Dec.
956 1164 6 28 8:
999 1152 79 40 aff.
1110 1152 110 40 Dec.
1253 1153 81 40 13:
1367 1153 39 37 A
1438 1151 168 41 78504:
1644 1151 250 41 Stratford
1923 1163 83 37 co.,
2036 1155 161 47 pubrs.

288 1210 218 47 (35-397)

213 1298 264 60 Leblanc,
507 1298 276 65 Maurice,
817 1305 165 48 1864-

213 1371 1961 153 … Le chapelet rouge, par Maurice Leblanc. Paris, P. Lafitte [1934]
341 1525 38 49 189,
417 1547 9 29 [1]
508 1539 56 35 p.,
599 1530 21 36 1
679 1560 5 6 l.
749 1528 110 38 19cm.
936 1528 292 47 (Aventures
1263 1527 439 46 extraordinaires)

211 1579 1987 56 © June 30. 1934: 1c. Nov. 20: A-Foreign 26218: Librairie Hachette.
288 1640 219 48 (35-584)

210 1715 338 62 Lemasson,
581 1707 203 74 Émile,
821 1721 163 50 1874-

210 1792 1965 134 … Manuel de philosophie, à l'usage des candidats au baccalauréat
536 1870 1663 72 (conforme au dernier programme officiel) … Paris,
210 1947 66 53 G.
306 1948 359 51 Beauchesne
690 1953 52 48 et
771 1967 83 34 ses
881 1948 105 54 fils.
1017 1952 147 49 1934.

278 2018 25 39 2
373 2049 8 8 v.
441 2018 114 41 23cm.

280 2076 61 39 At
367 2076 122 39 head
518 2076 50 39 of
596 2076 108 40 title:
762 2077 50 38 F.
840 2076 272 42 Lemasson.

556 2131 1529 53 CONTENTS —I. Psychologie.—II. Logique. Morale. Métaphysique.
213 2184 1968 111 © Mar. 16. 1934: 1c. each May 31: A- Foreign 24714: Gabriel Beauchesne & ses fils. (35-314)
214 2319 233 57 Lemon.
483 2322 236 63 Harvey
751 2323 203 61 Brace,
991 2325 168 51 1885—

285 2397 221 56 Sound:
542 2417 26 32 a
603 2399 168 67 guide
806 2399 91 51 for
929 2417 92 34 use
1054 2400 136 53 with
1223 2403 91 50 the
1348 2404 357 52 educational
1738 2407 177 50 sound
1954 2406 244 67 pictures

212 2475 225 53 “Souml
470 2494 181 33 waves
679 2478 105 51 and
816 2478 147 49 their
991 2477 252 54 sources”
1270 2481 106 51 and
1443 2483 448 53 "Fundamentals
1918 2484 62 50 of
213 2499 1960 109 acoustics".

439 2554 286 67 Prepared
763 2555 92 51 for
884 2555 93 50 the
1016 2554 325 70 University
1372 2559 63 50 of
1465 2558 252 68 Chicago
1747 2561 73 66 by
1852 2562 94 51 the
212 2559 1957 128 Educational

426 2633 243 51 research
706 2632 132 53 staff
870 2632 61 50 of
962 2633 141 65 Erpi
1140 2631 215 69 picture
1386 2637 365 67 consultants,
1784 2640 413 67 incorporated,

215 2708 130 52 New
444 2710 103 50 York
581 2708 130 67 city,
750 2711 52 50 in
843 2709 401 55 collaboration
1285 2715 135 50 with
1462 2715 229 68 Harvey
1791 2762 7 7 B.
1836 2718 209 51 Lemon
2085 2718 108 53 and

213 2797 1985 80 Hermann I. Schlesinger … Chicago, Ill., The University of
213 2875 248 68 Chicago
494 2894 150 49 press
678 2882 169 63 [1934]

289 2949 55 42 iv,
375 2950 68 39 38.
479 2951 53 46 p,
566 2961 39 34 p.
669 2949 140 47 illus.,
840 2951 176 46 diagrs.
1078 2950 113 41 20cm.

319 3004 312 41 "References”:
692 3016 43 39 p.
765 3006 174 50 38-[39]

217 3057 52 52 ©
301 3064 122 45 Sept.
457 3062 67 41 18,
555 3063 137 39 1934:
725 3068 64 34 2c.
823 3064 98 39 Oct.
956 3064 79 41 13:
1070 3065 80 39 aff.
1182 3066 99 40 Oct.
1314 3070 80 40 15:
1428 3071 38 37 A
1499 3070 167 41 76532:
1703 3071 279 49 University
2012 3072 51 40 of
282 3069 1899 98 Chicago.
441 3120 219 44 Chicago.
733 3120 277 41 (34-35289)

214 3193 281 60 Leonard,
528 3196 200 62 Eddie,
761 3201 169 50 1875-

288 3271 168 51 Wliat
492 3289 32 34 a
557 3271 121 65 life,
713 3272 104 53 I’m
855 3275 202 65 telling
1092 3295 126 46 you,
1254 3278 69 65 by
1362 3280 185 52 Eddie
1582 3282 281 63 Leonard,
1895 3285 92 51 the
2025 3291 168 46 actor.

217 3346 130 53 New
382 3348 158 50 York
571 3350 131 62 city,
731 3350 67 51 E.
831 3350 259 53 Leonard
1126 3356 190 63 [c1934]

352 3419 1175 53 xv, [1] p., 1 l., 17-240 p. plates, ports. 24½cm.
217 3469 51 51 ©
304 3476 105 37 Dec.
440 3475 68 40 28.
540 3475 137 40 1934:
710 3479 63 35 2c.
807 3479 91 37 and
933 3477 78 40 aff.
1047 3480 105 37 Dec.
1186 3482 46 35 31:
1303 3485 36 35 A
1372 3484 169 41 78769:
1579 3487 49 37 F.
1661 3488 231 38 Leonard.

294 3533 218 42 (35-386)

215 3603 254 60 London,
497 3607 162 62 Jack,
692 3611 319 54 1876-1916.

342 3682 1855 84 … La brute des cavernes (The abysmal brute) traduit par
216 3756 1743 84 Paul Gruyer et Louis Postif. [ Paris] Hachette [1934]
286 3830 83 38 222
399 3842 41 35 p.,
484 3834 16 35 1
557 3867 5 6 l.
713 3837 55 35 18½cm.
844 3835 93 42 (On
968 3846 159 32 cover:
1158 3839 116 40 “Les
1304 3843 245 41 meilleurs
1579 3855 192 32 romans
1800 3846 303 45 étrangers”)

217 3881 1980 68 © May 16. 1934; 1c. Nov. 20: A-Foreign 26172; Librairie Hachette.
293 3942 220 47 (35-586)
