<alto xmlns="http://www.loc.gov/standards/alto/ns-v3#" xmlns:xsi="http://www.w3.org/2001/XMLSchema-instance" xsi:schemaLocation="http://www.loc.gov/standards/alto/ns-v3# http://www.loc.gov/alto/v3/alto-3-0.xsd"><Description>
<MeasurementUnit>pixel</MeasurementUnit>
<sourceImageInformation>
<fileName>1934_v1_Part1.pdf</fileName>
</sourceImageInformation>
<OCRProcessing ID="IdOcr">
<ocrProcessingStep>
<processingDateTime>2019-01-10</processingDateTime>
<processingSoftware>
<softwareCreator>ABBYY</softwareCreator>
<softwareName>ABBYY Recognition Server</softwareName>
<softwareVersion>4.0</softwareVersion>
</processingSoftware>
</ocrProcessingStep>
</OCRProcessing>
</Description>
<Styles>
<ParagraphStyle ALIGN="Left" FIRSTLINE="0." ID="StyleId-FFFFFFFF-FFFF-FFFF-FFFF-FFFFFFFFFFFF-" LEFT="0." RIGHT="0." />
<ParagraphStyle ALIGN="Right" FIRSTLINE="0." ID="StyleId-521E1FC6-FE7E-43A4-90E6-A9B61626A263-" LEFT="0." LINESPACE="13.30000019" RIGHT="0." />
<ParagraphStyle ALIGN="Left" FIRSTLINE="-27." ID="StyleId-639B624E-F6F5-47B6-BB1D-34E64B53022F-" LEFT="0." LINESPACE="13.43999958" RIGHT="0." />
<ParagraphStyle ALIGN="Left" FIRSTLINE="0." ID="StyleId-100905F9-D385-406B-A5BD-ED5B8FD85431-" LEFT="0." RIGHT="0." />
<ParagraphStyle ALIGN="Left" FIRSTLINE="-27." ID="StyleId-7C9F9BA2-EF3A-4B7F-8486-CCC7B7F49B39-" LEFT="0." LINESPACE="18.71999931" RIGHT="0." />
<ParagraphStyle ALIGN="Block" FIRSTLINE="-27." ID="StyleId-350780E3-60F2-4605-88F5-BB54F9B87091-" LEFT="0." LINESPACE="18.71999931" RIGHT="0." />
<ParagraphStyle ALIGN="Left" FIRSTLINE="0." ID="StyleId-90B16C58-D795-4C77-9B89-30378C515D40-" LEFT="0." LINESPACE="14.39999962" RIGHT="0." />
<ParagraphStyle ALIGN="Right" FIRSTLINE="-27." ID="StyleId-17090E09-AFAF-4086-BD9B-4E99FAE6B057-" LEFT="0." LINESPACE="14.39999962" RIGHT="0." />
<ParagraphStyle ALIGN="Left" FIRSTLINE="-27." ID="StyleId-8B87B633-89DB-4D72-B1FC-26E4ABD680BC-" LEFT="0." LINESPACE="18.47999954" RIGHT="0." />
<ParagraphStyle ALIGN="Left" FIRSTLINE="0." ID="StyleId-42DA7417-CA90-4D71-A57B-06556C38D752-" LEFT="0." LINESPACE="13.30000019" RIGHT="0." />
<ParagraphStyle ALIGN="Block" FIRSTLINE="0." ID="StyleId-D8EE2A7E-42AE-4E35-98DB-F0F935637AA0-" LEFT="0." LINESPACE="6.599999905" RIGHT="0." />
<ParagraphStyle ALIGN="Left" FIRSTLINE="0." ID="StyleId-33CD3121-D4F5-43B6-BA96-6382D166E6B8-" LEFT="0." LINESPACE="15.5" RIGHT="0." />
<ParagraphStyle ALIGN="Block" FIRSTLINE="-21." ID="StyleId-1CE52AFA-C319-4DD9-B4B1-F0EBFA2B3F0B-" LEFT="0." LINESPACE="18.71999931" RIGHT="0." />
<ParagraphStyle ALIGN="Left" FIRSTLINE="0." ID="StyleId-B74F1B65-92F1-49C5-A5FA-D20442F031F2-" LEFT="0." LINESPACE="17.70006076" RIGHT="0." />
<ParagraphStyle ALIGN="Center" FIRSTLINE="0." ID="StyleId-79E2924A-215C-40B7-B577-7236BFBAA25E-" LEFT="0." LINESPACE="7.199999809" RIGHT="0." />
</Styles>
<Layout>
<Page HEIGHT="4196" ID="Page1639" PHYSICAL_IMG_NR="1639" WIDTH="2350">
<TopMargin HEIGHT="324" HPOS="0" VPOS="0" WIDTH="2350">
</TopMargin>
<LeftMargin HEIGHT="3749" HPOS="0" VPOS="324" WIDTH="122">
</LeftMargin>
<RightMargin HEIGHT="3749" HPOS="2186" VPOS="324" WIDTH="164">
</RightMargin>
<BottomMargin HEIGHT="123" HPOS="0" VPOS="4073" WIDTH="2350">
</BottomMargin>
<PrintSpace HEIGHT="3749" HPOS="122" VPOS="324" WIDTH="2064">
<TextBlock HEIGHT="61" HPOS="1080" ID="Page1639_Block1" LANG="en-US" STYLEREFS="StyleId-A70FFBFA-3946-4EDB-B887-4CF512D52B72-" VPOS="4012" WIDTH="144">
<TextLine HEIGHT="49" HPOS="1086" VPOS="4018" WIDTH="132">
<String CONTENT="1639" HEIGHT="49" HPOS="1086" VPOS="4018" WIDTH="132" />
</TextLine>
</TextBlock>
<TextBlock CS="1" HEIGHT="3696" HPOS="122" ID="Page1639_Block2" LANG="en-US" STYLEREFS="StyleId-0AC24350-C6D3-4F1F-BDFC-B95C32A3D7F2-" VPOS="324" WIDTH="2064">
<TextLine HEIGHT="70" HPOS="140" STYLEREFS="StyleId-A70FFBFA-3946-4EDB-B887-4CF512D52B72-" VPOS="439" WIDTH="2000">
<String CONTENT="Maurice" HEIGHT="53" HPOS="140" VPOS="445" WIDTH="254" />
<SP HEIGHT="55" HPOS="395" VPOS="445" WIDTH="32" />
<String CONTENT="S." HEIGHT="55" HPOS="428" VPOS="445" WIDTH="55" />
<SP HEIGHT="55" HPOS="484" VPOS="445" WIDTH="34" />
<String CONTENT="Sullivan." HEIGHT="55" HPOS="519" VPOS="445" WIDTH="279" />
<SP HEIGHT="56" HPOS="799" VPOS="443" WIDTH="68" />
<String CONTENT="Santa" HEIGHT="56" HPOS="868" VPOS="443" WIDTH="179" />
<SP HEIGHT="54" HPOS="1048" VPOS="442" WIDTH="28" />
<String CONTENT="Ana," HEIGHT="66" HPOS="1077" VPOS="442" WIDTH="148" />
<SP HEIGHT="68" HPOS="1226" VPOS="440" WIDTH="31" />
<String CONTENT="Calif.," HEIGHT="69" HPOS="1258" VPOS="440" WIDTH="194" />
<SP HEIGHT="69" HPOS="1453" VPOS="440" WIDTH="30" />
<String CONTENT="The" HEIGHT="53" HPOS="1484" VPOS="440" WIDTH="120" />
<SP HEIGHT="53" HPOS="1605" VPOS="440" WIDTH="32" />
<String CONTENT="Fine" HEIGHT="54" HPOS="1638" VPOS="439" WIDTH="144" />
<SP HEIGHT="37" HPOS="1783" VPOS="456" WIDTH="30" />
<String CONTENT="arts" HEIGHT="48" HPOS="1814" VPOS="444" WIDTH="118" />
<SP HEIGHT="50" HPOS="1933" VPOS="455" WIDTH="31" />
<String CONTENT="press," HEIGHT="51" HPOS="1965" VPOS="454" WIDTH="175" />
</TextLine>
<TextLine HEIGHT="50" HPOS="143" STYLEREFS="StyleId-A70FFBFA-3946-4EDB-B887-4CF512D52B72-" VPOS="526" WIDTH="148">
<String CONTENT="1934." HEIGHT="50" HPOS="143" VPOS="526" WIDTH="148" />
</TextLine>
<TextLine CS="1" HEIGHT="57" HPOS="214" VPOS="589" WIDTH="1926">
<String CONTENT="8" HEIGHT="40" HPOS="214" VPOS="599" WIDTH="25" />
<SP HEIGHT="47" HPOS="240" VPOS="599" WIDTH="27" />
<String CONTENT="p." HEIGHT="36" HPOS="268" LANG="fr" VPOS="610" WIDTH="41" />
<SP />
<String CONTENT="l.," CS="1" LANG="fr" />
<SP />
<String CONTENT="195" HEIGHT="41" HPOS="417" VPOS="597" WIDTH="85" />
<SP HEIGHT="46" HPOS="503" VPOS="599" WIDTH="28" />
<String CONTENT="p.," HEIGHT="37" HPOS="532" LANG="fr" VPOS="608" WIDTH="57" />
<SP HEIGHT="47" HPOS="590" VPOS="598" WIDTH="30" />
<String CONTENT="1" HEIGHT="38" HPOS="621" VPOS="598" WIDTH="24" />
<SP HEIGHT="38" HPOS="646" VPOS="598" WIDTH="29" />
<String CONTENT="l." CS="1" HEIGHT="7" HPOS="697" VPOS="628" WIDTH="7" />
<SP HEIGHT="37" HPOS="705" VPOS="599" WIDTH="58" />
<String CONTENT="front.," HEIGHT="45" HPOS="764" VPOS="599" WIDTH="163" />
<SP HEIGHT="37" HPOS="928" VPOS="607" WIDTH="30" />
<String CONTENT="plates," HEIGHT="47" HPOS="959" VPOS="597" WIDTH="171" />
<SP HEIGHT="38" HPOS="1131" VPOS="604" WIDTH="30" />
<String CONTENT="ports.," HEIGHT="47" HPOS="1162" VPOS="595" WIDTH="162" />
<SP HEIGHT="36" HPOS="1325" VPOS="604" WIDTH="31" />
<String CONTENT="mounted" HEIGHT="40" HPOS="1357" VPOS="593" WIDTH="228" />
<SP HEIGHT="41" HPOS="1586" VPOS="592" WIDTH="28" />
<String CONTENT="fold," HEIGHT="41" HPOS="1615" VPOS="592" WIDTH="119" />
<SP HEIGHT="29" HPOS="1735" VPOS="605" WIDTH="30" />
<String CONTENT="map," HEIGHT="38" HPOS="1766" VPOS="601" WIDTH="125" />
<SP HEIGHT="48" HPOS="1892" VPOS="590" WIDTH="29" />
<String CONTENT="facsims." HEIGHT="42" HPOS="1922" VPOS="589" WIDTH="218" />
</TextLine>
<TextLine HEIGHT="40" HPOS="140" VPOS="656" WIDTH="103">
<String CONTENT="25cm" HEIGHT="40" HPOS="140" VPOS="656" WIDTH="103" />
</TextLine>
<TextLine CS="1" HEIGHT="54" HPOS="214" VPOS="703" WIDTH="1926">
<String CONTENT="Colored" HEIGHT="41" HPOS="214" VPOS="712" WIDTH="202" />
<SP HEIGHT="39" HPOS="417" VPOS="712" WIDTH="34" />
<String CONTENT="initials;" CS="1" HEIGHT="39" HPOS="452" VPOS="712" WIDTH="186" />
<SP HEIGHT="35" HPOS="666" VPOS="722" WIDTH="38" />
<String CONTENT="each" HEIGHT="39" HPOS="705" VPOS="712" WIDTH="116" />
<SP HEIGHT="39" HPOS="822" VPOS="712" WIDTH="33" />
<String CONTENT="section" HEIGHT="43" HPOS="856" VPOS="709" WIDTH="182" />
<SP HEIGHT="38" HPOS="1039" VPOS="718" WIDTH="32" />
<String CONTENT="preceded" HEIGHT="48" HPOS="1072" VPOS="708" WIDTH="232" />
<SP HEIGHT="40" HPOS="1305" VPOS="707" WIDTH="34" />
<String CONTENT="by" HEIGHT="48" HPOS="1340" VPOS="707" WIDTH="62" />
<SP HEIGHT="49" HPOS="1403" VPOS="706" WIDTH="34" />
<String CONTENT="half-title" HEIGHT="41" HPOS="1438" VPOS="706" WIDTH="237" />
<SP HEIGHT="30" HPOS="1676" VPOS="716" WIDTH="35" />
<String CONTENT="not" HEIGHT="37" HPOS="1712" VPOS="708" WIDTH="85" />
<SP HEIGHT="40" HPOS="1798" VPOS="705" WIDTH="32" />
<String CONTENT="included" HEIGHT="41" HPOS="1831" VPOS="704" WIDTH="223" />
<SP HEIGHT="40" HPOS="2055" VPOS="703" WIDTH="35" />
<String CONTENT="in" HEIGHT="41" HPOS="2091" VPOS="703" WIDTH="49" />
</TextLine>
<TextLine HEIGHT="49" HPOS="143" VPOS="768" WIDTH="189">
<String CONTENT="paging." HEIGHT="49" HPOS="143" VPOS="768" WIDTH="189" />
</TextLine>
<TextLine CS="1" HEIGHT="105" HPOS="146" VPOS="818" WIDTH="1979">
<String CONTENT="&#8220;Supplementing" HEIGHT="49" HPOS="215" VPOS="825" WIDTH="427" />
<SP HEIGHT="46" HPOS="643" VPOS="827" WIDTH="30" />
<String CONTENT="the" HEIGHT="39" HPOS="674" VPOS="826" WIDTH="79" />
<SP HEIGHT="41" HPOS="754" VPOS="824" WIDTH="31" />
<String CONTENT="Smith" HEIGHT="40" HPOS="786" VPOS="824" WIDTH="156" />
<SP HEIGHT="48" HPOS="943" VPOS="822" WIDTH="30" />
<String CONTENT="journal" HEIGHT="48" HPOS="974" VPOS="822" WIDTH="193" />
<SP HEIGHT="38" HPOS="1168" VPOS="823" WIDTH="32" />
<String CONTENT="are" HEIGHT="30" HPOS="1201" VPOS="832" WIDTH="83" />
<SP HEIGHT="38" HPOS="1285" VPOS="824" WIDTH="31" />
<String CONTENT="the" HEIGHT="40" HPOS="1317" VPOS="821" WIDTH="81" />
<SP HEIGHT="40" HPOS="1399" VPOS="821" WIDTH="28" />
<String CONTENT="diary" HEIGHT="49" HPOS="1428" VPOS="819" WIDTH="140" />
<SP HEIGHT="37" HPOS="1569" VPOS="831" WIDTH="30" />
<String CONTENT="of" HEIGHT="41" HPOS="1600" VPOS="819" WIDTH="52" />
<SP HEIGHT="40" HPOS="1653" VPOS="819" WIDTH="29" />
<String CONTENT="Alexander" HEIGHT="40" HPOS="1683" VPOS="820" WIDTH="276" />
<SP HEIGHT="38" HPOS="1960" VPOS="820" WIDTH="33" />
<String CONTENT="Roderick" HEIGHT="105" HPOS="146" VPOS="818" WIDTH="1979" />
</TextLine>
<TextLine CS="1" HEIGHT="54" HPOS="276" VPOS="876" WIDTH="1501">
<String CONTENT="McLeod" HEIGHT="40" HPOS="276" VPOS="883" WIDTH="207" />
<SP HEIGHT="38" HPOS="484" VPOS="884" WIDTH="32" />
<String CONTENT="&#8230;" CS="1" />
<SP HEIGHT="29" HPOS="562" VPOS="893" WIDTH="31" />
<String CONTENT="and" HEIGHT="39" HPOS="594" VPOS="883" WIDTH="93" />
<SP HEIGHT="47" HPOS="688" VPOS="883" WIDTH="27" />
<String CONTENT="pertinent" HEIGHT="50" HPOS="716" VPOS="880" WIDTH="245" />
<SP HEIGHT="39" HPOS="962" VPOS="882" WIDTH="26" />
<String CONTENT="correspondence.&#8221;&#8212;Foreword," HEIGHT="50" HPOS="989" VPOS="876" WIDTH="788" />
</TextLine>
<TextLine CS="1" HEIGHT="55" HPOS="148" VPOS="932" WIDTH="1993">
<String CONTENT="&#169;" HEIGHT="51" HPOS="148" VPOS="936" WIDTH="50" />
<SP HEIGHT="51" HPOS="199" VPOS="936" WIDTH="33" />
<String CONTENT="Nov." HEIGHT="38" HPOS="233" VPOS="940" WIDTH="115" />
<SP HEIGHT="37" HPOS="349" VPOS="940" WIDTH="35" />
<String CONTENT="10." HEIGHT="38" HPOS="385" VPOS="940" WIDTH="67" />
<SP HEIGHT="37" HPOS="453" VPOS="941" WIDTH="36" />
<String CONTENT="1934;" HEIGHT="39" HPOS="490" VPOS="940" WIDTH="140" />
<SP HEIGHT="39" HPOS="631" VPOS="940" WIDTH="35" />
<String CONTENT="2c." HEIGHT="41" HPOS="667" VPOS="940" WIDTH="65" />
<SP HEIGHT="29" HPOS="733" VPOS="952" WIDTH="35" />
<String CONTENT="and" HEIGHT="38" HPOS="769" VPOS="939" WIDTH="93" />
<SP HEIGHT="38" HPOS="863" VPOS="939" WIDTH="34" />
<String CONTENT="aff." CS="1" HEIGHT="39" HPOS="898" VPOS="937" WIDTH="80" />
<SP HEIGHT="39" HPOS="979" VPOS="937" WIDTH="34" />
<String CONTENT="Nov." HEIGHT="39" HPOS="1014" VPOS="937" WIDTH="115" />
<SP HEIGHT="35" HPOS="1130" VPOS="939" WIDTH="35" />
<String CONTENT="28;" HEIGHT="39" HPOS="1166" VPOS="936" WIDTH="80" />
<SP HEIGHT="38" HPOS="1247" VPOS="936" WIDTH="38" />
<String CONTENT="A" HEIGHT="37" HPOS="1286" VPOS="936" WIDTH="38" />
<SP HEIGHT="38" HPOS="1325" VPOS="936" WIDTH="34" />
<String CONTENT="78368;" HEIGHT="46" HPOS="1360" VPOS="935" WIDTH="169" />
<SP HEIGHT="45" HPOS="1530" VPOS="936" WIDTH="38" />
<String CONTENT="Maurice" HEIGHT="40" HPOS="1569" VPOS="933" WIDTH="216" />
<SP HEIGHT="39" HPOS="1786" VPOS="934" WIDTH="37" />
<String CONTENT="S." HEIGHT="39" HPOS="1824" VPOS="934" WIDTH="41" />
<SP HEIGHT="38" HPOS="1866" VPOS="934" WIDTH="41" />
<String CONTENT="Sullivan," HEIGHT="46" HPOS="1908" VPOS="932" WIDTH="233" />
</TextLine>
<TextLine HEIGHT="48" HPOS="215" VPOS="994" WIDTH="783">
<String CONTENT="Redlands," HEIGHT="41" HPOS="215" VPOS="997" WIDTH="259" />
<SP HEIGHT="42" HPOS="475" VPOS="996" WIDTH="29" />
<String CONTENT="Calif." HEIGHT="40" HPOS="505" VPOS="996" WIDTH="142" />
<SP HEIGHT="45" HPOS="648" VPOS="997" WIDTH="71" />
<String CONTENT="(34-40003)" HEIGHT="48" HPOS="720" VPOS="994" WIDTH="278" />
</TextLine>
<TextLine HEIGHT="66" HPOS="151" STYLEREFS="StyleId-A70FFBFA-3946-4EDB-B887-4CF512D52B72-" VPOS="1096" WIDTH="1045">
<String CONTENT="Walsh," HEIGHT="65" HPOS="151" LANG="en-US" VPOS="1097" WIDTH="213" />
<SP HEIGHT="63" HPOS="365" VPOS="1099" WIDTH="28" />
<String CONTENT="Edmund" HEIGHT="52" HPOS="394" LANG="en-US" VPOS="1099" WIDTH="272" />
<SP HEIGHT="52" HPOS="667" VPOS="1099" WIDTH="30" />
<String CONTENT="Aloysius," HEIGHT="64" HPOS="698" LANG="fr" VPOS="1096" WIDTH="298" />
<SP HEIGHT="56" HPOS="997" VPOS="1104" WIDTH="31" />
<String CONTENT="1885-" HEIGHT="49" HPOS="1029" LANG="en-US" VPOS="1102" WIDTH="167" />
</TextLine>
<TextLine HEIGHT="75" HPOS="218" STYLEREFS="StyleId-A70FFBFA-3946-4EDB-B887-4CF512D52B72-" VPOS="1168" WIDTH="1926">
<String CONTENT="Ships" HEIGHT="67" HPOS="218" VPOS="1176" WIDTH="173" />
<SP HEIGHT="35" HPOS="392" VPOS="1193" WIDTH="37" />
<String CONTENT="and" HEIGHT="51" HPOS="430" VPOS="1176" WIDTH="110" />
<SP HEIGHT="51" HPOS="541" VPOS="1176" WIDTH="39" />
<String CONTENT="national" HEIGHT="51" HPOS="581" VPOS="1176" WIDTH="255" />
<SP HEIGHT="52" HPOS="837" VPOS="1176" WIDTH="37" />
<String CONTENT="safety;" HEIGHT="67" HPOS="875" VPOS="1173" WIDTH="216" />
<SP HEIGHT="61" HPOS="1092" VPOS="1179" WIDTH="40" />
<String CONTENT="the" HEIGHT="53" HPOS="1133" VPOS="1173" WIDTH="95" />
<SP HEIGHT="34" HPOS="1229" VPOS="1191" WIDTH="38" />
<String CONTENT="role" HEIGHT="51" HPOS="1268" VPOS="1173" WIDTH="115" />
<SP HEIGHT="33" HPOS="1384" VPOS="1191" WIDTH="38" />
<String CONTENT="of" HEIGHT="53" HPOS="1423" VPOS="1171" WIDTH="63" />
<SP HEIGHT="53" HPOS="1487" VPOS="1171" WIDTH="38" />
<String CONTENT="a" HEIGHT="33" HPOS="1526" VPOS="1191" WIDTH="30" />
<SP HEIGHT="35" HPOS="1557" VPOS="1189" WIDTH="37" />
<String CONTENT="merchant" HEIGHT="56" HPOS="1595" VPOS="1168" WIDTH="295" />
<SP HEIGHT="47" HPOS="1891" VPOS="1177" WIDTH="35" />
<String CONTENT="marine" HEIGHT="53" HPOS="1927" VPOS="1170" WIDTH="217" />
</TextLine>
<TextLine CS="1" HEIGHT="72" HPOS="149" STYLEREFS="StyleId-A70FFBFA-3946-4EDB-B887-4CF512D52B72-" VPOS="1248" WIDTH="1996">
<String CONTENT="in" HEIGHT="51" HPOS="149" VPOS="1256" WIDTH="52" />
<SP HEIGHT="52" HPOS="202" VPOS="1255" WIDTH="31" />
<String CONTENT="balanced" HEIGHT="52" HPOS="234" VPOS="1255" WIDTH="269" />
<SP HEIGHT="50" HPOS="504" VPOS="1256" WIDTH="35" />
<String CONTENT="economy," CS="1" HEIGHT="38" HPOS="540" VPOS="1272" WIDTH="286" />
<SP HEIGHT="56" HPOS="827" VPOS="1254" WIDTH="30" />
<String CONTENT="by" HEIGHT="66" HPOS="858" VPOS="1254" WIDTH="73" />
<SP HEIGHT="67" HPOS="932" VPOS="1253" WIDTH="33" />
<String CONTENT="Edmund" HEIGHT="53" HPOS="966" VPOS="1253" WIDTH="268" />
<SP HEIGHT="54" HPOS="1235" VPOS="1252" WIDTH="31" />
<String CONTENT="A." HEIGHT="52" HPOS="1267" VPOS="1252" WIDTH="71" />
<SP HEIGHT="52" HPOS="1339" VPOS="1252" WIDTH="30" />
<String CONTENT="Walsh" HEIGHT="54" HPOS="1370" VPOS="1250" WIDTH="200" />
<SP HEIGHT="51" HPOS="1571" VPOS="1251" WIDTH="38" />
<String CONTENT="&#8230;" CS="1" />
<SP HEIGHT="52" HPOS="1665" VPOS="1251" WIDTH="77" />
<String CONTENT="Washington," HEIGHT="69" HPOS="1743" VPOS="1248" WIDTH="402" />
</TextLine>
<TextLine CS="1" HEIGHT="69" HPOS="148" STYLEREFS="StyleId-A70FFBFA-3946-4EDB-B887-4CF512D52B72-" VPOS="1329" WIDTH="1975">
<String CONTENT="D." HEIGHT="51" HPOS="148" VPOS="1334" WIDTH="67" />
<SP HEIGHT="55" HPOS="216" VPOS="1331" WIDTH="30" />
<String CONTENT="C.," HEIGHT="66" HPOS="247" VPOS="1331" WIDTH="79" />
<SP HEIGHT="66" HPOS="327" VPOS="1331" WIDTH="28" />
<String CONTENT="School" HEIGHT="55" HPOS="356" VPOS="1331" WIDTH="205" />
<SP HEIGHT="51" HPOS="562" VPOS="1333" WIDTH="27" />
<String CONTENT="of" HEIGHT="51" HPOS="590" VPOS="1334" WIDTH="64" />
<SP HEIGHT="53" HPOS="655" VPOS="1332" WIDTH="27" />
<String CONTENT="foreign" HEIGHT="66" HPOS="683" VPOS="1332" WIDTH="224" />
<SP HEIGHT="33" HPOS="908" VPOS="1350" WIDTH="28" />
<String CONTENT="service." HEIGHT="53" HPOS="937" VPOS="1330" WIDTH="225" />
<SP HEIGHT="54" HPOS="1163" VPOS="1329" WIDTH="27" />
<String CONTENT="Georgetown" HEIGHT="68" HPOS="1191" VPOS="1329" WIDTH="375" />
<SP HEIGHT="34" HPOS="1567" VPOS="1348" WIDTH="28" />
<String CONTENT="university" HEIGHT="66" HPOS="1596" VPOS="1329" WIDTH="316" />
<SP HEIGHT="47" HPOS="1913" VPOS="1348" WIDTH="34" />
<String CONTENT="[c1934]" CS="1" HEIGHT="64" HPOS="1948" VPOS="1330" WIDTH="175" />
</TextLine>
<TextLine CS="1" HEIGHT="49" HPOS="219" VPOS="1405" WIDTH="524">
<String CONTENT="64" HEIGHT="39" HPOS="219" VPOS="1407" WIDTH="56" />
<SP HEIGHT="46" HPOS="276" VPOS="1408" WIDTH="30" />
<String CONTENT="p." HEIGHT="36" HPOS="307" VPOS="1418" WIDTH="41" />
<SP HEIGHT="40" HPOS="349" VPOS="1406" WIDTH="60" />
<String CONTENT="illus." HEIGHT="40" HPOS="410" VPOS="1406" WIDTH="128" />
<SP HEIGHT="41" HPOS="539" VPOS="1405" WIDTH="59" />
<String CONTENT="23&#189;cm." CS="1" HEIGHT="41" HPOS="599" VPOS="1405" WIDTH="144" />
</TextLine>
<TextLine CS="1" HEIGHT="51" HPOS="149" VPOS="1460" WIDTH="1994">
<String CONTENT="&#169;" HEIGHT="51" HPOS="149" VPOS="1460" WIDTH="50" />
<SP HEIGHT="51" HPOS="200" VPOS="1460" WIDTH="25" />
<String CONTENT="Oct." HEIGHT="40" HPOS="226" VPOS="1464" WIDTH="100" />
<SP HEIGHT="36" HPOS="327" VPOS="1465" WIDTH="25" />
<String CONTENT="23." HEIGHT="39" HPOS="353" VPOS="1464" WIDTH="67" />
<SP HEIGHT="38" HPOS="421" VPOS="1464" WIDTH="27" />
<String CONTENT="1934;" CS="1" HEIGHT="40" HPOS="449" VPOS="1463" WIDTH="112" />
<SP HEIGHT="42" HPOS="589" VPOS="1463" WIDTH="27" />
<String CONTENT="2c." HEIGHT="40" HPOS="617" VPOS="1463" WIDTH="65" />
<SP HEIGHT="27" HPOS="683" VPOS="1475" WIDTH="25" />
<String CONTENT="and" HEIGHT="37" HPOS="709" VPOS="1465" WIDTH="94" />
<SP HEIGHT="37" HPOS="804" VPOS="1465" WIDTH="24" />
<String CONTENT="aff." CS="1" />
<SP HEIGHT="40" HPOS="911" VPOS="1463" WIDTH="24" />
<String CONTENT="Nov." HEIGHT="37" HPOS="936" VPOS="1463" WIDTH="114" />
<SP HEIGHT="35" HPOS="1051" VPOS="1464" WIDTH="27" />
<String CONTENT="27:" CS="1" HEIGHT="37" HPOS="1079" VPOS="1463" WIDTH="54" />
<SP HEIGHT="38" HPOS="1161" VPOS="1462" WIDTH="25" />
<String CONTENT="A" HEIGHT="37" HPOS="1187" VPOS="1462" WIDTH="41" />
<SP HEIGHT="38" HPOS="1229" VPOS="1462" WIDTH="24" />
<String CONTENT="78353;" CS="1" HEIGHT="40" HPOS="1254" VPOS="1461" WIDTH="141" />
<SP HEIGHT="46" HPOS="1424" VPOS="1461" WIDTH="30" />
<String CONTENT="School" HEIGHT="40" HPOS="1455" VPOS="1461" WIDTH="170" />
<SP HEIGHT="38" HPOS="1626" VPOS="1462" WIDTH="26" />
<String CONTENT="of" HEIGHT="39" HPOS="1653" VPOS="1461" WIDTH="50" />
<SP HEIGHT="38" HPOS="1704" VPOS="1461" WIDTH="22" />
<String CONTENT="foreign" HEIGHT="47" HPOS="1727" VPOS="1460" WIDTH="192" />
<SP HEIGHT="28" HPOS="1920" VPOS="1471" WIDTH="27" />
<String CONTENT="service." HEIGHT="39" HPOS="1948" VPOS="1460" WIDTH="195" />
</TextLine>
<TextLine HEIGHT="49" HPOS="218" VPOS="1519" WIDTH="825">
<String CONTENT="Georgetown" HEIGHT="47" HPOS="218" VPOS="1521" WIDTH="317" />
<SP HEIGHT="27" HPOS="536" VPOS="1532" WIDTH="27" />
<String CONTENT="univ." HEIGHT="39" HPOS="564" VPOS="1520" WIDTH="128" />
<SP HEIGHT="47" HPOS="693" VPOS="1519" WIDTH="70" />
<String CONTENT="(34-40044)" HEIGHT="47" HPOS="764" VPOS="1519" WIDTH="279" />
</TextLine>
<TextLine HEIGHT="64" HPOS="150" STYLEREFS="StyleId-7202DF1F-B742-4448-B324-447689198BA0-" VPOS="1609" WIDTH="1995">
<String CONTENT="White" HEIGHT="53" HPOS="150" VPOS="1610" WIDTH="193" />
<SP HEIGHT="51" HPOS="344" VPOS="1612" WIDTH="51" />
<String CONTENT="House" HEIGHT="51" HPOS="396" VPOS="1612" WIDTH="199" />
<SP HEIGHT="37" HPOS="596" VPOS="1627" WIDTH="49" />
<String CONTENT="conference" HEIGHT="50" HPOS="646" VPOS="1614" WIDTH="346" />
<SP HEIGHT="38" HPOS="993" VPOS="1626" WIDTH="50" />
<String CONTENT="on" HEIGHT="37" HPOS="1044" VPOS="1626" WIDTH="72" />
<SP HEIGHT="35" HPOS="1117" VPOS="1628" WIDTH="51" />
<String CONTENT="child" HEIGHT="54" HPOS="1169" VPOS="1609" WIDTH="149" />
<SP HEIGHT="53" HPOS="1319" VPOS="1610" WIDTH="54" />
<String CONTENT="health" HEIGHT="52" HPOS="1374" VPOS="1610" WIDTH="204" />
<SP HEIGHT="52" HPOS="1579" VPOS="1610" WIDTH="51" />
<String CONTENT="and" HEIGHT="51" HPOS="1631" VPOS="1611" WIDTH="111" />
<SP HEIGHT="62" HPOS="1743" VPOS="1611" WIDTH="54" />
<String CONTENT="protection." HEIGHT="62" HPOS="1798" VPOS="1611" WIDTH="347" />
</TextLine>
<TextLine CS="1" HEIGHT="68" HPOS="215" STYLEREFS="StyleId-D2DFFEDD-B396-46BF-8C2C-D77144DB9835-" VPOS="1687" WIDTH="1931">
<String CONTENT="Sect," HEIGHT="52" HPOS="215" VPOS="1690" WIDTH="147" />
<SP HEIGHT="33" HPOS="363" VPOS="1708" WIDTH="25" />
<String CONTENT="m" HEIGHT="32" HPOS="389" LANG="fi" VPOS="1708" WIDTH="71" />
<String CONTENT=":" HEIGHT="31" HPOS="463" VPOS="1709" WIDTH="18" />
<SP HEIGHT="50" HPOS="482" VPOS="1691" WIDTH="23" />
<String CONTENT="Education" HEIGHT="53" HPOS="506" VPOS="1690" WIDTH="325" />
<SP HEIGHT="35" HPOS="832" VPOS="1708" WIDTH="27" />
<String CONTENT="and" HEIGHT="51" HPOS="860" VPOS="1690" WIDTH="113" />
<SP HEIGHT="51" HPOS="974" VPOS="1690" WIDTH="26" />
<String CONTENT="training." HEIGHT="65" HPOS="1001" VPOS="1690" WIDTH="269" />
<SP HEIGHT="53" HPOS="1271" VPOS="1688" WIDTH="77" />
<String CONTENT="Committee" CS="1" HEIGHT="52" HPOS="1400" VPOS="1689" WIDTH="288" />
<SP HEIGHT="34" HPOS="1689" VPOS="1707" WIDTH="27" />
<String CONTENT="on" HEIGHT="33" HPOS="1717" VPOS="1708" WIDTH="69" />
<SP HEIGHT="48" HPOS="1787" VPOS="1693" WIDTH="29" />
<String CONTENT="the" HEIGHT="53" HPOS="1817" VPOS="1688" WIDTH="92" />
<SP HEIGHT="64" HPOS="1910" VPOS="1689" WIDTH="27" />
<String CONTENT="family" HEIGHT="66" HPOS="1938" VPOS="1687" WIDTH="208" />
</TextLine>
<TextLine HEIGHT="64" HPOS="216" STYLEREFS="StyleId-D2DFFEDD-B396-46BF-8C2C-D77144DB9835-" VPOS="1768" WIDTH="692">
<String CONTENT="and" HEIGHT="52" HPOS="216" VPOS="1768" WIDTH="115" />
<SP HEIGHT="64" HPOS="332" VPOS="1768" WIDTH="29" />
<String CONTENT="parent" HEIGHT="58" HPOS="362" VPOS="1774" WIDTH="203" />
<SP HEIGHT="46" HPOS="566" VPOS="1774" WIDTH="28" />
<String CONTENT="education." HEIGHT="53" HPOS="595" VPOS="1768" WIDTH="313" />
</TextLine>
<TextLine CS="1" HEIGHT="134" HPOS="149" STYLEREFS="StyleId-A70FFBFA-3946-4EDB-B887-4CF512D52B72-" VPOS="1842" WIDTH="1972">
<String CONTENT="The" HEIGHT="51" HPOS="216" VPOS="1845" WIDTH="120" />
<SP HEIGHT="33" HPOS="337" VPOS="1863" WIDTH="24" />
<String CONTENT="adolescent" HEIGHT="53" HPOS="362" VPOS="1844" WIDTH="317" />
<SP HEIGHT="49" HPOS="680" VPOS="1845" WIDTH="23" />
<String CONTENT="in" HEIGHT="52" HPOS="704" VPOS="1845" WIDTH="59" />
<SP HEIGHT="47" HPOS="764" VPOS="1850" WIDTH="22" />
<String CONTENT="the" HEIGHT="51" HPOS="787" VPOS="1845" WIDTH="95" />
<SP HEIGHT="52" HPOS="883" VPOS="1844" WIDTH="25" />
<String CONTENT="family;" HEIGHT="69" HPOS="909" VPOS="1843" WIDTH="234" />
<SP HEIGHT="48" HPOS="1144" VPOS="1863" WIDTH="27" />
<String CONTENT="a" HEIGHT="33" HPOS="1172" VPOS="1863" WIDTH="29" />
<SP HEIGHT="34" HPOS="1202" VPOS="1863" WIDTH="23" />
<String CONTENT="study" HEIGHT="66" HPOS="1226" VPOS="1845" WIDTH="170" />
<SP HEIGHT="49" HPOS="1397" VPOS="1862" WIDTH="23" />
<String CONTENT="of" HEIGHT="53" HPOS="1421" VPOS="1843" WIDTH="65" />
<SP HEIGHT="69" HPOS="1487" VPOS="1843" WIDTH="21" />
<String CONTENT="personality" HEIGHT="70" HPOS="1509" VPOS="1842" WIDTH="351" />
<SP HEIGHT="68" HPOS="1861" VPOS="1843" WIDTH="22" />
<String CONTENT="development" HEIGHT="134" HPOS="149" VPOS="1842" WIDTH="1972" />
</TextLine>
<TextLine HEIGHT="68" HPOS="340" STYLEREFS="StyleId-A70FFBFA-3946-4EDB-B887-4CF512D52B72-" VPOS="1921" WIDTH="1808">
<String CONTENT="in" HEIGHT="50" HPOS="340" VPOS="1924" WIDTH="57" />
<SP HEIGHT="46" HPOS="398" VPOS="1928" WIDTH="37" />
<String CONTENT="the" HEIGHT="52" HPOS="436" VPOS="1922" WIDTH="96" />
<SP HEIGHT="51" HPOS="533" VPOS="1923" WIDTH="37" />
<String CONTENT="home" HEIGHT="52" HPOS="571" VPOS="1923" WIDTH="163" />
<SP HEIGHT="35" HPOS="735" VPOS="1941" WIDTH="37" />
<String CONTENT="environment;" HEIGHT="65" HPOS="773" VPOS="1921" WIDTH="419" />
<SP HEIGHT="44" HPOS="1193" VPOS="1942" WIDTH="44" />
<String CONTENT="report" HEIGHT="60" HPOS="1238" VPOS="1929" WIDTH="190" />
<SP HEIGHT="46" HPOS="1429" VPOS="1929" WIDTH="38" />
<String CONTENT="of" HEIGHT="53" HPOS="1468" VPOS="1922" WIDTH="63" />
<SP HEIGHT="53" HPOS="1532" VPOS="1922" WIDTH="39" />
<String CONTENT="the" HEIGHT="53" HPOS="1572" VPOS="1923" WIDTH="93" />
<SP HEIGHT="55" HPOS="1666" VPOS="1921" WIDTH="41" />
<String CONTENT="Subcommittee" HEIGHT="55" HPOS="1708" VPOS="1921" WIDTH="440" />
</TextLine>
<TextLine HEIGHT="66" HPOS="148" STYLEREFS="StyleId-A70FFBFA-3946-4EDB-B887-4CF512D52B72-" VPOS="2000" WIDTH="2001">
<String CONTENT="on" HEIGHT="34" HPOS="148" VPOS="2020" WIDTH="67" />
<SP HEIGHT="47" HPOS="216" VPOS="2007" WIDTH="28" />
<String CONTENT="the" HEIGHT="53" HPOS="245" VPOS="2001" WIDTH="94" />
<SP HEIGHT="53" HPOS="340" VPOS="2001" WIDTH="28" />
<String CONTENT="function" HEIGHT="53" HPOS="369" VPOS="2001" WIDTH="260" />
<SP HEIGHT="34" HPOS="630" VPOS="2019" WIDTH="25" />
<String CONTENT="of" HEIGHT="53" HPOS="656" VPOS="2000" WIDTH="64" />
<SP HEIGHT="52" HPOS="721" VPOS="2000" WIDTH="22" />
<String CONTENT="home" HEIGHT="53" HPOS="744" VPOS="2001" WIDTH="161" />
<SP HEIGHT="34" HPOS="906" VPOS="2020" WIDTH="25" />
<String CONTENT="activities" HEIGHT="54" HPOS="932" VPOS="2000" WIDTH="280" />
<SP HEIGHT="52" HPOS="1213" VPOS="2002" WIDTH="23" />
<String CONTENT="in" HEIGHT="52" HPOS="1237" VPOS="2002" WIDTH="58" />
<SP HEIGHT="46" HPOS="1296" VPOS="2008" WIDTH="26" />
<String CONTENT="the" HEIGHT="52" HPOS="1323" VPOS="2002" WIDTH="94" />
<SP HEIGHT="34" HPOS="1418" VPOS="2020" WIDTH="24" />
<String CONTENT="education" HEIGHT="52" HPOS="1443" VPOS="2002" WIDTH="296" />
<SP HEIGHT="34" HPOS="1740" VPOS="2020" WIDTH="27" />
<String CONTENT="of" HEIGHT="53" HPOS="1768" VPOS="2001" WIDTH="62" />
<SP HEIGHT="53" HPOS="1831" VPOS="2001" WIDTH="24" />
<String CONTENT="the" HEIGHT="53" HPOS="1856" VPOS="2001" WIDTH="92" />
<SP HEIGHT="33" HPOS="1949" VPOS="2020" WIDTH="27" />
<String CONTENT="child," HEIGHT="65" HPOS="1977" VPOS="2001" WIDTH="172" />
</TextLine>
<TextLine CS="1" HEIGHT="69" HPOS="154" STYLEREFS="StyleId-A70FFBFA-3946-4EDB-B887-4CF512D52B72-" VPOS="2078" WIDTH="1993">
<String CONTENT="F." HEIGHT="52" HPOS="154" LANG="fr" VPOS="2081" WIDTH="61" />
<SP HEIGHT="52" HPOS="216" VPOS="2081" WIDTH="33" />
<String CONTENT="W." HEIGHT="52" HPOS="250" VPOS="2081" WIDTH="88" />
<SP HEIGHT="51" HPOS="339" VPOS="2080" WIDTH="37" />
<String CONTENT="Burgess," HEIGHT="67" HPOS="377" VPOS="2080" WIDTH="265" />
<SP HEIGHT="37" HPOS="643" VPOS="2098" WIDTH="32" />
<String CONTENT="PH." CS="1" HEIGHT="8" HPOS="765" VPOS="2123" WIDTH="8" />
<SP HEIGHT="32" HPOS="774" VPOS="2099" WIDTH="36" />
<String CONTENT="D.," CS="1" HEIGHT="25" HPOS="848" VPOS="2122" WIDTH="28" />
<SP HEIGHT="48" HPOS="877" VPOS="2099" WIDTH="32" />
<String CONTENT="chairman." HEIGHT="56" HPOS="910" VPOS="2079" WIDTH="310" />
<SP HEIGHT="54" HPOS="1221" VPOS="2081" WIDTH="31" />
<String CONTENT="White" HEIGHT="55" HPOS="1253" VPOS="2079" WIDTH="194" />
<SP HEIGHT="52" HPOS="1448" VPOS="2081" WIDTH="34" />
<String CONTENT="House" HEIGHT="52" HPOS="1483" VPOS="2081" WIDTH="193" />
<SP HEIGHT="34" HPOS="1677" VPOS="2099" WIDTH="35" />
<String CONTENT="conference" HEIGHT="55" HPOS="1713" VPOS="2078" WIDTH="330" />
<SP HEIGHT="35" HPOS="2044" VPOS="2098" WIDTH="33" />
<String CONTENT="on" HEIGHT="35" HPOS="2078" VPOS="2098" WIDTH="69" />
</TextLine>
<TextLine CS="1" HEIGHT="146" HPOS="147" STYLEREFS="StyleId-A70FFBFA-3946-4EDB-B887-4CF512D52B72-" VPOS="2158" WIDTH="1998">
<String CONTENT="child" HEIGHT="52" HPOS="147" LANG="en-US" VPOS="2159" WIDTH="154" />
<SP HEIGHT="53" HPOS="302" VPOS="2158" WIDTH="24" />
<String CONTENT="health" HEIGHT="52" HPOS="327" LANG="en-US" VPOS="2158" WIDTH="193" />
<SP HEIGHT="52" HPOS="521" VPOS="2158" WIDTH="25" />
<String CONTENT="and" HEIGHT="51" HPOS="547" LANG="en-US" VPOS="2159" WIDTH="111" />
<SP HEIGHT="65" HPOS="659" VPOS="2159" WIDTH="30" />
<String CONTENT="protection." HEIGHT="64" HPOS="690" LANG="en-US" VPOS="2160" WIDTH="329" />
<SP HEIGHT="51" HPOS="1020" VPOS="2159" WIDTH="61" />
<String CONTENT="New" HEIGHT="52" HPOS="1082" LANG="en-US" VPOS="2159" WIDTH="134" />
<SP HEIGHT="51" HPOS="1217" VPOS="2158" WIDTH="28" />
<String CONTENT="York," HEIGHT="68" HPOS="1246" LANG="en-US" VPOS="2158" WIDTH="177" />
<SP HEIGHT="66" HPOS="1424" VPOS="2160" WIDTH="24" />
<String CONTENT="London," HEIGHT="65" HPOS="1449" LANG="en-US" VPOS="2159" WIDTH="257" />
<SP HEIGHT="64" HPOS="1707" VPOS="2160" WIDTH="24" />
<String CONTENT="D." HEIGHT="51" HPOS="1732" LANG="en-US" VPOS="2160" WIDTH="70" />
<SP HEIGHT="51" HPOS="1803" VPOS="2160" WIDTH="26" />
<String CONTENT="Appleton-Century" HEIGHT="144" HPOS="149" LANG="de" VPOS="2160" WIDTH="1996" />
</TextLine>
<TextLine CS="1" HEIGHT="64" HPOS="434" STYLEREFS="StyleId-A70FFBFA-3946-4EDB-B887-4CF512D52B72-" VPOS="2239" WIDTH="491">
<String CONTENT="company" HEIGHT="49" HPOS="434" VPOS="2254" WIDTH="281" />
<SP HEIGHT="48" HPOS="716" VPOS="2255" WIDTH="34" />
<String CONTENT="[c1934]" CS="1" HEIGHT="49" HPOS="769" VPOS="2239" WIDTH="156" />
</TextLine>
<TextLine CS="1" HEIGHT="65" HPOS="223" VPOS="2294" WIDTH="999">
<String CONTENT="xviii," HEIGHT="48" HPOS="223" LANG="en-US" VPOS="2310" WIDTH="136" />
<SP HEIGHT="47" HPOS="360" VPOS="2311" WIDTH="26" />
<String CONTENT="473" HEIGHT="40" HPOS="387" LANG="en-US" VPOS="2311" WIDTH="87" />
<SP HEIGHT="47" HPOS="475" VPOS="2312" WIDTH="27" />
<String CONTENT="p." HEIGHT="37" HPOS="503" LANG="fr" VPOS="2322" WIDTH="41" />
<SP HEIGHT="38" HPOS="545" VPOS="2312" WIDTH="64" />
<String CONTENT="1" CS="1" LANG="fr" />
<SP HEIGHT="56" HPOS="635" VPOS="2294" WIDTH="29" />
<String CONTENT="illus.," CS="1" HEIGHT="46" HPOS="704" LANG="fi" VPOS="2312" WIDTH="104" />
<SP HEIGHT="46" HPOS="809" VPOS="2312" WIDTH="29" />
<String CONTENT="diagrs." HEIGHT="47" HPOS="839" LANG="en-US" VPOS="2311" WIDTH="177" />
<SP HEIGHT="40" HPOS="1017" VPOS="2310" WIDTH="60" />
<String CONTENT="23&#189;cm." CS="1" HEIGHT="41" HPOS="1078" LANG="en-US" VPOS="2310" WIDTH="144" />
</TextLine>
<TextLine HEIGHT="47" HPOS="222" VPOS="2367" WIDTH="684">
<String CONTENT="Illustrated" HEIGHT="39" HPOS="222" VPOS="2368" WIDTH="289" />
<SP HEIGHT="39" HPOS="512" VPOS="2368" WIDTH="29" />
<String CONTENT="lining-papers." HEIGHT="47" HPOS="542" VPOS="2367" WIDTH="364" />
</TextLine>
<TextLine CS="1" HEIGHT="48" HPOS="224" VPOS="2423" WIDTH="1923">
<String CONTENT="&#8220;Section" HEIGHT="41" HPOS="224" VPOS="2424" WIDTH="223" />
<SP HEIGHT="31" HPOS="448" VPOS="2433" WIDTH="33" />
<String CONTENT="III&#8212;Education" CS="1" HEIGHT="40" HPOS="544" VPOS="2424" WIDTH="334" />
<SP HEIGHT="29" HPOS="879" VPOS="2434" WIDTH="34" />
<String CONTENT="and" HEIGHT="38" HPOS="914" VPOS="2427" WIDTH="94" />
<SP HEIGHT="38" HPOS="1009" VPOS="2427" WIDTH="39" />
<String CONTENT="training," HEIGHT="48" HPOS="1049" VPOS="2423" WIDTH="224" />
<SP HEIGHT="41" HPOS="1274" VPOS="2425" WIDTH="37" />
<String CONTENT="F." HEIGHT="40" HPOS="1312" LANG="fi" VPOS="2425" WIDTH="50" />
<SP HEIGHT="40" HPOS="1363" VPOS="2425" WIDTH="35" />
<String CONTENT="J." HEIGHT="39" HPOS="1399" VPOS="2425" WIDTH="43" />
<SP HEIGHT="38" HPOS="1443" VPOS="2426" WIDTH="36" />
<String CONTENT="Kelly," HEIGHT="46" HPOS="1480" VPOS="2425" WIDTH="155" />
<SP HEIGHT="30" HPOS="1636" VPOS="2436" WIDTH="37" />
<String CONTENT="PH." CS="1" HEIGHT="7" HPOS="1749" VPOS="2457" WIDTH="9" />
<SP HEIGHT="27" HPOS="1759" VPOS="2437" WIDTH="36" />
<String CONTENT="D.," CS="1" HEIGHT="7" HPOS="1826" VPOS="2456" WIDTH="7" />
<SP HEIGHT="28" HPOS="1848" VPOS="2438" WIDTH="35" />
<String CONTENT="chairman." HEIGHT="40" HPOS="1884" VPOS="2424" WIDTH="263" />
</TextLine>
<TextLine CS="1" HEIGHT="50" HPOS="152" VPOS="2480" WIDTH="1908">
<String CONTENT="Committee" HEIGHT="42" HPOS="152" VPOS="2480" WIDTH="287" />
<SP HEIGHT="29" HPOS="440" VPOS="2492" WIDTH="31" />
<String CONTENT="on" HEIGHT="29" HPOS="472" VPOS="2492" WIDTH="59" />
<SP HEIGHT="37" HPOS="532" VPOS="2483" WIDTH="32" />
<String CONTENT="the" HEIGHT="39" HPOS="565" VPOS="2481" WIDTH="80" />
<SP HEIGHT="39" HPOS="646" VPOS="2481" WIDTH="29" />
<String CONTENT="family" HEIGHT="47" HPOS="676" VPOS="2481" WIDTH="175" />
<SP HEIGHT="36" HPOS="852" VPOS="2492" WIDTH="29" />
<String CONTENT="and" HEIGHT="39" HPOS="882" VPOS="2482" WIDTH="95" />
<SP HEIGHT="46" HPOS="978" VPOS="2482" WIDTH="33" />
<String CONTENT="parent" HEIGHT="44" HPOS="1012" VPOS="2484" WIDTH="169" />
<SP HEIGHT="38" HPOS="1182" VPOS="2484" WIDTH="32" />
<String CONTENT="education," HEIGHT="48" HPOS="1215" VPOS="2482" WIDTH="271" />
<SP HEIGHT="47" HPOS="1487" VPOS="2483" WIDTH="35" />
<String CONTENT="Louise" HEIGHT="40" HPOS="1523" VPOS="2482" WIDTH="171" />
<SP HEIGHT="41" HPOS="1695" VPOS="2482" WIDTH="35" />
<String CONTENT="Stanley," HEIGHT="47" HPOS="1731" VPOS="2482" WIDTH="213" />
<SP HEIGHT="35" HPOS="1945" VPOS="2494" WIDTH="36" />
<String CONTENT="PH." CS="1" HEIGHT="6" HPOS="2054" VPOS="2515" WIDTH="6" />
<SP />
<String CONTENT="D.," CS="1" />
</TextLine>
<TextLine HEIGHT="50" HPOS="151" VPOS="2537" WIDTH="524">
<String CONTENT="chairman.&#8221;&#8212;p." HEIGHT="47" HPOS="151" VPOS="2537" WIDTH="403" />
<SP HEIGHT="30" HPOS="555" VPOS="2557" WIDTH="37" />
<String CONTENT="[iii]" HEIGHT="49" HPOS="593" VPOS="2538" WIDTH="82" />
</TextLine>
<TextLine HEIGHT="48" HPOS="225" VPOS="2594" WIDTH="1784">
<String CONTENT="The" HEIGHT="40" HPOS="225" VPOS="2594" WIDTH="100" />
<SP HEIGHT="29" HPOS="326" VPOS="2605" WIDTH="29" />
<String CONTENT="report" HEIGHT="45" HPOS="356" VPOS="2597" WIDTH="164" />
<SP HEIGHT="38" HPOS="521" VPOS="2597" WIDTH="30" />
<String CONTENT="was" HEIGHT="30" HPOS="552" VPOS="2604" WIDTH="98" />
<SP HEIGHT="37" HPOS="651" VPOS="2605" WIDTH="31" />
<String CONTENT="prepared" HEIGHT="46" HPOS="683" VPOS="2596" WIDTH="233" />
<SP HEIGHT="38" HPOS="917" VPOS="2595" WIDTH="33" />
<String CONTENT="by" HEIGHT="46" HPOS="951" VPOS="2595" WIDTH="58" />
<SP HEIGHT="46" HPOS="1010" VPOS="2595" WIDTH="31" />
<String CONTENT="Dr." HEIGHT="39" HPOS="1042" VPOS="2595" WIDTH="81" />
<SP HEIGHT="39" HPOS="1124" VPOS="2595" WIDTH="36" />
<String CONTENT="Ruth" HEIGHT="38" HPOS="1161" VPOS="2595" WIDTH="127" />
<SP HEIGHT="41" HPOS="1289" VPOS="2594" WIDTH="34" />
<String CONTENT="S." HEIGHT="41" HPOS="1324" VPOS="2594" WIDTH="43" />
<SP HEIGHT="40" HPOS="1368" VPOS="2595" WIDTH="33" />
<String CONTENT="Cavan," HEIGHT="40" HPOS="1402" VPOS="2595" WIDTH="176" />
<SP HEIGHT="26" HPOS="1579" VPOS="2608" WIDTH="63" />
<String CONTENT="cf." HEIGHT="44" HPOS="1643" VPOS="2596" WIDTH="59" />
<SP HEIGHT="38" HPOS="1703" VPOS="2596" WIDTH="39" />
<String CONTENT="Foreword." HEIGHT="39" HPOS="1743" VPOS="2596" WIDTH="266" />
</TextLine>
<TextLine CS="1" HEIGHT="50" HPOS="153" VPOS="2647" WIDTH="1996">
<String CONTENT="&#169;" HEIGHT="49" HPOS="153" VPOS="2647" WIDTH="51" />
<SP HEIGHT="49" HPOS="205" VPOS="2647" WIDTH="22" />
<String CONTENT="Nov." HEIGHT="40" HPOS="228" VPOS="2652" WIDTH="116" />
<SP HEIGHT="39" HPOS="345" VPOS="2653" WIDTH="26" />
<String CONTENT="20," HEIGHT="41" HPOS="372" VPOS="2652" WIDTH="67" />
<SP HEIGHT="40" HPOS="440" VPOS="2653" WIDTH="25" />
<String CONTENT="1934:" HEIGHT="41" HPOS="466" VPOS="2651" WIDTH="140" />
<SP HEIGHT="41" HPOS="607" VPOS="2651" WIDTH="30" />
<String CONTENT="2c." HEIGHT="40" HPOS="638" VPOS="2651" WIDTH="64" />
<SP HEIGHT="27" HPOS="703" VPOS="2664" WIDTH="28" />
<String CONTENT="and" HEIGHT="38" HPOS="732" VPOS="2653" WIDTH="93" />
<SP HEIGHT="37" HPOS="826" VPOS="2653" WIDTH="26" />
<String CONTENT="aff." CS="1" />
<SP HEIGHT="37" HPOS="933" VPOS="2652" WIDTH="28" />
<String CONTENT="Nov." HEIGHT="39" HPOS="962" VPOS="2652" WIDTH="117" />
<SP HEIGHT="37" HPOS="1080" VPOS="2654" WIDTH="26" />
<String CONTENT="22;" HEIGHT="45" HPOS="1107" VPOS="2652" WIDTH="79" />
<SP HEIGHT="44" HPOS="1187" VPOS="2653" WIDTH="29" />
<String CONTENT="A" HEIGHT="37" HPOS="1217" VPOS="2653" WIDTH="39" />
<SP HEIGHT="39" HPOS="1257" VPOS="2653" WIDTH="26" />
<String CONTENT="77320:" HEIGHT="40" HPOS="1284" VPOS="2652" WIDTH="168" />
<SP HEIGHT="39" HPOS="1453" VPOS="2653" WIDTH="30" />
<String CONTENT="White" HEIGHT="39" HPOS="1484" VPOS="2653" WIDTH="164" />
<SP HEIGHT="38" HPOS="1649" VPOS="2654" WIDTH="23" />
<String CONTENT="House" HEIGHT="40" HPOS="1673" VPOS="2654" WIDTH="165" />
<SP HEIGHT="30" HPOS="1839" VPOS="2664" WIDTH="25" />
<String CONTENT="conference" HEIGHT="40" HPOS="1865" VPOS="2653" WIDTH="284" />
</TextLine>
<TextLine CS="1" HEIGHT="104" HPOS="221" VPOS="2709" WIDTH="1914">
<String CONTENT="on" HEIGHT="28" HPOS="222" VPOS="2720" WIDTH="58" />
<SP HEIGHT="27" HPOS="281" VPOS="2720" WIDTH="27" />
<String CONTENT="child" HEIGHT="38" HPOS="309" VPOS="2709" WIDTH="128" />
<SP HEIGHT="38" HPOS="438" VPOS="2709" WIDTH="29" />
<String CONTENT="health" HEIGHT="38" HPOS="468" VPOS="2710" WIDTH="165" />
<SP HEIGHT="37" HPOS="634" VPOS="2710" WIDTH="31" />
<String CONTENT="and" HEIGHT="37" HPOS="666" VPOS="2710" WIDTH="94" />
<SP HEIGHT="45" HPOS="761" VPOS="2710" WIDTH="28" />
<String CONTENT="protection." HEIGHT="46" HPOS="790" VPOS="2709" WIDTH="282" />
<SP HEIGHT="39" HPOS="1073" VPOS="2709" WIDTH="30" />
<String CONTENT="Ray" HEIGHT="47" HPOS="1104" VPOS="2709" WIDTH="104" />
<SP HEIGHT="47" HPOS="1209" VPOS="2709" WIDTH="27" />
<String CONTENT="Lyman" HEIGHT="47" HPOS="1237" VPOS="2709" WIDTH="184" />
<SP HEIGHT="37" HPOS="1422" VPOS="2711" WIDTH="30" />
<String CONTENT="Wilbur," HEIGHT="47" HPOS="1453" VPOS="2710" WIDTH="201" />
<SP HEIGHT="36" HPOS="1655" VPOS="2721" WIDTH="31" />
<String CONTENT="chairman," HEIGHT="42" HPOS="1687" VPOS="2710" WIDTH="265" />
<SP HEIGHT="41" HPOS="1953" VPOS="2711" WIDTH="31" />
<String CONTENT="Washington." HEIGHT="102" HPOS="221" VPOS="2711" WIDTH="1914" />
<SP HEIGHT="47" HPOS="402" VPOS="2766" WIDTH="70" />
<String CONTENT="(34-40643)" HEIGHT="48" HPOS="473" VPOS="2765" WIDTH="281" />
</TextLine>
<TextLine HEIGHT="66" HPOS="152" STYLEREFS="StyleId-7202DF1F-B742-4448-B324-447689198BA0-" VPOS="2854" WIDTH="928">
<String CONTENT="Williamson," HEIGHT="66" HPOS="152" VPOS="2854" WIDTH="382" />
<SP HEIGHT="63" HPOS="535" VPOS="2857" WIDTH="29" />
<String CONTENT="Harold" HEIGHT="52" HPOS="565" VPOS="2856" WIDTH="220" />
<SP HEIGHT="51" HPOS="786" VPOS="2857" WIDTH="31" />
<String CONTENT="Francis." HEIGHT="54" HPOS="818" VPOS="2857" WIDTH="262" />
</TextLine>
<TextLine HEIGHT="69" HPOS="217" STYLEREFS="StyleId-A70FFBFA-3946-4EDB-B887-4CF512D52B72-" VPOS="2932" WIDTH="1932">
<String CONTENT="Edward" HEIGHT="52" HPOS="217" VPOS="2933" WIDTH="249" />
<SP HEIGHT="50" HPOS="467" VPOS="2933" WIDTH="45" />
<String CONTENT="Atkinson;" HEIGHT="67" HPOS="513" VPOS="2932" WIDTH="315" />
<SP HEIGHT="58" HPOS="829" VPOS="2941" WIDTH="43" />
<String CONTENT="the" HEIGHT="52" HPOS="873" VPOS="2934" WIDTH="93" />
<SP HEIGHT="51" HPOS="967" VPOS="2934" WIDTH="39" />
<String CONTENT="biography" HEIGHT="68" HPOS="1007" VPOS="2933" WIDTH="322" />
<SP HEIGHT="48" HPOS="1330" VPOS="2953" WIDTH="39" />
<String CONTENT="of" HEIGHT="50" HPOS="1370" VPOS="2935" WIDTH="63" />
<SP HEIGHT="51" HPOS="1434" VPOS="2935" WIDTH="39" />
<String CONTENT="an" HEIGHT="32" HPOS="1474" VPOS="2954" WIDTH="67" />
<SP HEIGHT="50" HPOS="1542" VPOS="2936" WIDTH="48" />
<String CONTENT="American" HEIGHT="53" HPOS="1591" VPOS="2933" WIDTH="296" />
<SP HEIGHT="51" HPOS="1888" VPOS="2935" WIDTH="45" />
<String CONTENT="liberal." HEIGHT="55" HPOS="1934" VPOS="2933" WIDTH="215" />
</TextLine>
<TextLine CS="1" HEIGHT="69" HPOS="151" STYLEREFS="StyleId-A70FFBFA-3946-4EDB-B887-4CF512D52B72-" VPOS="3009" WIDTH="1998">
<String CONTENT="1827-1905," HEIGHT="66" HPOS="151" VPOS="3011" WIDTH="323" />
<SP HEIGHT="68" HPOS="475" VPOS="3009" WIDTH="33" />
<String CONTENT="by" HEIGHT="68" HPOS="509" VPOS="3009" WIDTH="75" />
<SP HEIGHT="67" HPOS="585" VPOS="3010" WIDTH="33" />
<String CONTENT="Harold" HEIGHT="53" HPOS="619" VPOS="3010" WIDTH="225" />
<SP HEIGHT="51" HPOS="845" VPOS="3012" WIDTH="35" />
<String CONTENT="Francis" HEIGHT="56" HPOS="881" VPOS="3009" WIDTH="237" />
<SP HEIGHT="53" HPOS="1119" VPOS="3012" WIDTH="33" />
<String CONTENT="Williamson" HEIGHT="53" HPOS="1153" VPOS="3011" WIDTH="358" />
<SP HEIGHT="31" HPOS="1512" VPOS="3032" WIDTH="45" />
<String CONTENT="&#8230;" CS="1" />
<SP HEIGHT="51" HPOS="1611" VPOS="3013" WIDTH="44" />
<String CONTENT="introduction" HEIGHT="53" HPOS="1656" VPOS="3011" WIDTH="383" />
<SP HEIGHT="51" HPOS="2040" VPOS="3014" WIDTH="38" />
<String CONTENT="by" HEIGHT="64" HPOS="2079" VPOS="3014" WIDTH="70" />
</TextLine>
<TextLine HEIGHT="67" HPOS="151" STYLEREFS="StyleId-A70FFBFA-3946-4EDB-B887-4CF512D52B72-" VPOS="3088" WIDTH="1898">
<String CONTENT="F." HEIGHT="51" HPOS="151" LANG="fr" VPOS="3089" WIDTH="59" />
<SP HEIGHT="54" HPOS="211" VPOS="3089" WIDTH="35" />
<String CONTENT="W." HEIGHT="54" HPOS="247" VPOS="3089" WIDTH="87" />
<SP HEIGHT="52" HPOS="335" VPOS="3089" WIDTH="37" />
<String CONTENT="Taussig." HEIGHT="67" HPOS="373" VPOS="3088" WIDTH="257" />
<SP HEIGHT="49" HPOS="631" VPOS="3090" WIDTH="78" />
<String CONTENT="Boston." HEIGHT="52" HPOS="710" VPOS="3090" WIDTH="231" />
<SP HEIGHT="53" HPOS="942" VPOS="3090" WIDTH="36" />
<String CONTENT="Old" HEIGHT="54" HPOS="979" VPOS="3089" WIDTH="112" />
<SP HEIGHT="51" HPOS="1092" VPOS="3091" WIDTH="35" />
<String CONTENT="corner" HEIGHT="34" HPOS="1128" VPOS="3108" WIDTH="195" />
<SP HEIGHT="51" HPOS="1324" VPOS="3091" WIDTH="34" />
<String CONTENT="book" HEIGHT="51" HPOS="1359" VPOS="3091" WIDTH="143" />
<SP HEIGHT="53" HPOS="1503" VPOS="3091" WIDTH="33" />
<String CONTENT="store," HEIGHT="43" HPOS="1537" VPOS="3101" WIDTH="164" />
<SP HEIGHT="52" HPOS="1702" VPOS="3089" WIDTH="39" />
<String CONTENT="inc.," HEIGHT="61" HPOS="1742" VPOS="3089" WIDTH="120" />
<SP HEIGHT="54" HPOS="1863" VPOS="3096" WIDTH="39" />
<String CONTENT="1934." HEIGHT="48" HPOS="1903" VPOS="3093" WIDTH="146" />
</TextLine>
<TextLine CS="1" HEIGHT="48" HPOS="218" VPOS="3162" WIDTH="1104">
<String CONTENT="xiv" HEIGHT="38" HPOS="218" VPOS="3163" WIDTH="83" />
<SP HEIGHT="36" HPOS="302" VPOS="3174" WIDTH="28" />
<String CONTENT="p.," HEIGHT="36" HPOS="331" VPOS="3174" WIDTH="56" />
<SP HEIGHT="46" HPOS="388" VPOS="3164" WIDTH="28" />
<String CONTENT="1" HEIGHT="38" HPOS="417" VPOS="3164" WIDTH="23" />
<SP />
<String CONTENT="l.," CS="1" />
<SP />
<String CONTENT="304" HEIGHT="40" HPOS="541" VPOS="3163" WIDTH="85" />
<SP HEIGHT="44" HPOS="627" VPOS="3165" WIDTH="28" />
<String CONTENT="p." HEIGHT="36" HPOS="656" VPOS="3173" WIDTH="40" />
<SP HEIGHT="38" HPOS="697" VPOS="3163" WIDTH="61" />
<String CONTENT="front," HEIGHT="38" HPOS="759" VPOS="3163" WIDTH="147" />
<SP HEIGHT="45" HPOS="907" VPOS="3164" WIDTH="29" />
<String CONTENT="(port.)" HEIGHT="48" HPOS="937" VPOS="3162" WIDTH="172" />
<SP HEIGHT="44" HPOS="1110" VPOS="3162" WIDTH="67" />
<String CONTENT="24&#189;cm." CS="1" HEIGHT="40" HPOS="1178" VPOS="3163" WIDTH="144" />
</TextLine>
<TextLine HEIGHT="49" HPOS="228" VPOS="3219" WIDTH="1923">
<String CONTENT="&#8220;This" HEIGHT="39" HPOS="228" VPOS="3220" WIDTH="144" />
<SP HEIGHT="29" HPOS="373" VPOS="3230" WIDTH="44" />
<String CONTENT="work" HEIGHT="37" HPOS="418" VPOS="3221" WIDTH="133" />
<SP HEIGHT="37" HPOS="552" VPOS="3221" WIDTH="44" />
<String CONTENT="was" HEIGHT="29" HPOS="597" VPOS="3229" WIDTH="99" />
<SP HEIGHT="27" HPOS="697" VPOS="3231" WIDTH="46" />
<String CONTENT="originally" HEIGHT="47" HPOS="744" VPOS="3219" WIDTH="258" />
<SP HEIGHT="37" HPOS="1003" VPOS="3231" WIDTH="44" />
<String CONTENT="presented" HEIGHT="46" HPOS="1048" VPOS="3222" WIDTH="250" />
<SP HEIGHT="38" HPOS="1299" VPOS="3222" WIDTH="47" />
<String CONTENT="as" HEIGHT="26" HPOS="1347" VPOS="3231" WIDTH="52" />
<SP HEIGHT="28" HPOS="1400" VPOS="3232" WIDTH="46" />
<String CONTENT="a" HEIGHT="27" HPOS="1447" VPOS="3233" WIDTH="23" />
<SP HEIGHT="39" HPOS="1471" VPOS="3221" WIDTH="45" />
<String CONTENT="doctoral" HEIGHT="38" HPOS="1517" VPOS="3221" WIDTH="214" />
<SP HEIGHT="36" HPOS="1732" VPOS="3221" WIDTH="51" />
<String CONTENT="thesis" HEIGHT="39" HPOS="1784" VPOS="3220" WIDTH="148" />
<SP HEIGHT="31" HPOS="1933" VPOS="3226" WIDTH="48" />
<String CONTENT="to" HEIGHT="31" HPOS="1982" VPOS="3226" WIDTH="44" />
<SP HEIGHT="32" HPOS="2027" VPOS="3225" WIDTH="47" />
<String CONTENT="the" HEIGHT="37" HPOS="2075" VPOS="3222" WIDTH="76" />
</TextLine>
<TextLine HEIGHT="47" HPOS="153" VPOS="3276" WIDTH="1595">
<String CONTENT="Department" HEIGHT="47" HPOS="153" VPOS="3276" WIDTH="317" />
<SP HEIGHT="37" HPOS="471" VPOS="3279" WIDTH="32" />
<String CONTENT="of" HEIGHT="39" HPOS="504" VPOS="3276" WIDTH="51" />
<SP HEIGHT="39" HPOS="556" VPOS="3276" WIDTH="32" />
<String CONTENT="economics" HEIGHT="40" HPOS="589" VPOS="3276" WIDTH="266" />
<SP HEIGHT="29" HPOS="856" VPOS="3287" WIDTH="34" />
<String CONTENT="at" HEIGHT="38" HPOS="891" VPOS="3279" WIDTH="51" />
<SP HEIGHT="40" HPOS="943" VPOS="3277" WIDTH="32" />
<String CONTENT="Harvard" HEIGHT="40" HPOS="976" VPOS="3277" WIDTH="225" />
<SP HEIGHT="37" HPOS="1202" VPOS="3280" WIDTH="39" />
<String CONTENT="university.''&#8212;Pref." HEIGHT="46" HPOS="1242" VPOS="3276" WIDTH="506" />
</TextLine>
<TextLine CS="1" HEIGHT="49" HPOS="226" VPOS="3332" WIDTH="742">
<String CONTENT="Bibliography:" CS="1" HEIGHT="48" HPOS="226" VPOS="3332" WIDTH="348" />
<SP HEIGHT="35" HPOS="602" VPOS="3344" WIDTH="38" />
<String CONTENT="p." HEIGHT="35" HPOS="641" VPOS="3344" WIDTH="40" />
<SP HEIGHT="29" HPOS="682" VPOS="3352" WIDTH="40" />
<String CONTENT="[283]-298." CS="1" HEIGHT="48" HPOS="736" VPOS="3332" WIDTH="232" />
</TextLine>
<TextLine CS="1" HEIGHT="51" HPOS="156" VPOS="3384" WIDTH="1998">
<String CONTENT="&#169;" HEIGHT="51" HPOS="156" VPOS="3384" WIDTH="50" />
<SP HEIGHT="51" HPOS="207" VPOS="3384" WIDTH="27" />
<String CONTENT="Nov." HEIGHT="38" HPOS="235" VPOS="3390" WIDTH="116" />
<SP HEIGHT="39" HPOS="352" VPOS="3389" WIDTH="27" />
<String CONTENT="21," HEIGHT="46" HPOS="380" VPOS="3389" WIDTH="68" />
<SP HEIGHT="44" HPOS="449" VPOS="3391" WIDTH="28" />
<String CONTENT="1934;" CS="1" HEIGHT="38" HPOS="478" VPOS="3390" WIDTH="114" />
<SP HEIGHT="40" HPOS="618" VPOS="3389" WIDTH="29" />
<String CONTENT="2c." HEIGHT="39" HPOS="648" VPOS="3389" WIDTH="66" />
<SP HEIGHT="27" HPOS="715" VPOS="3401" WIDTH="27" />
<String CONTENT="and" HEIGHT="38" HPOS="743" VPOS="3390" WIDTH="94" />
<SP HEIGHT="38" HPOS="838" VPOS="3390" WIDTH="27" />
<String CONTENT="aff." HEIGHT="39" HPOS="866" VPOS="3389" WIDTH="80" />
<SP HEIGHT="37" HPOS="947" VPOS="3390" WIDTH="27" />
<String CONTENT="Nov." HEIGHT="40" HPOS="975" VPOS="3390" WIDTH="118" />
<SP HEIGHT="38" HPOS="1094" VPOS="3392" WIDTH="28" />
<String CONTENT="26;" CS="1" HEIGHT="37" HPOS="1123" VPOS="3392" WIDTH="52" />
<SP HEIGHT="43" HPOS="1203" VPOS="3392" WIDTH="29" />
<String CONTENT="A" HEIGHT="36" HPOS="1233" VPOS="3392" WIDTH="39" />
<SP HEIGHT="38" HPOS="1273" VPOS="3392" WIDTH="28" />
<String CONTENT="78278:" CS="1" HEIGHT="40" HPOS="1302" VPOS="3390" WIDTH="142" />
<SP HEIGHT="38" HPOS="1471" VPOS="3391" WIDTH="30" />
<String CONTENT="H." HEIGHT="37" HPOS="1502" LANG="fi" VPOS="3391" WIDTH="57" />
<SP HEIGHT="36" HPOS="1560" VPOS="3391" WIDTH="31" />
<String CONTENT="F." HEIGHT="37" HPOS="1592" VPOS="3391" WIDTH="50" />
<SP HEIGHT="37" HPOS="1643" VPOS="3391" WIDTH="29" />
<String CONTENT="Williamson." HEIGHT="41" HPOS="1673" VPOS="3389" WIDTH="317" />
<SP HEIGHT="39" HPOS="1991" VPOS="3391" WIDTH="27" />
<String CONTENT="West" HEIGHT="38" HPOS="2019" VPOS="3391" WIDTH="135" />
</TextLine>
<TextLine CS="1" HEIGHT="48" HPOS="223" VPOS="3446" WIDTH="745">
<String CONTENT="Newton." HEIGHT="40" HPOS="223" VPOS="3447" WIDTH="216" />
<SP HEIGHT="39" HPOS="440" VPOS="3448" WIDTH="30" />
<String CONTENT="Mass." HEIGHT="37" HPOS="471" VPOS="3448" WIDTH="143" />
<SP HEIGHT="40" HPOS="615" VPOS="3449" WIDTH="73" />
<String CONTENT="(34-40073)" CS="1" HEIGHT="48" HPOS="689" VPOS="3446" WIDTH="279" />
</TextLine>
<TextLine HEIGHT="65" HPOS="154" STYLEREFS="StyleId-7202DF1F-B742-4448-B324-447689198BA0-" VPOS="3533" WIDTH="755">
<String CONTENT="Willson," HEIGHT="65" HPOS="154" VPOS="3533" WIDTH="258" />
<SP HEIGHT="61" HPOS="413" VPOS="3537" WIDTH="29" />
<String CONTENT="Beckles," HEIGHT="63" HPOS="443" VPOS="3534" WIDTH="263" />
<SP HEIGHT="54" HPOS="707" VPOS="3543" WIDTH="32" />
<String CONTENT="1869-" HEIGHT="49" HPOS="740" VPOS="3540" WIDTH="169" />
</TextLine>
<TextLine HEIGHT="66" HPOS="225" STYLEREFS="StyleId-A70FFBFA-3946-4EDB-B887-4CF512D52B72-" VPOS="3612" WIDTH="1927">
<String CONTENT="Frienclly" HEIGHT="66" HPOS="225" VPOS="3612" WIDTH="280" />
<SP HEIGHT="46" HPOS="506" VPOS="3632" WIDTH="40" />
<String CONTENT="relations;" HEIGHT="65" HPOS="547" VPOS="3613" WIDTH="298" />
<SP HEIGHT="46" HPOS="846" VPOS="3632" WIDTH="42" />
<String CONTENT="a" HEIGHT="33" HPOS="889" VPOS="3634" WIDTH="30" />
<SP HEIGHT="35" HPOS="920" VPOS="3632" WIDTH="39" />
<String CONTENT="narrative" HEIGHT="53" HPOS="960" VPOS="3614" WIDTH="289" />
<SP HEIGHT="34" HPOS="1250" VPOS="3634" WIDTH="39" />
<String CONTENT="of" HEIGHT="53" HPOS="1290" VPOS="3615" WIDTH="63" />
<SP HEIGHT="52" HPOS="1354" VPOS="3615" WIDTH="40" />
<String CONTENT="Britain&#8217;s" HEIGHT="54" HPOS="1395" VPOS="3613" WIDTH="276" />
<SP HEIGHT="34" HPOS="1672" VPOS="3632" WIDTH="38" />
<String CONTENT="ministers" HEIGHT="52" HPOS="1711" VPOS="3614" WIDTH="286" />
<SP HEIGHT="34" HPOS="1998" VPOS="3632" WIDTH="42" />
<String CONTENT="and" HEIGHT="53" HPOS="2041" VPOS="3613" WIDTH="111" />
</TextLine>
<TextLine CS="1" HEIGHT="67" HPOS="158" STYLEREFS="StyleId-A70FFBFA-3946-4EDB-B887-4CF512D52B72-" VPOS="3689" WIDTH="1934">
<String CONTENT="ambassadors" HEIGHT="53" HPOS="158" VPOS="3689" WIDTH="389" />
<SP HEIGHT="46" HPOS="548" VPOS="3696" WIDTH="36" />
<String CONTENT="to" HEIGHT="46" HPOS="585" VPOS="3696" WIDTH="58" />
<SP HEIGHT="52" HPOS="644" VPOS="3690" WIDTH="38" />
<String CONTENT="America" HEIGHT="53" HPOS="683" VPOS="3690" WIDTH="261" />
<SP HEIGHT="61" HPOS="945" VPOS="3691" WIDTH="48" />
<String CONTENT="(1791-1930)," HEIGHT="63" HPOS="994" VPOS="3691" WIDTH="393" />
<SP HEIGHT="56" HPOS="1388" VPOS="3692" WIDTH="34" />
<String CONTENT="by" HEIGHT="64" HPOS="1423" VPOS="3692" WIDTH="74" />
<SP HEIGHT="63" HPOS="1498" VPOS="3693" WIDTH="36" />
<String CONTENT="Beckles" HEIGHT="53" HPOS="1535" VPOS="3690" WIDTH="234" />
<SP HEIGHT="53" HPOS="1770" VPOS="3692" WIDTH="32" />
<String CONTENT="Willson" HEIGHT="55" HPOS="1803" VPOS="3690" WIDTH="247" />
<SP HEIGHT="33" HPOS="2051" VPOS="3710" WIDTH="41" />
<String CONTENT="&#8230;" CS="1" />
</TextLine>
<TextLine HEIGHT="66" HPOS="163" STYLEREFS="StyleId-A70FFBFA-3946-4EDB-B887-4CF512D52B72-" VPOS="3767" WIDTH="1356">
<String CONTENT="Boston," HEIGHT="63" HPOS="163" VPOS="3767" WIDTH="227" />
<SP HEIGHT="63" HPOS="391" VPOS="3767" WIDTH="25" />
<String CONTENT="Little," HEIGHT="64" HPOS="417" VPOS="3767" WIDTH="195" />
<SP HEIGHT="63" HPOS="613" VPOS="3768" WIDTH="28" />
<String CONTENT="Brown," HEIGHT="54" HPOS="642" VPOS="3768" WIDTH="229" />
<SP HEIGHT="36" HPOS="872" VPOS="3786" WIDTH="29" />
<String CONTENT="and" HEIGHT="52" HPOS="902" VPOS="3768" WIDTH="111" />
<SP HEIGHT="52" HPOS="1014" VPOS="3768" WIDTH="27" />
<String CONTENT="company," HEIGHT="47" HPOS="1042" VPOS="3786" WIDTH="296" />
<SP HEIGHT="59" HPOS="1339" VPOS="3772" WIDTH="29" />
<String CONTENT="1934." HEIGHT="49" HPOS="1369" VPOS="3771" WIDTH="150" />
</TextLine>
<TextLine CS="1" HEIGHT="50" HPOS="226" VPOS="3838" WIDTH="1173">
<String CONTENT="viii" HEIGHT="40" HPOS="226" VPOS="3838" WIDTH="87" />
<SP HEIGHT="47" HPOS="314" VPOS="3839" WIDTH="23" />
<String CONTENT="p.," HEIGHT="37" HPOS="338" VPOS="3849" WIDTH="58" />
<SP HEIGHT="40" HPOS="397" VPOS="3840" WIDTH="25" />
<String CONTENT="4" HEIGHT="37" HPOS="423" VPOS="3840" WIDTH="27" />
<SP />
<String CONTENT="l.," CS="1" />
<SP />
<String CONTENT="[3]-350" HEIGHT="50" HPOS="553" VPOS="3838" WIDTH="174" />
<SP HEIGHT="50" HPOS="728" VPOS="3838" WIDTH="26" />
<String CONTENT="p." HEIGHT="38" HPOS="755" VPOS="3850" WIDTH="44" />
<SP HEIGHT="40" HPOS="800" VPOS="3839" WIDTH="53" />
<String CONTENT="front.," HEIGHT="41" HPOS="854" VPOS="3839" WIDTH="162" />
<SP HEIGHT="36" HPOS="1017" VPOS="3850" WIDTH="29" />
<String CONTENT="ports." HEIGHT="43" HPOS="1047" VPOS="3843" WIDTH="146" />
<SP HEIGHT="39" HPOS="1194" VPOS="3840" WIDTH="60" />
<String CONTENT="22" HEIGHT="39" HPOS="1255" LANG="fr" VPOS="3839" WIDTH="55" />
<String CONTENT="&#189;cm" CS="1" />
<String CONTENT="." HEIGHT="7" HPOS="1392" LANG="fr" VPOS="3872" WIDTH="7" />
</TextLine>
<TextLine CS="1" HEIGHT="51" HPOS="160" VPOS="3890" WIDTH="1993">
<String CONTENT="&#169;" HEIGHT="51" HPOS="160" VPOS="3890" WIDTH="50" />
<SP HEIGHT="51" HPOS="211" VPOS="3890" WIDTH="38" />
<String CONTENT="Nov." HEIGHT="38" HPOS="250" VPOS="3897" WIDTH="115" />
<SP HEIGHT="37" HPOS="366" VPOS="3896" WIDTH="39" />
<String CONTENT="23." HEIGHT="38" HPOS="406" VPOS="3896" WIDTH="66" />
<SP HEIGHT="37" HPOS="473" VPOS="3897" WIDTH="38" />
<String CONTENT="1934:" HEIGHT="40" HPOS="512" VPOS="3895" WIDTH="139" />
<SP HEIGHT="40" HPOS="652" VPOS="3895" WIDTH="39" />
<String CONTENT="2c." CS="1" HEIGHT="39" HPOS="692" VPOS="3895" WIDTH="64" />
<SP HEIGHT="28" HPOS="757" VPOS="3907" WIDTH="39" />
<String CONTENT="and" HEIGHT="38" HPOS="797" VPOS="3897" WIDTH="91" />
<SP HEIGHT="38" HPOS="889" VPOS="3897" WIDTH="41" />
<String CONTENT="aff." CS="1" HEIGHT="27" HPOS="931" VPOS="3908" WIDTH="80" />
<SP HEIGHT="38" HPOS="1012" VPOS="3897" WIDTH="38" />
<String CONTENT="Nov." HEIGHT="38" HPOS="1051" VPOS="3897" WIDTH="116" />
<SP HEIGHT="36" HPOS="1168" VPOS="3899" WIDTH="38" />
<String CONTENT="27:" HEIGHT="37" HPOS="1207" VPOS="3899" WIDTH="80" />
<SP HEIGHT="38" HPOS="1288" VPOS="3898" WIDTH="44" />
<String CONTENT="A" HEIGHT="37" HPOS="1333" VPOS="3898" WIDTH="38" />
<SP HEIGHT="38" HPOS="1372" VPOS="3898" WIDTH="40" />
<String CONTENT="78371;" HEIGHT="40" HPOS="1413" VPOS="3897" WIDTH="166" />
<SP HEIGHT="40" HPOS="1580" VPOS="3897" WIDTH="41" />
<String CONTENT="Little." HEIGHT="41" HPOS="1622" VPOS="3896" WIDTH="162" />
<SP HEIGHT="40" HPOS="1785" VPOS="3897" WIDTH="39" />
<String CONTENT="Brown," HEIGHT="39" HPOS="1825" VPOS="3897" WIDTH="192" />
<SP HEIGHT="28" HPOS="2018" VPOS="3908" WIDTH="40" />
<String CONTENT="and" HEIGHT="39" HPOS="2059" VPOS="3897" WIDTH="94" />
</TextLine>
<TextLine HEIGHT="48" HPOS="228" VPOS="3952" WIDTH="597">
<String CONTENT="company." HEIGHT="35" HPOS="228" VPOS="3964" WIDTH="246" />
<SP HEIGHT="44" HPOS="475" VPOS="3953" WIDTH="70" />
<String CONTENT="(34-39880)" HEIGHT="48" HPOS="546" VPOS="3952" WIDTH="279" />
</TextLine>
</TextBlock>
</PrintSpace>
</Page>
</Layout>
</alto>