2350 4196
1111 4119 98 49 421

129 549 202 54 denied
367 554 58 46 at
456 549 96 51 the
581 546 308 53 December
922 550 160 61 term,
1119 545 149 63 1933,
1303 541 110 51 and
1448 539 296 64 February
1778 542 164 61 term,
1976 537 149 50 1934.

129 627 229 55 Samuel
400 625 247 67 Pashley
689 625 196 66 Irwin,
927 626 255 63 reporter
1225 620 62 53 of
1332 618 291 53 decisions.
1701 615 426 66 Bloomington,

127 707 113 66 Ill.,
269 708 148 50 1934.

203 781 62 46 ix,
299 777 207 51 [11]-710
533 788 52 37 p..
633 778 151 46 diagr.
842 775 56 39 22

137 833 51 49 ©
216 837 111 45 Apr.
356 835 68 47 27,
454 835 139 40 1934;
624 834 52 39 2c
720 834 93 38 and
842 832 80 39 aff.
951 832 114 46 May
1092 829 52 47 2;
1175 829 40 38 A
1242 826 170 48 71472;
1447 826 193 41 Samuel
1671 825 48 38 P.
1751 823 163 41 Irwin.
204 823 1909 118 Bloomington,

481 923 7 7 Ill.

135 997 219 59 James,
383 994 255 55 William
667 992 233 55 McGee.

206 1073 227 53 Illinois
486 1072 236 68 probate
773 1068 311 69 procedure
1138 1066 110 53 and
1300 1064 268 70 practice,
1621 1062 140 53 with
1813 1060 199 67 forms,
2062 1059 74 68 by

142 1141 1995 72 William McGee James … Chicago, The Foundation press,
134 1231 124 67 inc.,
289 1232 152 50 1934.

206 1302 205 47 xxxviii,
441 1300 83 41 533
553 1311 44 38 p.
657 1299 55 42 25½
747 1302 14 21 cm
794 1334 8 8 .

211 1360 49 38 “1
301 1361 123 39 have
463 1358 302 41 endeavored
807 1361 48 36 to
894 1356 238 41 correlate
1171 1355 80 40 the
1291 1355 211 39 statutes
1542 1351 211 49 relating
1791 1352 50 40 to
1882 1351 259 49 probating

138 1420 183 39 estates
352 1418 96 38 and
480 1418 81 39 the
593 1416 131 40 rules
753 1416 51 39 of
837 1415 207 40 Probate
1075 1415 137 38 court
1245 1412 50 40 of
1327 1410 129 41 Cook
1487 1413 192 45 county,
1713 1408 426 42 Illinois.'’—Pref.

144 1472 51 52 ©
225 1477 110 39 Feb.
364 1476 68 47 28,
463 1475 140 45 1934;
636 1475 65 39 2c.
733 1474 119 38 Mar.
884 1472 80 47 28;
998 1471 81 40 aff.
1110 1472 120 38 Mar.
1260 1469 82 47 29;
1374 1470 42 38 A
1444 1469 171 46 70967;
1649 1466 308 41 Foundation
1988 1477 150 38 press,

215 1534 87 39 inc.
375 1532 250 48 (34-7818)

142 1637 161 64 Lien,
335 1636 223 52 Arnold
596 1635 279 62 Johnson,
913 1635 171 49 1882-

211 1713 121 54 The
359 1714 308 51 American
699 1713 201 67 people
931 1711 112 52 and
1071 1710 150 52 their
1251 1712 401 65 government;
1687 1726 31 33 a
1748 1706 271 53 textbook
2050 1705 93 52 for

142 1793 257 52 students
447 1793 60 51 in
553 1790 399 66 introductory
999 1788 208 68 college
1256 1806 219 34 courses
1524 1787 111 52 and
1681 1786 94 53 for
1821 1786 95 53 the
1964 1786 182 51 active

144 1865 2002 72 electorate, by Arnold J. Lien … and Merle Fainsod … New
145 1950 179 67 York,
364 1949 259 67 London,
665 1948 70 51 D.
783 1945 579 69 Appleton-Century
1405 1963 298 50 company,
1745 1944 397 68 incorporated

147 2062 13 33 [
165 2035 17 21 c
188 2031 135 49 1934
327 2060 13 35 ]

215 2102 96 46 xiv,
344 2099 86 41 629
459 2110 44 38 p.
564 2098 55 40 23
623 2101 44 21 cm
672 2130 8 9 .

221 2159 124 40 “For
380 2159 196 39 further
615 2156 228 49 reading”
883 2158 52 38 at
972 2156 90 40 end
1101 2156 50 40 of
1187 2157 118 39 each
1343 2157 215 47 chapter,
1597 2157 170 47 except
1802 2165 75 30 xii
1895 2168 8 36 ;
147 2156 1988 109 Bibliography
319 2227 9 29 :
360 2227 44 38 p.
437 2214 216 41 511-514.

152 2271 51 52 ©
234 2276 112 46 Apr.
377 2275 39 46 2,
448 2273 140 46 1934;
622 2273 66 40 2c.
721 2273 98 39 and
847 2271 81 40 aff.
961 2272 113 46 Apr.
1104 2271 53 46 4;
1189 2271 44 39 A
1260 2270 171 48 70900;
1467 2272 55 39 D.
1555 2272 479 48 Appleton-Century
2066 2283 82 36 co.,

219 2332 91 40 inc.
381 2328 251 51 (34-7819)

153 2419 121 55 The
313 2419 241 55 Lincoln
595 2420 218 66 library
852 2418 63 51 of
955 2419 262 52 essential
1256 2418 410 67 information;
1712 2437 71 35 an
1824 2418 326 69 up-to-date

220 2500 231 51 manual
480 2499 94 52 for
600 2498 158 67 daily
785 2496 303 68 reference,
1114 2496 93 53 for
1232 2496 500 69 self-instruction,
1761 2498 113 52 and
1901 2497 93 52 for
222 2514 1909 115 general

385 2574 1770 70 culture … thoroughly revised at each new printing.
225 2653 251 68 Buffalo,
517 2653 72 53 N.
634 2654 90 67 Y.,
768 2653 123 53 The
933 2654 268 52 Frontier
1244 2673 156 50 press
1445 2673 298 51 company,
1788 2658 152 50 1934.

226 2725 1930 54 1 p. l. , 7-2174 p. illus. (incl. maps, music) plates (part col.) ports.,
153 2787 179 48 diagrs.
392 2784 56 41 25
452 2786 44 21 cm
500 2816 9 8 .

228 2844 348 47 Bibliography
606 2845 51 37 at
685 2843 91 39 end
835 2842 21 38 of
884 2844 119 38 each
1030 2843 196 40 section.

160 2898 55 52 ©
241 2903 111 47 Apr.
384 2903 39 45 7,
454 2901 140 46 1934;
627 2901 65 38 2c.
725 2901 95 38 and
851 2900 81 40 aff.
961 2901 112 47 Apr.
1106 2900 51 48 9;
1189 2901 41 39 A
1260 2900 170 49 70969;
1465 2902 226 41 Frontier
1722 2914 137 38 press
1889 2915 68 29 co.

241 2958 250 50 (34-8026)

159 3047 235 64 McKee,
426 3048 145 52 Paul
605 3047 251 64 Gordon,
889 3050 171 50 1898-

228 3124 312 67 Language
579 3123 58 51 in
678 3124 93 51 the
813 3124 344 68 elementary
1196 3124 219 69 school;
1459 3127 265 68 spelling,
1765 3128 394 68 composition,

161 3200 1993 73 and writing, by Paul McKee … Boston, New York [etc.]
164 3277 314 70 Houghton
513 3277 204 53 Mifflin
752 3297 279 51 company
1072 3313 13 33 [
1090 3285 17 22 c
1113 3282 134 49 1934
1250 3313 12 34 ]

239 3360 41 38 X,
321 3372 8 29 [1]
409 3361 57 38 p.,
502 3352 25 38 2
598 3381 7 15 l.,
640 3349 156 50 3-481,
879 3371 10 30 [1]
924 3362 43 37 p.
1028 3351 142 50 illus.,
1206 3354 178 46 diagrs.
1444 3353 57 41 20½
1535 3356 43 21 cm
1583 3386 8 8 .
1667 3355 296 49 (Half-title:
164 3356 1983 90 Riverside

291 3408 256 40 textbooks
569 3408 50 38 in
645 3407 270 49 education,
942 3410 71 41 ed.
1040 3409 60 47 by
1126 3408 52 42 E.
1203 3409 51 41 P.
1283 3409 290 50 Cubberley)

235 3466 36 34 A
306 3464 283 47 companion
624 3465 189 38 volume
847 3466 47 38 to
927 3466 81 39 the
1042 3465 218 41 author’s
1295 3467 250 48 “Reading
1576 3469 96 39 and
1707 3469 257 41 literature
1999 3469 49 40 in
2083 3471 81 39 the

164 3518 296 49 elementary
495 3519 204 41 school”,
760 3520 61 46 cf.
856 3519 214 43 Editor’s
1106 3523 176 41 introd.

169 3573 50 51 ©
253 3579 120 39 Mar.
405 3579 67 46 23,
504 3577 140 47 1934;
679 3579 65 39 2c.
777 3574 102 50 and)
904 3579 78 40 aff.
1018 3581 121 41 Mar.
1171 3581 80 47 26;
1286 3582 41 38 A
1356 3582 171 48 71026;
1562 3584 122 39 Paul
1718 3585 194 47 McKee,
1948 3585 214 47 Greeley,

239 3635 96 40 Col.
410 3635 250 48 (34-7791)

238 3722 263 70 Reading
541 3726 112 51 and
692 3725 298 53 literature
1028 3727 60 52 in
1128 3728 96 52 the
1264 3729 346 69 elementary
1652 3732 208 66 school,
1900 3732 76 68 by
2018 3731 147 51 Paul

169 3799 1973 147 McKee … Boston, New York [ etc.] Houghton Mifflin company [c1934]
244 3960 43 37 x,
326 3972 10 28 [1]
414 3962 57 37 p.,
507 3952 25 39 1
602 3983 8 16 l.,
644 3950 98 49 591,
780 3973 10 29 [1]
870 3964 43 37 p.
974 3955 143 48 illus.,
1152 3956 152 47 diagr.
1363 3955 56 41 20½
1452 3958 45 22 cm
1501 3988 8 9 .
1584 3957 298 48 (Half-title:
1915 3957 256 41 Riverside

174 4006 253 42 textbooks
455 4009 49 38 in
532 4009 269 41 education,
828 4011 72 39 ed.
929 4011 59 46 by
1015 4011 53 41 E.
1097 4012 51 40 P.
1176 4010 291 52 Cubberley)
