2350 4196
1075 4002 131 51 1469

139 434 247 52 Hadden
448 434 130 65 [and]
620 434 160 54 Julia
820 434 65 52 E.
926 433 283 65 Johnsen;
1251 430 325 53 illustrated
1614 430 141 52 with
1791 432 105 50 260
137 429 1975 150 photographs

377 512 114 51 and
518 512 318 68 drawings;
868 511 139 52 with
1037 528 71 34 an
1138 509 389 53 introduction
1557 508 73 69 by
1660 506 135 55 Effie
1824 508 64 52 L.
1919 508 217 52 Power.

140 590 135 51 New
302 588 180 68 York,
508 589 120 53 The
653 589 77 52 H.
755 589 89 54 W.
873 589 221 53 Wilson
1121 604 298 51 company,
1446 588 150 51 1934.

215 672 74 36 xv,
320 660 86 41 400
434 672 41 36 p.
537 660 127 41 illus.
696 661 196 48 (ports.)
964 660 25 39 26c
1040 663 27 20 m
1072 693 6 7 .

209 717 130 41 With
376 718 97 40 this
509 719 41 39 is
585 718 186 40 bound:
810 719 101 39 The
945 717 258 40 children’s
1236 716 223 39 almanac
1494 714 53 41 of
1580 715 149 40 books
1767 716 96 39 and
1900 714 236 46 holidays,

139 770 1410 52 compiled by Helen Dean Fish … New York [ c 1934]
145 832 50 50 ©
221 835 98 39 Oct.
344 834 68 46 31,
438 834 112 38 1034
570 845 7 29 ;
607 836 66 37 2c.
701 835 114 39 Nov.
886 845 7 29 5;
920 833 79 40 aff.
1027 834 116 40 Nov.
1169 832 24 38 2
1212 843 8 36 ;
1249 833 41 38 A
1314 831 169 42 76928;
1512 832 59 38 H.
1597 832 70 39 W.
1695 831 187 40 Wilson
1909 841 67 30 co.

221 891 278 48 (34-36770)

142 979 243 65 Lasker,
417 980 274 64 Edward,
724 983 170 49 1885-

208 1056 86 55 Go
325 1057 112 52 and
466 1056 288 68 go-moku,
780 1057 96 52 the
905 1057 240 51 oriental
1174 1057 177 51 board
1380 1072 191 51 games
1601 1056 113 51 and
1737 1053 154 53 their
136 1052 1981 136 American

278 1135 270 66 versions,
586 1135 74 67 by
700 1134 253 53 Edward
992 1133 229 53 Lasker.
1296 1133 139 54 New
1476 1133 180 67 York,
1694 1133 72 53 A.
1805 1131 71 54 A.
1916 1132 225 68 Knopf,

142 1216 149 49 1934.

209 1283 1383 52 3 p. l., v-xvii p., 1 l., 212, [2] p., 1 l. diagrs. 22 cm .
212 1342 161 40 “First
400 1341 226 41 edition.”

211 1398 348 48 Bibliography
579 1409 8 28 :
620 1410 41 36 p.
710 1398 98 48 [214]

146 1451 51 52 ©
230 1455 99 41 Oct.
361 1455 68 46 15,
460 1454 140 47 1934;
633 1455 64 40 2c.
733 1456 93 38 and
858 1455 81 40 aff.
973 1454 100 40 Oct.
1103 1456 80 45 17;
1219 1454 42 39 A
1290 1454 143 40 76715
1452 1465 7 36 ;
1495 1454 173 40 Alfred
1699 1455 52 38 A.
1783 1455 181 47 Knopf,
1994 1455 92 38 inc.

223 1512 277 48 (34-36801)

142 1602 343 65 Lockwood,
515 1605 137 51 Mrs.
684 1604 192 51 Isabel
907 1602 303 64 Ingersoll.

211 1679 263 55 Oriental
502 1680 217 52 brasses
750 1680 112 51 and
893 1680 160 52 other
1084 1677 211 69 objects
1327 1679 94 52 for
1449 1679 212 67 temple
1690 1680 112 51 and
1832 1678 312 54 household

142 1776 120 48 use;
304 1766 111 44 two
452 1757 261 52 hundred
752 1759 111 51 and
904 1756 293 69 forty-five
1234 1757 311 67 specimens
1581 1757 241 53 selected
1860 1757 154 54 from
2052 1758 92 52 the

140 1836 318 53 Lockwood
485 1835 313 68 collection,
826 1834 323 54 illustrated
1175 1836 112 52 and
1315 1835 292 54 described
1632 1836 74 68 by
1732 1836 189 53 Isabel
140 1837 1982 129 Ingersoll

281 1913 335 53 Lockwood.
694 1912 295 69 Glendale,
1026 1912 193 69 Calif.,
1255 1914 120 53 The
1411 1913 226 54 Arthur
1671 1913 76 53 H.
1787 1912 177 55 Clark
145 1933 1977 126 company,
344 1995 149 49 1935.

213 2065 840 48 339 p. incl. front., 75 pl. 25 cm .
216 2122 92 41 “Of
332 2122 97 40 this
453 2121 190 40 volume
667 2121 91 41 live
782 2122 219 39 hundred
1026 2122 157 47 copies
1208 2123 122 39 have
1356 2124 115 38 been
1498 2120 206 51 printed,
1729 2123 117 40 each
1870 2123 276 51 numbered,

147 2180 95 40 this
273 2179 140 48 being
441 2180 202 37 number
674 2177 126 41 109.”

215 2235 347 48 Bibliography
583 2246 8 28 :
628 2246 43 37 p.
711 2234 246 49 [335]-339.

150 2289 1978 106 © Oct. 25. 1934; 2c. Oct. 30; aff. Oct. 29; A 75999 ; I. I. Lockwood, Pasadena. (34-36805)
152 2450 320 67 [Lucchini,
507 2452 221 64 Pierre]
773 2453 172 51 1886-

220 2528 219 55 Secrets
472 2528 62 53 of
570 2529 240 67 Siberia,
843 2529 74 67 by
951 2529 195 52 Pierre
1178 2529 344 68 Dominique
1584 2531 210 67 [pseud.]
1833 2533 309 51 translated

153 2607 149 53 from
344 2609 92 52 the
479 2608 222 51 French
744 2607 72 66 by
857 2608 203 53 Warre
1103 2609 66 52 B.
1211 2608 194 53 Wells.
1481 2609 258 65 London,
1781 2610 360 53 Hutchinson

148 2689 42 48 &
222 2704 96 49 co.,
348 2686 101 53 ltd.
492 2689 170 63 [1934]

225 2757 1014 49 5 p. l. , 9-288 p. front., plates. 22 cm .
155 2813 1993 51 © 1c. Oct. 25. 1934 ; A ad int. 19491; pubd. Aug. 31: Hutchinson & co.
231 2873 321 49 (publishers)
588 2873 83 38 ltd.
745 2872 278 48 (34-37038)

151 2977 323 64 McClorey,
507 2978 154 52 John
693 2979 89 61 A.,
819 2981 170 49 1874-

221 3054 118 52 The
369 3053 237 68 making
632 3052 63 53 of
724 3072 31 33 a
786 3053 192 67 pulpit
1009 3057 209 64 orator,
1246 3053 75 69 by
1351 3053 157 54 John
1539 3054 71 53 A.
1642 3054 324 70 McClorey,
2029 3100 7 8 S.
2110 3076 39 48 J.;

156 3131 136 52 with
325 3150 27 33 a
390 3131 285 52 foreword
707 3130 74 68 by
813 3131 95 51 the
999 3137 35 45 Rt.
1126 3149 80 33 Rev.
1241 3130 338 70 Monsignor
1612 3132 214 54 Fulton
1860 3134 55 53 J.
1951 3135 202 66 Sheen,

240 3255 7 6 PH.
322 3254 8 8 D.
404 3210 136 51 New
577 3208 179 66 York,
793 3208 119 52 The
947 3208 333 52 Macmillan
1316 3226 299 52 company,
1655 3212 150 52 1934.

227 3283 78 37 xix
335 3293 26 36 p
382 3314 8 15 ,
417 3285 22 36 1
471 3282 38 40 l..
539 3280 82 41 193
648 3291 41 36 p.
751 3280 55 40 20½
840 3283 43 20 cm
889 3313 8 7 .

158 3338 50 50 ©
241 3342 99 39 Oct.
372 3341 67 40 23.
470 3339 140 46 1934;
644 3339 63 40 2c.
739 3340 94 38 and
895 3339 49 42 aff.
979 3340 100 39 Oct.
1110 3339 80 41 24:
1223 3341 44 39 A
1292 3340 169 40 76723:
1497 3342 282 39 Macmillan
1809 3354 66 29 co.

236 3399 278 47 (34-36777)

158 3498 285 66 McGraw,
476 3500 210 51 Hiram
718 3500 198 63 Ward,
950 3502 170 49 1891-
1333 3501 82 51 ed.

223 3577 173 52 Prose
429 3576 112 52 and
575 3581 203 62 poetry
810 3573 94 53 for
936 3573 344 70 enjoyment,
1314 3576 299 68 including
1647 3595 31 34 a
1712 3582 158 64 story
1903 3577 63 55 of
156 3580 1975 140 literature,

380 3651 1775 76 edited by H. Ward McGraw … illustrated by Guy
160 3732 205 52 Brown
410 3731 203 54 Wiser.
699 3729 295 69 Syracuse,
1040 3729 251 68 Chicago
1362 3737 120 60 [etc.]
1532 3731 121 54 The
1699 3733 48 50 L
1753 3776 9 9 .
1807 3733 91 54 W.
1947 3733 209 73 Singer

156 3827 277 51 company
470 3842 13 33 [
487 3814 17 21 c
510 3810 136 50 1934]

225 3878 1931 57 xiv p., 1 l., 1072 p. col. front., illus. 21½ cm . [The new prose and poetry
157 3939 162 50 series]
