<alto xmlns="http://www.loc.gov/standards/alto/ns-v3#" xmlns:xlink="http://www.w3.org/1999/xlink" xmlns:xsi="http://www.w3.org/2001/XMLSchema-instance" xsi:schemaLocation="http://www.loc.gov/standards/alto/ns-v3# http://www.loc.gov/alto/v3/alto-3-0.xsd"><Description>
<MeasurementUnit>pixel</MeasurementUnit>
<sourceImageInformation>
<fileName>1934_v1_Part1.pdf</fileName>
</sourceImageInformation>
<OCRProcessing ID="IdOcr">
<ocrProcessingStep>
<processingDateTime>2019-01-10</processingDateTime>
<processingSoftware>
<softwareCreator>ABBYY</softwareCreator>
<softwareName>ABBYY Recognition Server</softwareName>
<softwareVersion>4.0</softwareVersion>
</processingSoftware>
</ocrProcessingStep>
</OCRProcessing>
</Description>
<Styles>
<ParagraphStyle ID="StyleId-FFFFFFFF-FFFF-FFFF-FFFF-FFFFFFFFFFFF-" ALIGN="Left" LEFT="0." RIGHT="0." FIRSTLINE="0."/>
<ParagraphStyle ID="StyleId-521E1FC6-FE7E-43A4-90E6-A9B61626A263-" ALIGN="Right" LEFT="0." RIGHT="0." FIRSTLINE="0." LINESPACE="13.30000019"/>
<ParagraphStyle ID="StyleId-639B624E-F6F5-47B6-BB1D-34E64B53022F-" ALIGN="Left" LEFT="0." RIGHT="0." FIRSTLINE="-27." LINESPACE="13.43999958"/>
<ParagraphStyle ID="StyleId-100905F9-D385-406B-A5BD-ED5B8FD85431-" ALIGN="Left" LEFT="0." RIGHT="0." FIRSTLINE="0."/>
<ParagraphStyle ID="StyleId-7C9F9BA2-EF3A-4B7F-8486-CCC7B7F49B39-" ALIGN="Left" LEFT="0." RIGHT="0." FIRSTLINE="-27." LINESPACE="18.71999931"/>
<ParagraphStyle ID="StyleId-350780E3-60F2-4605-88F5-BB54F9B87091-" ALIGN="Block" LEFT="0." RIGHT="0." FIRSTLINE="-27." LINESPACE="18.71999931"/>
<ParagraphStyle ID="StyleId-90B16C58-D795-4C77-9B89-30378C515D40-" ALIGN="Left" LEFT="0." RIGHT="0." FIRSTLINE="0." LINESPACE="14.39999962"/>
<ParagraphStyle ID="StyleId-17090E09-AFAF-4086-BD9B-4E99FAE6B057-" ALIGN="Right" LEFT="0." RIGHT="0." FIRSTLINE="-27." LINESPACE="14.39999962"/>
<ParagraphStyle ID="StyleId-8B87B633-89DB-4D72-B1FC-26E4ABD680BC-" ALIGN="Left" LEFT="0." RIGHT="0." FIRSTLINE="-27." LINESPACE="18.47999954"/>
<ParagraphStyle ID="StyleId-42DA7417-CA90-4D71-A57B-06556C38D752-" ALIGN="Left" LEFT="0." RIGHT="0." FIRSTLINE="0." LINESPACE="13.30000019"/>
<ParagraphStyle ID="StyleId-D8EE2A7E-42AE-4E35-98DB-F0F935637AA0-" ALIGN="Block" LEFT="0." RIGHT="0." FIRSTLINE="0." LINESPACE="6.599999905"/>
<ParagraphStyle ID="StyleId-33CD3121-D4F5-43B6-BA96-6382D166E6B8-" ALIGN="Left" LEFT="0." RIGHT="0." FIRSTLINE="0." LINESPACE="15.5"/>
<ParagraphStyle ID="StyleId-1CE52AFA-C319-4DD9-B4B1-F0EBFA2B3F0B-" ALIGN="Block" LEFT="0." RIGHT="0." FIRSTLINE="-21." LINESPACE="18.71999931"/>
<ParagraphStyle ID="StyleId-B74F1B65-92F1-49C5-A5FA-D20442F031F2-" ALIGN="Left" LEFT="0." RIGHT="0." FIRSTLINE="0." LINESPACE="17.70006076"/>
<ParagraphStyle ID="StyleId-79E2924A-215C-40B7-B577-7236BFBAA25E-" ALIGN="Center" LEFT="0." RIGHT="0." FIRSTLINE="0." LINESPACE="7.199999809"/>
</Styles>
<Layout>
<Page ID="Page556" PHYSICAL_IMG_NR="556" HEIGHT="4196" WIDTH="2350">
<TopMargin HEIGHT="367" WIDTH="2350" VPOS="0" HPOS="0">
</TopMargin>
<LeftMargin HEIGHT="3586" WIDTH="177" VPOS="367" HPOS="0">
</LeftMargin>
<RightMargin HEIGHT="3586" WIDTH="166" VPOS="367" HPOS="2184">
</RightMargin>
<BottomMargin HEIGHT="243" WIDTH="2350" VPOS="3953" HPOS="0">
<TextBlock ID="Page556_Block1" HEIGHT="60" WIDTH="109" VPOS="4001" HPOS="1114" LANG="en-US" STYLEREFS="StyleId-32FF693E-FB9C-445E-B65E-E54E9A3F6DB4-">
<TextLine HEIGHT="48" WIDTH="97" VPOS="4007" HPOS="1120">
<String CONTENT="556" HEIGHT="48" WIDTH="97" VPOS="4007" HPOS="1120"/>
</TextLine>
</TextBlock>
</BottomMargin>
<PrintSpace HEIGHT="3586" WIDTH="2007" VPOS="367" HPOS="177">
<TextBlock ID="Page556_Block2" HEIGHT="3586" WIDTH="2007" VPOS="367" HPOS="177" LANG="en-US" CS="1" STYLEREFS="StyleId-1C9882A5-64E9-454C-A32E-49EC34B85753-">
<TextLine HEIGHT="67" WIDTH="1123" VPOS="373" HPOS="189" STYLEREFS="StyleId-E604A854-B3C7-4F97-BB0D-39AA41E19181-" CS="1">
<String CS="1" CONTENT="Farnsworth," HEIGHT="55" WIDTH="381" VPOS="373" HPOS="189"/>
<SP HEIGHT="51" WIDTH="27" VPOS="378" HPOS="590"/>
<String CONTENT="Paul" HEIGHT="52" WIDTH="143" VPOS="378" HPOS="618"/>
<SP HEIGHT="51" WIDTH="26" VPOS="378" HPOS="762"/>
<String CONTENT="Randolph," HEIGHT="65" WIDTH="323" VPOS="375" HPOS="789"/>
<SP HEIGHT="58" WIDTH="30" VPOS="381" HPOS="1113"/>
<String CONTENT="1899-" HEIGHT="49" WIDTH="168" VPOS="381" HPOS="1144"/>
</TextLine>
<TextLine HEIGHT="69" WIDTH="1847" VPOS="453" HPOS="323" STYLEREFS="StyleId-B88AA976-0607-48E3-98E2-4A980DC38E0F-" CS="1">
<String CS="1" CONTENT="&#8230;"/>
<SP HEIGHT="54" WIDTH="44" VPOS="454" HPOS="323"/>
<String CONTENT="Studies" HEIGHT="55" WIDTH="226" VPOS="453" HPOS="368"/>
<SP HEIGHT="52" WIDTH="38" VPOS="455" HPOS="595"/>
<String CONTENT="in" HEIGHT="51" WIDTH="58" VPOS="455" HPOS="634"/>
<SP HEIGHT="44" WIDTH="35" VPOS="462" HPOS="693"/>
<String CONTENT="the" HEIGHT="52" WIDTH="93" VPOS="455" HPOS="729"/>
<SP HEIGHT="47" WIDTH="34" VPOS="474" HPOS="823"/>
<String CONTENT="psychology" HEIGHT="66" WIDTH="346" VPOS="456" HPOS="858"/>
<SP HEIGHT="46" WIDTH="34" VPOS="475" HPOS="1205"/>
<String CONTENT="of" HEIGHT="54" WIDTH="62" VPOS="454" HPOS="1240"/>
<SP HEIGHT="53" WIDTH="33" VPOS="454" HPOS="1303"/>
<String CONTENT="tone" HEIGHT="45" WIDTH="129" VPOS="462" HPOS="1337"/>
<SP HEIGHT="34" WIDTH="33" VPOS="473" HPOS="1467"/>
<String CONTENT="and" HEIGHT="51" WIDTH="111" VPOS="456" HPOS="1501"/>
<SP HEIGHT="51" WIDTH="32" VPOS="456" HPOS="1613"/>
<String CONTENT="music;" HEIGHT="66" WIDTH="204" VPOS="456" HPOS="1646"/>
<SP HEIGHT="66" WIDTH="39" VPOS="456" HPOS="1851"/>
<String CONTENT="from" HEIGHT="53" WIDTH="151" VPOS="456" HPOS="1891"/>
<SP HEIGHT="45" WIDTH="18" VPOS="465" HPOS="2058"/>
<String CONTENT="the" HEIGHT="51" WIDTH="93" VPOS="459" HPOS="2077"/>
</TextLine>
<TextLine HEIGHT="71" WIDTH="1980" VPOS="529" HPOS="190" STYLEREFS="StyleId-B88AA976-0607-48E3-98E2-4A980DC38E0F-" CS="1">
<String CONTENT="Psychological" HEIGHT="69" WIDTH="431" VPOS="529" HPOS="190"/>
<SP HEIGHT="50" WIDTH="35" VPOS="532" HPOS="622"/>
<String CONTENT="laboratory" HEIGHT="67" WIDTH="327" VPOS="532" HPOS="658"/>
<SP HEIGHT="48" WIDTH="37" VPOS="551" HPOS="986"/>
<String CONTENT="of" HEIGHT="53" WIDTH="61" VPOS="531" HPOS="1024"/>
<SP HEIGHT="56" WIDTH="37" VPOS="531" HPOS="1086"/>
<String CONTENT="Stanford" HEIGHT="55" WIDTH="278" VPOS="532" HPOS="1124"/>
<SP HEIGHT="51" WIDTH="37" VPOS="536" HPOS="1403"/>
<String CONTENT="university," HEIGHT="67" WIDTH="332" VPOS="532" HPOS="1441"/>
<SP HEIGHT="54" WIDTH="32" VPOS="534" HPOS="1774"/>
<String CONTENT="by" HEIGHT="66" WIDTH="75" VPOS="534" HPOS="1807"/>
<SP HEIGHT="64" WIDTH="36" VPOS="536" HPOS="1883"/>
<String CONTENT="Paul" HEIGHT="52" WIDTH="146" VPOS="535" HPOS="1920"/>
<SP HEIGHT="53" WIDTH="35" VPOS="535" HPOS="2067"/>
<String CONTENT="R." HEIGHT="52" WIDTH="67" VPOS="537" HPOS="2103"/>
</TextLine>
<TextLine HEIGHT="69" WIDTH="1881" VPOS="607" HPOS="191" STYLEREFS="StyleId-B88AA976-0607-48E3-98E2-4A980DC38E0F-" CS="1">
<String CONTENT="Farnsworth" HEIGHT="54" WIDTH="369" VPOS="607" HPOS="191"/>
<SP HEIGHT="52" WIDTH="40" VPOS="609" HPOS="561"/>
<String CS="1" CONTENT="&#8230;"/>
<SP HEIGHT="52" WIDTH="76" VPOS="610" HPOS="657"/>
<String CONTENT="Worcester," HEIGHT="66" WIDTH="334" VPOS="610" HPOS="734"/>
<SP HEIGHT="64" WIDTH="31" VPOS="612" HPOS="1069"/>
<String CONTENT="Mass.," HEIGHT="62" WIDTH="188" VPOS="612" HPOS="1101"/>
<SP HEIGHT="63" WIDTH="34" VPOS="611" HPOS="1290"/>
<String CONTENT="Clark" HEIGHT="55" WIDTH="177" VPOS="610" HPOS="1325"/>
<SP HEIGHT="52" WIDTH="31" VPOS="610" HPOS="1503"/>
<String CONTENT="university," HEIGHT="67" WIDTH="332" VPOS="609" HPOS="1535"/>
<SP HEIGHT="54" WIDTH="32" VPOS="617" HPOS="1868"/>
<String STYLE="superscript" CONTENT="c" HEIGHT="21" WIDTH="16" VPOS="617" HPOS="1901"/>
<String CONTENT="1934." HEIGHT="50" WIDTH="149" VPOS="615" HPOS="1923"/>
</TextLine>
<TextLine HEIGHT="54" WIDTH="1909" VPOS="679" HPOS="266" CS="1">
<String CONTENT="94" HEIGHT="39" WIDTH="55" VPOS="679" HPOS="266"/>
<SP HEIGHT="46" WIDTH="37" VPOS="681" HPOS="322"/>
<String CONTENT="p." HEIGHT="36" WIDTH="41" VPOS="691" HPOS="360"/>
<SP HEIGHT="37" WIDTH="63" VPOS="681" HPOS="402"/>
<String CONTENT="1" HEIGHT="37" WIDTH="23" VPOS="681" HPOS="466"/>
<SP HEIGHT="37" WIDTH="41" VPOS="681" HPOS="490"/>
<String CONTENT="illus." HEIGHT="39" WIDTH="127" VPOS="681" HPOS="532"/>
<SP HEIGHT="40" WIDTH="58" VPOS="680" HPOS="660"/>
<String CONTENT="25" HEIGHT="40" WIDTH="55" VPOS="680" HPOS="719"/>
<String STYLE="superscript" CONTENT="cm" HEIGHT="21" WIDTH="43" VPOS="683" HPOS="778"/>
<String CONTENT="." HEIGHT="7" WIDTH="6" VPOS="713" HPOS="827"/>
<SP HEIGHT="47" WIDTH="70" VPOS="681" HPOS="834"/>
<String CONTENT="(Genetic" HEIGHT="47" WIDTH="221" VPOS="681" HPOS="905"/>
<SP HEIGHT="37" WIDTH="39" VPOS="692" HPOS="1127"/>
<String CONTENT="psychology" HEIGHT="46" WIDTH="288" VPOS="683" HPOS="1167"/>
<SP HEIGHT="36" WIDTH="37" VPOS="693" HPOS="1456"/>
<String CONTENT="monographs" HEIGHT="46" WIDTH="322" VPOS="683" HPOS="1494"/>
<SP HEIGHT="29" WIDTH="43" VPOS="693" HPOS="1817"/>
<String CS="1" CONTENT="&#8230;"/>
<SP HEIGHT="26" WIDTH="62" VPOS="695" HPOS="1906"/>
<String CONTENT="vol." HEIGHT="40" WIDTH="89" VPOS="684" HPOS="1969"/>
<SP HEIGHT="28" WIDTH="39" VPOS="696" HPOS="2059"/>
<String CS="1" CONTENT="XV," HEIGHT="16" WIDTH="8" VPOS="717" HPOS="2167"/>
</TextLine>
<TextLine HEIGHT="46" WIDTH="154" VPOS="736" HPOS="193">
<String CONTENT="no." HEIGHT="30" WIDTH="73" VPOS="744" HPOS="193"/>
<SP HEIGHT="37" WIDTH="28" VPOS="737" HPOS="267"/>
<String CONTENT="1)" HEIGHT="46" WIDTH="51" VPOS="736" HPOS="296"/>
</TextLine>
<TextLine HEIGHT="52" WIDTH="630" VPOS="790" HPOS="266">
<String CONTENT="&#8220;References&#8221;:" HEIGHT="44" WIDTH="373" VPOS="790" HPOS="266"/>
<SP HEIGHT="37" WIDTH="28" VPOS="805" HPOS="640"/>
<String CONTENT="p." HEIGHT="36" WIDTH="42" VPOS="806" HPOS="669"/>
<SP HEIGHT="40" WIDTH="28" VPOS="795" HPOS="712"/>
<String CONTENT="88-91." HEIGHT="41" WIDTH="155" VPOS="794" HPOS="741"/>
</TextLine>
<TextLine HEIGHT="55" WIDTH="1551" VPOS="858" HPOS="196" CS="1">
<String CONTENT="&#169;" HEIGHT="51" WIDTH="51" VPOS="858" HPOS="196"/>
<SP HEIGHT="51" WIDTH="23" VPOS="858" HPOS="248"/>
<String CONTENT="Apr." HEIGHT="48" WIDTH="110" VPOS="863" HPOS="272"/>
<SP HEIGHT="39" WIDTH="24" VPOS="865" HPOS="383"/>
<String CONTENT="3," HEIGHT="40" WIDTH="38" VPOS="865" HPOS="408"/>
<SP HEIGHT="40" WIDTH="25" VPOS="865" HPOS="447"/>
<String CS="1" CONTENT="1934;" HEIGHT="40" WIDTH="112" VPOS="865" HPOS="473"/>
<SP HEIGHT="39" WIDTH="25" VPOS="866" HPOS="613"/>
<String CONTENT="2c." HEIGHT="38" WIDTH="65" VPOS="866" HPOS="639"/>
<SP HEIGHT="28" WIDTH="27" VPOS="876" HPOS="705"/>
<String CONTENT="and" HEIGHT="38" WIDTH="94" VPOS="867" HPOS="733"/>
<SP HEIGHT="38" WIDTH="25" VPOS="867" HPOS="828"/>
<String CS="1" CONTENT="aff." HEIGHT="41" WIDTH="80" VPOS="865" HPOS="854"/>
<SP HEIGHT="40" WIDTH="24" VPOS="866" HPOS="935"/>
<String CONTENT="Apr." HEIGHT="47" WIDTH="112" VPOS="866" HPOS="960"/>
<SP HEIGHT="38" WIDTH="27" VPOS="867" HPOS="1073"/>
<String CS="1" CONTENT="7;"/>
<SP HEIGHT="39" WIDTH="27" VPOS="866" HPOS="1152"/>
<!-- cceid BF52FBA7-6C64-1014-8713-889FF4349C01 --><String CONTENT="A" HEIGHT="38" WIDTH="40" VPOS="866" HPOS="1180"/>
<SP HEIGHT="39" WIDTH="25" VPOS="866" HPOS="1221"/>
<String CS="1" CONTENT="71163;" HEIGHT="40" WIDTH="139" VPOS="865" HPOS="1247"/>
<SP HEIGHT="41" WIDTH="29" VPOS="865" HPOS="1415"/>
<String CONTENT="Clark" HEIGHT="40" WIDTH="146" VPOS="865" HPOS="1445"/>
<SP HEIGHT="39" WIDTH="26" VPOS="866" HPOS="1592"/>
<String CONTENT="univ." HEIGHT="35" WIDTH="128" VPOS="870" HPOS="1619"/>
</TextLine>
<TextLine HEIGHT="47" WIDTH="276" VPOS="920" HPOS="274">
<String CONTENT="(34-11980)" HEIGHT="47" WIDTH="276" VPOS="920" HPOS="274"/>
</TextLine>
<TextLine HEIGHT="149" WIDTH="1990" VPOS="1036" HPOS="188" STYLEREFS="StyleId-B88AA976-0607-48E3-98E2-4A980DC38E0F-" CS="1">
<String CONTENT="Federal" HEIGHT="54" WIDTH="243" VPOS="1036" HPOS="188"/>
<SP HEIGHT="51" WIDTH="50" VPOS="1039" HPOS="432"/>
<String CONTENT="reporter." HEIGHT="61" WIDTH="268" VPOS="1046" HPOS="483"/>
<SP HEIGHT="52" WIDTH="79" VPOS="1040" HPOS="752"/>
<String CONTENT="Second" HEIGHT="52" WIDTH="212" VPOS="1040" HPOS="832"/>
<SP HEIGHT="51" WIDTH="50" VPOS="1041" HPOS="1045"/>
<String CONTENT="series." HEIGHT="52" WIDTH="181" VPOS="1041" HPOS="1096"/>
<SP HEIGHT="53" WIDTH="77" VPOS="1040" HPOS="1278"/>
<String CONTENT="Cases" HEIGHT="53" WIDTH="166" VPOS="1040" HPOS="1356"/>
<SP HEIGHT="33" WIDTH="50" VPOS="1058" HPOS="1523"/>
<String CONTENT="argued" HEIGHT="66" WIDTH="212" VPOS="1041" HPOS="1574"/>
<SP HEIGHT="52" WIDTH="48" VPOS="1041" HPOS="1787"/>
<String CONTENT="and" HEIGHT="52" WIDTH="111" VPOS="1041" HPOS="1836"/>
<SP HEIGHT="52" WIDTH="48" VPOS="1041" HPOS="1948"/>
<String CONTENT="determined" HEIGHT="126" WIDTH="1894" VPOS="1041" HPOS="258"/>
<SP HEIGHT="51" WIDTH="29" VPOS="1116" HPOS="449"/>
<String CONTENT="in" HEIGHT="51" WIDTH="58" VPOS="1117" HPOS="479"/>
<SP HEIGHT="46" WIDTH="29" VPOS="1123" HPOS="538"/>
<String CONTENT="the" HEIGHT="51" WIDTH="92" VPOS="1118" HPOS="568"/>
<SP HEIGHT="52" WIDTH="29" VPOS="1120" HPOS="661"/>
<String CONTENT="United" HEIGHT="55" WIDTH="214" VPOS="1117" HPOS="691"/>
<SP HEIGHT="54" WIDTH="33" VPOS="1119" HPOS="906"/>
<String CONTENT="States" HEIGHT="54" WIDTH="184" VPOS="1119" HPOS="940"/>
<SP HEIGHT="54" WIDTH="31" VPOS="1119" HPOS="1125"/>
<String CONTENT="Circuit" HEIGHT="56" WIDTH="214" VPOS="1117" HPOS="1157"/>
<SP HEIGHT="33" WIDTH="27" VPOS="1138" HPOS="1377"/>
<String CONTENT="courts" HEIGHT="48" WIDTH="186" VPOS="1123" HPOS="1405"/>
<SP HEIGHT="35" WIDTH="31" VPOS="1136" HPOS="1592"/>
<String CONTENT="of" HEIGHT="52" WIDTH="61" VPOS="1117" HPOS="1624"/>
<SP HEIGHT="52" WIDTH="29" VPOS="1117" HPOS="1686"/>
<String CONTENT="appeals," HEIGHT="66" WIDTH="249" VPOS="1119" HPOS="1716"/>
<SP HEIGHT="65" WIDTH="32" VPOS="1119" HPOS="1966"/>
<String CONTENT="Court" HEIGHT="54" WIDTH="179" VPOS="1119" HPOS="1999"/>
</TextLine>
<TextLine HEIGHT="68" WIDTH="1915" VPOS="1193" HPOS="260" STYLEREFS="StyleId-B88AA976-0607-48E3-98E2-4A980DC38E0F-">
<String CONTENT="of" HEIGHT="52" WIDTH="61" VPOS="1193" HPOS="260"/>
<SP HEIGHT="52" WIDTH="49" VPOS="1193" HPOS="322"/>
<String CONTENT="appeals" HEIGHT="66" WIDTH="228" VPOS="1195" HPOS="372"/>
<SP HEIGHT="34" WIDTH="49" VPOS="1213" HPOS="601"/>
<String CONTENT="of" HEIGHT="51" WIDTH="61" VPOS="1195" HPOS="651"/>
<SP HEIGHT="52" WIDTH="47" VPOS="1195" HPOS="713"/>
<String CONTENT="the" HEIGHT="52" WIDTH="94" VPOS="1196" HPOS="761"/>
<SP HEIGHT="51" WIDTH="48" VPOS="1198" HPOS="856"/>
<String CONTENT="District" HEIGHT="52" WIDTH="241" VPOS="1197" HPOS="905"/>
<SP HEIGHT="45" WIDTH="48" VPOS="1203" HPOS="1147"/>
<String CONTENT="of" HEIGHT="51" WIDTH="61" VPOS="1196" HPOS="1196"/>
<SP HEIGHT="53" WIDTH="49" VPOS="1196" HPOS="1258"/>
<String CONTENT="Columbia" HEIGHT="53" WIDTH="299" VPOS="1196" HPOS="1308"/>
<SP HEIGHT="33" WIDTH="49" VPOS="1214" HPOS="1608"/>
<String CONTENT="and" HEIGHT="51" WIDTH="110" VPOS="1196" HPOS="1658"/>
<SP HEIGHT="51" WIDTH="47" VPOS="1196" HPOS="1769"/>
<String CONTENT="the" HEIGHT="52" WIDTH="94" VPOS="1196" HPOS="1817"/>
<SP HEIGHT="52" WIDTH="47" VPOS="1198" HPOS="1912"/>
<String CONTENT="United" HEIGHT="54" WIDTH="215" VPOS="1196" HPOS="1960"/>
</TextLine>
<TextLine HEIGHT="71" WIDTH="1913" VPOS="1271" HPOS="262" STYLEREFS="StyleId-B88AA976-0607-48E3-98E2-4A980DC38E0F-">
<String CONTENT="States" HEIGHT="54" WIDTH="185" VPOS="1271" HPOS="262"/>
<SP HEIGHT="53" WIDTH="50" VPOS="1273" HPOS="448"/>
<String CONTENT="Court" HEIGHT="53" WIDTH="177" VPOS="1273" HPOS="499"/>
<SP HEIGHT="45" WIDTH="48" VPOS="1280" HPOS="677"/>
<String CONTENT="of" HEIGHT="51" WIDTH="61" VPOS="1274" HPOS="726"/>
<SP HEIGHT="51" WIDTH="48" VPOS="1274" HPOS="788"/>
<String CONTENT="customs" HEIGHT="46" WIDTH="240" VPOS="1280" HPOS="837"/>
<SP HEIGHT="34" WIDTH="51" VPOS="1292" HPOS="1078"/>
<String CONTENT="and" HEIGHT="51" WIDTH="108" VPOS="1274" HPOS="1130"/>
<SP HEIGHT="66" WIDTH="49" VPOS="1274" HPOS="1239"/>
<String CONTENT="patent" HEIGHT="61" WIDTH="200" VPOS="1279" HPOS="1289"/>
<SP HEIGHT="46" WIDTH="47" VPOS="1279" HPOS="1490"/>
<String CONTENT="appeals." HEIGHT="66" WIDTH="247" VPOS="1275" HPOS="1538"/>
<SP HEIGHT="51" WIDTH="73" VPOS="1276" HPOS="1786"/>
<String CONTENT="With" HEIGHT="54" WIDTH="161" VPOS="1273" HPOS="1860"/>
<SP HEIGHT="52" WIDTH="46" VPOS="1274" HPOS="2022"/>
<String CONTENT="key" HEIGHT="68" WIDTH="106" VPOS="1274" HPOS="2069"/>
</TextLine>
<TextLine HEIGHT="146" WIDTH="1888" VPOS="1351" HPOS="259" STYLEREFS="StyleId-B88AA976-0607-48E3-98E2-4A980DC38E0F-" CS="1">
<String CONTENT="number" HEIGHT="52" WIDTH="236" VPOS="1351" HPOS="260"/>
<SP HEIGHT="33" WIDTH="71" VPOS="1369" HPOS="497"/>
<String CS="1" CONTENT="annotations." HEIGHT="52" WIDTH="359" VPOS="1351" HPOS="569"/>
<SP HEIGHT="34" WIDTH="74" VPOS="1369" HPOS="945"/>
<String CONTENT="v." HEIGHT="34" WIDTH="48" VPOS="1369" HPOS="1020"/>
<SP HEIGHT="49" WIDTH="74" VPOS="1354" HPOS="1069"/>
<String CONTENT="67" HEIGHT="49" WIDTH="61" VPOS="1354" HPOS="1144"/>
<SP HEIGHT="64" WIDTH="33" VPOS="1354" HPOS="1206"/>
<String CONTENT="(2d)" HEIGHT="66" WIDTH="125" VPOS="1352" HPOS="1240"/>
<SP HEIGHT="65" WIDTH="85" VPOS="1352" HPOS="1366"/>
<String CONTENT="November," HEIGHT="55" WIDTH="333" VPOS="1352" HPOS="1452"/>
<SP HEIGHT="51" WIDTH="71" VPOS="1356" HPOS="1786"/>
<String CONTENT="1933-February," HEIGHT="143" WIDTH="1888" VPOS="1353" HPOS="259"/>
<SP HEIGHT="62" WIDTH="30" VPOS="1434" HPOS="449"/>
<String CONTENT="1934." HEIGHT="48" WIDTH="147" VPOS="1432" HPOS="480"/>
<SP HEIGHT="54" WIDTH="78" VPOS="1429" HPOS="628"/>
<String CONTENT="St." HEIGHT="54" WIDTH="80" VPOS="1429" HPOS="707"/>
<SP HEIGHT="50" WIDTH="31" VPOS="1432" HPOS="788"/>
<String CONTENT="Paul," HEIGHT="52" WIDTH="163" VPOS="1430" HPOS="820"/>
<SP HEIGHT="49" WIDTH="29" VPOS="1432" HPOS="984"/>
<String CONTENT="West" HEIGHT="49" WIDTH="157" VPOS="1432" HPOS="1014"/>
<SP HEIGHT="61" WIDTH="28" VPOS="1436" HPOS="1172"/>
<String CONTENT="publishing" HEIGHT="68" WIDTH="333" VPOS="1429" HPOS="1201"/>
<SP HEIGHT="48" WIDTH="29" VPOS="1448" HPOS="1535"/>
<String CS="1" CONTENT="co.," HEIGHT="36" WIDTH="96" VPOS="1448" HPOS="1565"/>
<SP HEIGHT="51" WIDTH="32" VPOS="1433" HPOS="1662"/>
<String CONTENT="1934." HEIGHT="49" WIDTH="148" VPOS="1432" HPOS="1695"/>
</TextLine>
<TextLine HEIGHT="48" WIDTH="1292" VPOS="1502" HPOS="260" CS="1">
<String CONTENT="xxxvii," HEIGHT="47" WIDTH="184" VPOS="1502" HPOS="260"/>
<SP HEIGHT="45" WIDTH="23" VPOS="1504" HPOS="445"/>
<String CONTENT="1101" HEIGHT="39" WIDTH="113" VPOS="1502" HPOS="469"/>
<SP HEIGHT="46" WIDTH="23" VPOS="1504" HPOS="583"/>
<String CONTENT="p." HEIGHT="36" WIDTH="42" VPOS="1514" HPOS="607"/>
<SP HEIGHT="39" WIDTH="23" VPOS="1503" HPOS="650"/>
<String CONTENT="incl." HEIGHT="40" WIDTH="107" VPOS="1503" HPOS="674"/>
<SP HEIGHT="40" WIDTH="25" VPOS="1503" HPOS="782"/>
<String CS="1" CONTENT="front." HEIGHT="40" WIDTH="134" VPOS="1503" HPOS="808"/>
<SP HEIGHT="44" WIDTH="30" VPOS="1503" HPOS="955"/>
<String CONTENT="(map)" HEIGHT="47" WIDTH="156" VPOS="1503" HPOS="986"/>
<SP HEIGHT="44" WIDTH="60" VPOS="1503" HPOS="1143"/>
<String CONTENT="diagrs." HEIGHT="48" WIDTH="176" VPOS="1502" HPOS="1204"/>
<SP HEIGHT="37" WIDTH="55" VPOS="1504" HPOS="1381"/>
<String CONTENT="26" HEIGHT="39" WIDTH="55" VPOS="1503" HPOS="1437"/>
<String STYLE="superscript" CONTENT="cm" HEIGHT="20" WIDTH="43" VPOS="1505" HPOS="1496"/>
<String CONTENT="." HEIGHT="8" WIDTH="6" VPOS="1534" HPOS="1546"/>
</TextLine>
<TextLine HEIGHT="52" WIDTH="1844" VPOS="1570" HPOS="195" CS="1">
<String CONTENT="&#169;" HEIGHT="51" WIDTH="50" VPOS="1570" HPOS="195"/>
<SP HEIGHT="51" WIDTH="27" VPOS="1570" HPOS="246"/>
<String CONTENT="Apr." HEIGHT="47" WIDTH="112" VPOS="1575" HPOS="274"/>
<SP HEIGHT="39" WIDTH="28" VPOS="1574" HPOS="387"/>
<String CONTENT="23," HEIGHT="45" WIDTH="67" VPOS="1574" HPOS="416"/>
<SP HEIGHT="44" WIDTH="28" VPOS="1575" HPOS="484"/>
<String CONTENT="1934;" HEIGHT="40" WIDTH="139" VPOS="1574" HPOS="513"/>
<SP HEIGHT="40" WIDTH="30" VPOS="1574" HPOS="653"/>
<String CONTENT="2c." HEIGHT="39" WIDTH="66" VPOS="1574" HPOS="684"/>
<SP HEIGHT="37" WIDTH="30" VPOS="1575" HPOS="751"/>
<String CONTENT="May" HEIGHT="45" WIDTH="111" VPOS="1575" HPOS="782"/>
<SP HEIGHT="46" WIDTH="25" VPOS="1574" HPOS="894"/>
<String CS="1" CONTENT="23;" HEIGHT="39" WIDTH="52" VPOS="1574" HPOS="920"/>
<SP HEIGHT="30" WIDTH="31" VPOS="1584" HPOS="1001"/>
<String CONTENT="aff." HEIGHT="40" WIDTH="81" VPOS="1573" HPOS="1033"/>
<SP HEIGHT="39" WIDTH="29" VPOS="1574" HPOS="1115"/>
<String CONTENT="May" HEIGHT="46" WIDTH="111" VPOS="1574" HPOS="1145"/>
<SP HEIGHT="47" WIDTH="27" VPOS="1573" HPOS="1257"/>
<String CONTENT="25;" HEIGHT="40" WIDTH="80" VPOS="1573" HPOS="1285"/>
<SP HEIGHT="40" WIDTH="32" VPOS="1573" HPOS="1366"/>
<!-- cceid BF537621-6C64-1014-8713-889FF4349C01 --><String CONTENT="A" HEIGHT="38" WIDTH="41" VPOS="1573" HPOS="1399"/>
<SP HEIGHT="39" WIDTH="28" VPOS="1573" HPOS="1441"/>
<String CS="1" CONTENT="71797;" HEIGHT="39" WIDTH="138" VPOS="1573" HPOS="1470"/>
<SP HEIGHT="39" WIDTH="32" VPOS="1574" HPOS="1638"/>
<String CONTENT="West" HEIGHT="38" WIDTH="133" VPOS="1574" HPOS="1671"/>
<SP HEIGHT="45" WIDTH="28" VPOS="1575" HPOS="1805"/>
<String CONTENT="pub." HEIGHT="49" WIDTH="109" VPOS="1571" HPOS="1834"/>
<SP HEIGHT="29" WIDTH="29" VPOS="1583" HPOS="1944"/>
<String CONTENT="co." HEIGHT="30" WIDTH="65" VPOS="1583" HPOS="1974"/>
</TextLine>
<TextLine HEIGHT="64" WIDTH="577" VPOS="1692" HPOS="189" STYLEREFS="StyleId-E604A854-B3C7-4F97-BB0D-39AA41E19181-">
<String CONTENT="Fendler," HEIGHT="63" WIDTH="262" VPOS="1693" HPOS="189"/>
<SP HEIGHT="64" WIDTH="30" VPOS="1692" HPOS="452"/>
<String CONTENT="Grace" HEIGHT="54" WIDTH="183" VPOS="1692" HPOS="483"/>
<SP HEIGHT="53" WIDTH="29" VPOS="1692" HPOS="667"/>
<String CONTENT="A." HEIGHT="55" WIDTH="69" VPOS="1692" HPOS="697"/>
</TextLine>
<TextLine HEIGHT="66" WIDTH="1911" VPOS="1768" HPOS="258" STYLEREFS="StyleId-B88AA976-0607-48E3-98E2-4A980DC38E0F-" CS="1">
<String CONTENT="New" HEIGHT="52" WIDTH="138" VPOS="1770" HPOS="258"/>
<SP HEIGHT="46" WIDTH="33" VPOS="1776" HPOS="397"/>
<String CONTENT="truths" HEIGHT="51" WIDTH="186" VPOS="1771" HPOS="431"/>
<SP HEIGHT="33" WIDTH="32" VPOS="1789" HPOS="618"/>
<String CONTENT="about" HEIGHT="51" WIDTH="167" VPOS="1770" HPOS="651"/>
<SP HEIGHT="53" WIDTH="36" VPOS="1771" HPOS="819"/>
<String CONTENT="Columbus," HEIGHT="55" WIDTH="320" VPOS="1769" HPOS="856"/>
<SP HEIGHT="53" WIDTH="30" VPOS="1769" HPOS="1177"/>
<String CONTENT="by" HEIGHT="65" WIDTH="75" VPOS="1769" HPOS="1208"/>
<SP HEIGHT="65" WIDTH="30" VPOS="1769" HPOS="1284"/>
<String CONTENT="Grace" HEIGHT="54" WIDTH="181" VPOS="1769" HPOS="1315"/>
<SP HEIGHT="51" WIDTH="31" VPOS="1769" HPOS="1497"/>
<String CONTENT="A." HEIGHT="52" WIDTH="68" VPOS="1769" HPOS="1529"/>
<SP HEIGHT="52" WIDTH="34" VPOS="1769" HPOS="1598"/>
<String CONTENT="Fendler," HEIGHT="54" WIDTH="261" VPOS="1768" HPOS="1633"/>
<SP HEIGHT="48" WIDTH="75" VPOS="1774" HPOS="1895"/>
<String CONTENT="1st" HEIGHT="47" WIDTH="87" VPOS="1774" HPOS="1971"/>
<SP HEIGHT="47" WIDTH="26" VPOS="1774" HPOS="2059"/>
<String CONTENT="ed." HEIGHT="52" WIDTH="83" VPOS="1769" HPOS="2086"/>
</TextLine>
<TextLine HEIGHT="69" WIDTH="1844" VPOS="1845" HPOS="190" STYLEREFS="StyleId-B88AA976-0607-48E3-98E2-4A980DC38E0F-">
<String CONTENT="Los" HEIGHT="55" WIDTH="109" VPOS="1847" HPOS="190"/>
<SP HEIGHT="54" WIDTH="30" VPOS="1848" HPOS="300"/>
<String CONTENT="Angeles," HEIGHT="67" WIDTH="265" VPOS="1847" HPOS="331"/>
<SP HEIGHT="56" WIDTH="33" VPOS="1848" HPOS="597"/>
<String CONTENT="Calif.," HEIGHT="65" WIDTH="191" VPOS="1845" HPOS="631"/>
<SP HEIGHT="61" WIDTH="34" VPOS="1849" HPOS="823"/>
<String CONTENT="The" HEIGHT="51" WIDTH="119" VPOS="1848" HPOS="858"/>
<SP HEIGHT="50" WIDTH="29" VPOS="1848" HPOS="978"/>
<String CONTENT="Federal" HEIGHT="52" WIDTH="239" VPOS="1846" HPOS="1008"/>
<SP HEIGHT="66" WIDTH="31" VPOS="1846" HPOS="1248"/>
<String CONTENT="printing" HEIGHT="67" WIDTH="261" VPOS="1846" HPOS="1280"/>
<SP HEIGHT="49" WIDTH="32" VPOS="1864" HPOS="1542"/>
<String CONTENT="co.," HEIGHT="48" WIDTH="96" VPOS="1864" HPOS="1575"/>
<SP HEIGHT="65" WIDTH="31" VPOS="1847" HPOS="1672"/>
<String CONTENT="inc.," HEIGHT="58" WIDTH="123" VPOS="1847" HPOS="1704"/>
<SP HEIGHT="53" WIDTH="35" VPOS="1852" HPOS="1828"/>
<String STYLE="superscript" CONTENT="c" HEIGHT="21" WIDTH="16" VPOS="1852" HPOS="1864"/>
<String CONTENT="1934." HEIGHT="50" WIDTH="147" VPOS="1849" HPOS="1887"/>
</TextLine>
<TextLine HEIGHT="51" WIDTH="926" VPOS="1917" HPOS="261" CS="1">
<String CONTENT="64" HEIGHT="39" WIDTH="55" VPOS="1920" HPOS="261"/>
<SP HEIGHT="47" WIDTH="26" VPOS="1921" HPOS="317"/>
<String CONTENT="p." HEIGHT="36" WIDTH="42" VPOS="1932" HPOS="344"/>
<SP HEIGHT="41" WIDTH="58" VPOS="1919" HPOS="387"/>
<String CS="1" CONTENT="front." HEIGHT="40" WIDTH="133" VPOS="1919" HPOS="446"/>
<SP HEIGHT="48" WIDTH="26" VPOS="1919" HPOS="594"/>
<String CS="1" CONTENT="(fold." HEIGHT="48" WIDTH="126" VPOS="1919" HPOS="621"/>
<SP HEIGHT="42" WIDTH="27" VPOS="1918" HPOS="762"/>
<String CONTENT="facsim.)" HEIGHT="47" WIDTH="216" VPOS="1918" HPOS="790"/>
<SP HEIGHT="48" WIDTH="65" VPOS="1917" HPOS="1007"/>
<String CONTENT="21" HEIGHT="40" WIDTH="55" VPOS="1917" HPOS="1073"/>
<String STYLE="superscript" CONTENT="cm" HEIGHT="21" WIDTH="44" VPOS="1920" HPOS="1131"/>
<String CONTENT="." HEIGHT="9" WIDTH="8" VPOS="1950" HPOS="1179"/>
</TextLine>
<TextLine HEIGHT="49" WIDTH="1903" VPOS="1974" HPOS="268">
<String CONTENT="&#8220;This" HEIGHT="39" WIDTH="145" VPOS="1977" HPOS="268"/>
<SP HEIGHT="39" WIDTH="36" VPOS="1977" HPOS="414"/>
<String CONTENT="book" HEIGHT="39" WIDTH="121" VPOS="1977" HPOS="451"/>
<SP HEIGHT="38" WIDTH="38" VPOS="1977" HPOS="573"/>
<String CONTENT="is" HEIGHT="38" WIDTH="42" VPOS="1977" HPOS="612"/>
<SP HEIGHT="29" WIDTH="37" VPOS="1986" HPOS="655"/>
<String CONTENT="only" HEIGHT="46" WIDTH="110" VPOS="1977" HPOS="693"/>
<SP HEIGHT="44" WIDTH="38" VPOS="1979" HPOS="804"/>
<String CONTENT="the" HEIGHT="39" WIDTH="81" VPOS="1976" HPOS="843"/>
<SP HEIGHT="39" WIDTH="38" VPOS="1976" HPOS="925"/>
<String CONTENT="by-product" HEIGHT="47" WIDTH="282" VPOS="1975" HPOS="964"/>
<SP HEIGHT="38" WIDTH="36" VPOS="1976" HPOS="1247"/>
<String CONTENT="of" HEIGHT="38" WIDTH="49" VPOS="1975" HPOS="1284"/>
<SP HEIGHT="39" WIDTH="39" VPOS="1975" HPOS="1334"/>
<String CONTENT="a" HEIGHT="29" WIDTH="26" VPOS="1985" HPOS="1374"/>
<SP HEIGHT="38" WIDTH="39" VPOS="1976" HPOS="1401"/>
<String CONTENT="larger" HEIGHT="46" WIDTH="160" VPOS="1976" HPOS="1441"/>
<SP HEIGHT="29" WIDTH="38" VPOS="1985" HPOS="1602"/>
<String CONTENT="work" HEIGHT="40" WIDTH="132" VPOS="1974" HPOS="1641"/>
<SP HEIGHT="41" WIDTH="39" VPOS="1974" HPOS="1774"/>
<String CONTENT="entitled" HEIGHT="41" WIDTH="203" VPOS="1974" HPOS="1814"/>
<SP HEIGHT="40" WIDTH="37" VPOS="1975" HPOS="2018"/>
<String CONTENT="&#8216;The" HEIGHT="41" WIDTH="115" VPOS="1974" HPOS="2056"/>
</TextLine>
<TextLine HEIGHT="50" WIDTH="1977" VPOS="2030" HPOS="196">
<String CONTENT="masque" HEIGHT="37" WIDTH="196" VPOS="2043" HPOS="196"/>
<SP HEIGHT="29" WIDTH="31" VPOS="2043" HPOS="393"/>
<String CONTENT="of" HEIGHT="39" WIDTH="50" VPOS="2033" HPOS="425"/>
<SP HEIGHT="39" WIDTH="32" VPOS="2033" HPOS="476"/>
<String CONTENT="the" HEIGHT="39" WIDTH="80" VPOS="2034" HPOS="509"/>
<SP HEIGHT="40" WIDTH="32" VPOS="2033" HPOS="590"/>
<String CONTENT="dove&#8217;" HEIGHT="40" WIDTH="131" VPOS="2032" HPOS="623"/>
<SP HEIGHT="39" WIDTH="34" VPOS="2032" HPOS="755"/>
<String CONTENT="which" HEIGHT="39" WIDTH="157" VPOS="2032" HPOS="790"/>
<SP HEIGHT="39" WIDTH="32" VPOS="2032" HPOS="948"/>
<String CONTENT="is" HEIGHT="39" WIDTH="41" VPOS="2032" HPOS="981"/>
<SP HEIGHT="29" WIDTH="31" VPOS="2042" HPOS="1023"/>
<String CONTENT="now" HEIGHT="29" WIDTH="106" VPOS="2041" HPOS="1055"/>
<SP HEIGHT="28" WIDTH="32" VPOS="2042" HPOS="1162"/>
<String CONTENT="undergoing" HEIGHT="47" WIDTH="297" VPOS="2031" HPOS="1195"/>
<SP HEIGHT="36" WIDTH="35" VPOS="2042" HPOS="1493"/>
<String CONTENT="revision" HEIGHT="41" WIDTH="209" VPOS="2030" HPOS="1529"/>
<SP HEIGHT="28" WIDTH="33" VPOS="2042" HPOS="1739"/>
<String CONTENT="and" HEIGHT="39" WIDTH="93" VPOS="2033" HPOS="1773"/>
<SP HEIGHT="40" WIDTH="33" VPOS="2032" HPOS="1867"/>
<String CONTENT="is" HEIGHT="39" WIDTH="42" VPOS="2032" HPOS="1901"/>
<SP HEIGHT="29" WIDTH="33" VPOS="2042" HPOS="1944"/>
<String CONTENT="soon" HEIGHT="29" WIDTH="116" VPOS="2042" HPOS="1978"/>
<SP HEIGHT="39" WIDTH="29" VPOS="2033" HPOS="2095"/>
<String CONTENT="to" HEIGHT="39" WIDTH="48" VPOS="2033" HPOS="2125"/>
</TextLine>
<TextLine HEIGHT="49" WIDTH="716" VPOS="2088" HPOS="191">
<String CONTENT="be" HEIGHT="40" WIDTH="55" VPOS="2090" HPOS="191"/>
<SP HEIGHT="37" WIDTH="27" VPOS="2100" HPOS="247"/>
<String CONTENT="published.&#8221;&#8212;Foreword." HEIGHT="49" WIDTH="632" VPOS="2088" HPOS="275"/>
</TextLine>
<TextLine HEIGHT="51" WIDTH="1982" VPOS="2143" HPOS="194" CS="1">
<String CONTENT="&#169;" HEIGHT="51" WIDTH="51" VPOS="2143" HPOS="194"/>
<SP HEIGHT="51" WIDTH="32" VPOS="2143" HPOS="246"/>
<String CONTENT="Apr." HEIGHT="46" WIDTH="113" VPOS="2148" HPOS="279"/>
<SP HEIGHT="39" WIDTH="32" VPOS="2148" HPOS="393"/>
<String CONTENT="3," HEIGHT="39" WIDTH="38" VPOS="2148" HPOS="426"/>
<SP HEIGHT="39" WIDTH="34" VPOS="2148" HPOS="465"/>
<String CS="1" CONTENT="1934;" HEIGHT="40" WIDTH="113" VPOS="2146" HPOS="500"/>
<SP HEIGHT="40" WIDTH="36" VPOS="2146" HPOS="640"/>
<String CONTENT="2c." HEIGHT="39" WIDTH="66" VPOS="2146" HPOS="677"/>
<SP HEIGHT="39" WIDTH="32" VPOS="2146" HPOS="744"/>
<String CONTENT="Apr." HEIGHT="46" WIDTH="111" VPOS="2146" HPOS="777"/>
<SP HEIGHT="39" WIDTH="36" VPOS="2145" HPOS="889"/>
<String CS="1" CONTENT="9;" HEIGHT="39" WIDTH="24" VPOS="2145" HPOS="926"/>
<SP HEIGHT="29" WIDTH="38" VPOS="2155" HPOS="977"/>
<String CONTENT="aff." HEIGHT="40" WIDTH="79" VPOS="2144" HPOS="1016"/>
<SP HEIGHT="38" WIDTH="34" VPOS="2145" HPOS="1096"/>
<String CONTENT="Apr." HEIGHT="47" WIDTH="111" VPOS="2145" HPOS="1131"/>
<SP HEIGHT="38" WIDTH="36" VPOS="2146" HPOS="1243"/>
<String CS="1" CONTENT="7;" HEIGHT="38" WIDTH="23" VPOS="2146" HPOS="1280"/>
<SP HEIGHT="39" WIDTH="36" VPOS="2145" HPOS="1331"/>
<!-- cceid BF53F78F-6C64-1014-8713-889FF4349C01 --><String CONTENT="A" HEIGHT="38" WIDTH="41" VPOS="2145" HPOS="1368"/>
<SP HEIGHT="39" WIDTH="33" VPOS="2145" HPOS="1410"/>
<String CONTENT="71176;" HEIGHT="44" WIDTH="167" VPOS="2145" HPOS="1444"/>
<SP HEIGHT="44" WIDTH="39" VPOS="2145" HPOS="1612"/>
<String CONTENT="G." HEIGHT="40" WIDTH="51" VPOS="2145" HPOS="1652"/>
<SP HEIGHT="40" WIDTH="35" VPOS="2145" HPOS="1704"/>
<String CONTENT="A." HEIGHT="39" WIDTH="51" VPOS="2145" HPOS="1740"/>
<SP HEIGHT="39" WIDTH="35" VPOS="2145" HPOS="1792"/>
<String CONTENT="Fendler," HEIGHT="47" WIDTH="219" VPOS="2145" HPOS="1828"/>
<SP HEIGHT="46" WIDTH="35" VPOS="2146" HPOS="2048"/>
<String CONTENT="Los" HEIGHT="38" WIDTH="92" VPOS="2146" HPOS="2084"/>
</TextLine>
<TextLine HEIGHT="50" WIDTH="552" VPOS="2201" HPOS="258" CS="1">
<String CS="1" CONTENT="Angeles." HEIGHT="47" WIDTH="204" VPOS="2204" HPOS="258"/>
<SP HEIGHT="47" WIDTH="58" VPOS="2203" HPOS="475"/>
<String CONTENT="(34-11629)" HEIGHT="49" WIDTH="276" VPOS="2201" HPOS="534"/>
</TextLine>
<TextLine HEIGHT="65" WIDTH="835" VPOS="2319" HPOS="187" STYLEREFS="StyleId-E604A854-B3C7-4F97-BB0D-39AA41E19181-" CS="1">
<String CS="1" CONTENT="Fixel," HEIGHT="65" WIDTH="181" VPOS="2319" HPOS="187"/>
<SP HEIGHT="65" WIDTH="26" VPOS="2319" HPOS="369"/>
<String CONTENT="Arthur" HEIGHT="54" WIDTH="231" VPOS="2319" HPOS="396"/>
<SP HEIGHT="52" WIDTH="29" VPOS="2320" HPOS="628"/>
<String CONTENT="Ellis," HEIGHT="64" WIDTH="161" VPOS="2319" HPOS="658"/>
<SP HEIGHT="60" WIDTH="32" VPOS="2323" HPOS="820"/>
<String CONTENT="1885-" HEIGHT="50" WIDTH="169" VPOS="2321" HPOS="853"/>
</TextLine>
<TextLine HEIGHT="57" WIDTH="1914" VPOS="2394" HPOS="255" STYLEREFS="StyleId-B88AA976-0607-48E3-98E2-4A980DC38E0F-">
<String CONTENT="False" HEIGHT="52" WIDTH="165" VPOS="2399" HPOS="255"/>
<SP HEIGHT="51" WIDTH="29" VPOS="2398" HPOS="421"/>
<String CONTENT="financial" HEIGHT="53" WIDTH="266" VPOS="2397" HPOS="451"/>
<SP HEIGHT="51" WIDTH="30" VPOS="2398" HPOS="718"/>
<String CONTENT="statements:" HEIGHT="46" WIDTH="352" VPOS="2403" HPOS="749"/>
<SP HEIGHT="34" WIDTH="36" VPOS="2415" HPOS="1102"/>
<String CONTENT="remedies" HEIGHT="55" WIDTH="267" VPOS="2394" HPOS="1139"/>
<SP HEIGHT="33" WIDTH="31" VPOS="2416" HPOS="1407"/>
<String CONTENT="of" HEIGHT="53" WIDTH="62" VPOS="2396" HPOS="1439"/>
<SP HEIGHT="52" WIDTH="32" VPOS="2396" HPOS="1502"/>
<String CONTENT="defrauded" HEIGHT="54" WIDTH="316" VPOS="2395" HPOS="1535"/>
<SP HEIGHT="52" WIDTH="30" VPOS="2398" HPOS="1852"/>
<String CONTENT="creditors." HEIGHT="54" WIDTH="286" VPOS="2396" HPOS="1883"/>
</TextLine>
<TextLine HEIGHT="68" WIDTH="1986" VPOS="2474" HPOS="185" STYLEREFS="StyleId-B88AA976-0607-48E3-98E2-4A980DC38E0F-" CS="1">
<String CONTENT="2d" HEIGHT="51" WIDTH="73" VPOS="2477" HPOS="185"/>
<SP HEIGHT="51" WIDTH="30" VPOS="2477" HPOS="259"/>
<String CONTENT="ed," HEIGHT="52" WIDTH="81" VPOS="2476" HPOS="290"/>
<SP HEIGHT="51" WIDTH="74" VPOS="2477" HPOS="372"/>
<String CONTENT="By" HEIGHT="65" WIDTH="90" VPOS="2477" HPOS="447"/>
<SP HEIGHT="66" WIDTH="29" VPOS="2476" HPOS="538"/>
<String CONTENT="Arthur" HEIGHT="52" WIDTH="222" VPOS="2476" HPOS="568"/>
<SP HEIGHT="52" WIDTH="30" VPOS="2476" HPOS="791"/>
<String CONTENT="E." HEIGHT="51" WIDTH="65" VPOS="2476" HPOS="822"/>
<SP HEIGHT="51" WIDTH="33" VPOS="2476" HPOS="888"/>
<String CONTENT="Fixel" HEIGHT="52" WIDTH="163" VPOS="2474" HPOS="922"/>
<SP HEIGHT="52" WIDTH="35" VPOS="2474" HPOS="1086"/>
<String CS="1" CONTENT="&#8230;"/>
<SP HEIGHT="52" WIDTH="78" VPOS="2474" HPOS="1176"/>
<String CONTENT="Albany," HEIGHT="66" WIDTH="246" VPOS="2474" HPOS="1255"/>
<SP HEIGHT="64" WIDTH="28" VPOS="2476" HPOS="1502"/>
<String CONTENT="N." HEIGHT="51" WIDTH="69" VPOS="2476" HPOS="1531"/>
<SP HEIGHT="51" WIDTH="34" VPOS="2475" HPOS="1601"/>
<String CONTENT="Y.," HEIGHT="64" WIDTH="90" VPOS="2475" HPOS="1636"/>
<SP HEIGHT="64" WIDTH="28" VPOS="2475" HPOS="1727"/>
<String CONTENT="M." HEIGHT="51" WIDTH="78" VPOS="2475" HPOS="1756"/>
<SP HEIGHT="50" WIDTH="31" VPOS="2476" HPOS="1835"/>
<String CONTENT="Bender" HEIGHT="52" WIDTH="224" VPOS="2474" HPOS="1867"/>
<SP HEIGHT="49" WIDTH="32" VPOS="2477" HPOS="2092"/>
<String CONTENT="&amp;" HEIGHT="49" WIDTH="46" VPOS="2477" HPOS="2125"/>
</TextLine>
<TextLine HEIGHT="67" WIDTH="910" VPOS="2553" HPOS="188" STYLEREFS="StyleId-B88AA976-0607-48E3-98E2-4A980DC38E0F-">
<String CONTENT="company," HEIGHT="50" WIDTH="292" VPOS="2570" HPOS="188"/>
<SP HEIGHT="53" WIDTH="25" VPOS="2553" HPOS="481"/>
<String CONTENT="incorporated," HEIGHT="66" WIDTH="414" VPOS="2553" HPOS="507"/>
<SP HEIGHT="50" WIDTH="29" VPOS="2558" HPOS="922"/>
<String CONTENT="1934." HEIGHT="49" WIDTH="146" VPOS="2555" HPOS="952"/>
</TextLine>
<TextLine HEIGHT="63" WIDTH="654" VPOS="2610" HPOS="262" CS="1">
<String CONTENT="xiii" HEIGHT="40" WIDTH="90" VPOS="2625" HPOS="262"/>
<SP HEIGHT="47" WIDTH="23" VPOS="2626" HPOS="353"/>
<String CONTENT="p.," HEIGHT="36" WIDTH="55" VPOS="2637" HPOS="377"/>
<SP HEIGHT="61" WIDTH="28" VPOS="2610" HPOS="433"/>
<String CONTENT="1" HEIGHT="54" WIDTH="24" VPOS="2610" HPOS="462"/>
<SP HEIGHT="54" WIDTH="25" VPOS="2610" HPOS="487"/>
<String CS="1" CONTENT="l.," HEIGHT="15" WIDTH="22" VPOS="2656" HPOS="535"/>
<SP HEIGHT="46" WIDTH="30" VPOS="2625" HPOS="558"/>
<String CONTENT="538" HEIGHT="40" WIDTH="83" VPOS="2625" HPOS="589"/>
<SP HEIGHT="47" WIDTH="25" VPOS="2625" HPOS="673"/>
<String CONTENT="p." HEIGHT="36" WIDTH="41" VPOS="2636" HPOS="699"/>
<SP HEIGHT="40" WIDTH="58" VPOS="2624" HPOS="741"/>
<String CONTENT="24" HEIGHT="39" WIDTH="56" VPOS="2624" HPOS="800"/>
<String STYLE="superscript" CONTENT="cm" HEIGHT="20" WIDTH="43" VPOS="2627" HPOS="859"/>
<String CONTENT="." HEIGHT="7" WIDTH="7" VPOS="2656" HPOS="909"/>
</TextLine>
<TextLine HEIGHT="48" WIDTH="933" VPOS="2679" HPOS="261" CS="1">
<String CONTENT="&#8220;Table" HEIGHT="41" WIDTH="174" VPOS="2680" HPOS="261"/>
<SP HEIGHT="29" WIDTH="29" VPOS="2693" HPOS="436"/>
<String CONTENT="of" HEIGHT="40" WIDTH="50" VPOS="2682" HPOS="466"/>
<SP HEIGHT="39" WIDTH="27" VPOS="2682" HPOS="517"/>
<String CONTENT="cases" HEIGHT="29" WIDTH="133" VPOS="2692" HPOS="545"/>
<SP HEIGHT="28" WIDTH="28" VPOS="2692" HPOS="679"/>
<String CS="1" CONTENT="cited&#8221;:" HEIGHT="40" WIDTH="152" VPOS="2680" HPOS="708"/>
<SP HEIGHT="36" WIDTH="32" VPOS="2691" HPOS="890"/>
<String CONTENT="p." HEIGHT="36" WIDTH="41" VPOS="2691" HPOS="923"/>
<SP HEIGHT="41" WIDTH="28" VPOS="2680" HPOS="965"/>
<String CS="1" CONTENT="465-487." HEIGHT="41" WIDTH="200" VPOS="2679" HPOS="994"/>
</TextLine>
<TextLine HEIGHT="52" WIDTH="1870" VPOS="2735" HPOS="193" CS="1">
<String CONTENT="&#169;" HEIGHT="51" WIDTH="50" VPOS="2735" HPOS="193"/>
<SP HEIGHT="51" WIDTH="27" VPOS="2735" HPOS="244"/>
<String CONTENT="Apr." HEIGHT="48" WIDTH="112" VPOS="2739" HPOS="272"/>
<SP HEIGHT="39" WIDTH="27" VPOS="2740" HPOS="385"/>
<String CONTENT="30." HEIGHT="40" WIDTH="68" VPOS="2739" HPOS="413"/>
<SP HEIGHT="40" WIDTH="29" VPOS="2739" HPOS="482"/>
<String CS="1" CONTENT="1934;" HEIGHT="40" WIDTH="112" VPOS="2738" HPOS="512"/>
<SP HEIGHT="41" WIDTH="30" VPOS="2738" HPOS="652"/>
<String CONTENT="2c." HEIGHT="39" WIDTH="65" VPOS="2738" HPOS="683"/>
<SP HEIGHT="28" WIDTH="30" VPOS="2748" HPOS="749"/>
<String CONTENT="and" HEIGHT="38" WIDTH="93" VPOS="2739" HPOS="780"/>
<SP HEIGHT="38" WIDTH="27" VPOS="2739" HPOS="874"/>
<String CONTENT="aff." HEIGHT="40" WIDTH="78" VPOS="2736" HPOS="902"/>
<SP HEIGHT="37" WIDTH="31" VPOS="2738" HPOS="981"/>
<String CONTENT="May" HEIGHT="46" WIDTH="111" VPOS="2738" HPOS="1013"/>
<SP HEIGHT="46" WIDTH="27" VPOS="2738" HPOS="1125"/>
<String CS="1" CONTENT="1;" HEIGHT="37" WIDTH="22" VPOS="2738" HPOS="1153"/>
<SP HEIGHT="39" WIDTH="31" VPOS="2737" HPOS="1204"/>
<!-- cceid BF5471BB-6C64-1014-8713-889FF4349C01 --><String CONTENT="A" HEIGHT="38" WIDTH="41" VPOS="2737" HPOS="1236"/>
<SP HEIGHT="39" WIDTH="28" VPOS="2737" HPOS="1278"/>
<String CS="1" CONTENT="71460;" HEIGHT="40" WIDTH="140" VPOS="2737" HPOS="1307"/>
<SP HEIGHT="38" WIDTH="31" VPOS="2738" HPOS="1475"/>
<String CONTENT="A." HEIGHT="40" WIDTH="52" VPOS="2738" HPOS="1507"/>
<SP HEIGHT="39" WIDTH="32" VPOS="2739" HPOS="1560"/>
<String CONTENT="E." HEIGHT="38" WIDTH="50" VPOS="2739" HPOS="1593"/>
<SP HEIGHT="40" WIDTH="30" VPOS="2737" HPOS="1644"/>
<String CONTENT="Fixel," HEIGHT="47" WIDTH="152" VPOS="2737" HPOS="1675"/>
<SP HEIGHT="46" WIDTH="29" VPOS="2738" HPOS="1828"/>
<String CONTENT="Detroit." HEIGHT="40" WIDTH="205" VPOS="2736" HPOS="1858"/>
</TextLine>
<TextLine HEIGHT="47" WIDTH="277" VPOS="2795" HPOS="272">
<String CONTENT="(34-11447)" HEIGHT="47" WIDTH="277" VPOS="2795" HPOS="272"/>
</TextLine>
<TextLine HEIGHT="65" WIDTH="515" VPOS="2911" HPOS="188" STYLEREFS="StyleId-E604A854-B3C7-4F97-BB0D-39AA41E19181-" CS="1">
<String CS="1" CONTENT="Freilich," HEIGHT="65" WIDTH="266" VPOS="2911" HPOS="188"/>
<SP HEIGHT="63" WIDTH="30" VPOS="2913" HPOS="455"/>
<String CONTENT="Aaron." HEIGHT="54" WIDTH="217" VPOS="2913" HPOS="486"/>
</TextLine>
<TextLine HEIGHT="147" WIDTH="1983" VPOS="2985" HPOS="188" STYLEREFS="StyleId-B88AA976-0607-48E3-98E2-4A980DC38E0F-" CS="1">
<String CONTENT="Intermediate" HEIGHT="54" WIDTH="405" VPOS="2987" HPOS="255"/>
<SP HEIGHT="34" WIDTH="27" VPOS="3006" HPOS="661"/>
<String CONTENT="algebra," HEIGHT="67" WIDTH="245" VPOS="2988" HPOS="689"/>
<SP HEIGHT="67" WIDTH="28" VPOS="2988" HPOS="935"/>
<String CONTENT="by" HEIGHT="66" WIDTH="71" VPOS="2988" HPOS="964"/>
<SP HEIGHT="67" WIDTH="25" VPOS="2987" HPOS="1036"/>
<String CONTENT="Aaron" HEIGHT="53" WIDTH="196" VPOS="2987" HPOS="1062"/>
<SP HEIGHT="51" WIDTH="25" VPOS="2989" HPOS="1259"/>
<String CONTENT="Freiiich" HEIGHT="52" WIDTH="249" VPOS="2988" HPOS="1285"/>
<SP HEIGHT="50" WIDTH="33" VPOS="2989" HPOS="1535"/>
<String CS="1" CONTENT="&#8230;"/>
<SP HEIGHT="51" WIDTH="32" VPOS="2988" HPOS="1623"/>
<String CONTENT="Henry" HEIGHT="65" WIDTH="200" VPOS="2988" HPOS="1656"/>
<SP HEIGHT="66" WIDTH="26" VPOS="2987" HPOS="1857"/>
<String CS="1" CONTENT="H." HEIGHT="51" WIDTH="60" VPOS="2987" HPOS="1884"/>
<SP HEIGHT="54" WIDTH="16" VPOS="2985" HPOS="1975"/>
<String CONTENT="Shanholt" HEIGHT="134" WIDTH="1960" VPOS="2985" HPOS="188"/>
<SP HEIGHT="46" WIDTH="39" VPOS="3072" HPOS="307"/>
<String CS="1" CONTENT="&#8230;"/>
<SP HEIGHT="33" WIDTH="47" VPOS="3097" HPOS="401"/>
<String CS="1" CONTENT="[and]" HEIGHT="65" WIDTH="128" VPOS="3066" HPOS="467"/>
<SP HEIGHT="65" WIDTH="40" VPOS="3066" HPOS="596"/>
<String CONTENT="Joseph" HEIGHT="66" WIDTH="213" VPOS="3066" HPOS="637"/>
<SP HEIGHT="50" WIDTH="37" VPOS="3066" HPOS="851"/>
<String CONTENT="P." HEIGHT="50" WIDTH="62" VPOS="3066" HPOS="889"/>
<SP HEIGHT="50" WIDTH="37" VPOS="3066" HPOS="952"/>
<String CONTENT="McCormack" HEIGHT="54" WIDTH="374" VPOS="3063" HPOS="990"/>
<SP HEIGHT="52" WIDTH="40" VPOS="3065" HPOS="1365"/>
<String CS="1" CONTENT="&#8230;"/>
<SP HEIGHT="51" WIDTH="78" VPOS="3065" HPOS="1460"/>
<String CONTENT="New" HEIGHT="52" WIDTH="137" VPOS="3065" HPOS="1539"/>
<SP HEIGHT="51" WIDTH="37" VPOS="3065" HPOS="1677"/>
<String CONTENT="York," HEIGHT="67" WIDTH="178" VPOS="3063" HPOS="1715"/>
<SP HEIGHT="67" WIDTH="33" VPOS="3063" HPOS="1894"/>
<String CONTENT="Newark" HEIGHT="53" WIDTH="243" VPOS="3062" HPOS="1928"/>
</TextLine>
<TextLine HEIGHT="67" WIDTH="1302" VPOS="3142" HPOS="208" STYLEREFS="StyleId-B88AA976-0607-48E3-98E2-4A980DC38E0F-" CS="1">
<String CS="1" CONTENT="[etc.]" HEIGHT="60" WIDTH="117" VPOS="3149" HPOS="208"/>
<SP HEIGHT="67" WIDTH="36" VPOS="3142" HPOS="326"/>
<String CONTENT="Silver," HEIGHT="67" WIDTH="203" VPOS="3142" HPOS="363"/>
<SP HEIGHT="65" WIDTH="28" VPOS="3144" HPOS="567"/>
<String CONTENT="Burdett" HEIGHT="51" WIDTH="246" VPOS="3143" HPOS="596"/>
<SP HEIGHT="46" WIDTH="26" VPOS="3148" HPOS="843"/>
<String CONTENT="and" HEIGHT="51" WIDTH="112" VPOS="3143" HPOS="870"/>
<SP HEIGHT="51" WIDTH="28" VPOS="3143" HPOS="983"/>
<String CONTENT="company" HEIGHT="49" WIDTH="274" VPOS="3160" HPOS="1012"/>
<SP HEIGHT="47" WIDTH="32" VPOS="3162" HPOS="1287"/>
<String CS="1" CONTENT="[c1934]" HEIGHT="63" WIDTH="190" VPOS="3146" HPOS="1320"/>
</TextLine>
<TextLine HEIGHT="50" WIDTH="1326" VPOS="3214" HPOS="253" CS="1">
<String CONTENT="ix," HEIGHT="46" WIDTH="63" VPOS="3217" HPOS="253"/>
<SP HEIGHT="46" WIDTH="27" VPOS="3217" HPOS="317"/>
<String CONTENT="406" HEIGHT="40" WIDTH="87" VPOS="3216" HPOS="345"/>
<SP HEIGHT="48" WIDTH="25" VPOS="3216" HPOS="433"/>
<String CONTENT="p." HEIGHT="36" WIDTH="41" VPOS="3228" HPOS="459"/>
<SP HEIGHT="40" WIDTH="29" VPOS="3216" HPOS="501"/>
<String CONTENT="incl." HEIGHT="39" WIDTH="108" VPOS="3216" HPOS="531"/>
<SP HEIGHT="39" WIDTH="27" VPOS="3216" HPOS="640"/>
<String CS="1" CONTENT="front." HEIGHT="39" WIDTH="134" VPOS="3216" HPOS="668"/>
<SP HEIGHT="47" WIDTH="29" VPOS="3215" HPOS="816"/>
<String CONTENT="(port.)" HEIGHT="47" WIDTH="169" VPOS="3215" HPOS="846"/>
<SP HEIGHT="46" WIDTH="38" VPOS="3215" HPOS="1016"/>
<String CONTENT="illus,." HEIGHT="43" WIDTH="139" VPOS="3214" HPOS="1055"/>
<SP HEIGHT="39" WIDTH="32" VPOS="3218" HPOS="1195"/>
<String CONTENT="diagrs." HEIGHT="46" WIDTH="177" VPOS="3217" HPOS="1228"/>
<SP HEIGHT="39" WIDTH="59" VPOS="3217" HPOS="1406"/>
<String CONTENT="19" HEIGHT="39" WIDTH="53" VPOS="3216" HPOS="1466"/>
<String STYLE="superscript" CONTENT="cm" HEIGHT="21" WIDTH="42" VPOS="3218" HPOS="1524"/>
<String CONTENT="." HEIGHT="6" WIDTH="7" VPOS="3250" HPOS="1572"/>
</TextLine>
<TextLine HEIGHT="48" WIDTH="1089" VPOS="3271" HPOS="257" CS="1">
<String CONTENT="&#8220;Helpful" HEIGHT="46" WIDTH="229" VPOS="3273" HPOS="257"/>
<SP HEIGHT="37" WIDTH="26" VPOS="3274" HPOS="487"/>
<String CONTENT="material" HEIGHT="39" WIDTH="225" VPOS="3272" HPOS="514"/>
<SP HEIGHT="39" WIDTH="26" VPOS="3272" HPOS="740"/>
<String CONTENT="for" HEIGHT="39" WIDTH="77" VPOS="3272" HPOS="767"/>
<SP HEIGHT="36" WIDTH="27" VPOS="3275" HPOS="845"/>
<String CS="1" CONTENT="teachers&#8221;:" HEIGHT="40" WIDTH="248" VPOS="3271" HPOS="873"/>
<SP HEIGHT="36" WIDTH="29" VPOS="3283" HPOS="1149"/>
<String CONTENT="p." HEIGHT="36" WIDTH="41" VPOS="3283" HPOS="1179"/>
<SP HEIGHT="39" WIDTH="27" VPOS="3273" HPOS="1221"/>
<String CONTENT="389." HEIGHT="40" WIDTH="97" VPOS="3273" HPOS="1249"/>
</TextLine>
<TextLine HEIGHT="50" WIDTH="988" VPOS="3326" HPOS="256" CS="1">
<String CONTENT="&#8220;Typical" HEIGHT="47" WIDTH="225" VPOS="3329" HPOS="256"/>
<SP HEIGHT="38" WIDTH="31" VPOS="3330" HPOS="482"/>
<String CS="1" CONTENT="examinations&#8221;:" HEIGHT="42" WIDTH="382" VPOS="3326" HPOS="514"/>
<SP HEIGHT="37" WIDTH="33" VPOS="3339" HPOS="925"/>
<String CONTENT="p." HEIGHT="37" WIDTH="39" VPOS="3339" HPOS="959"/>
<SP HEIGHT="39" WIDTH="32" VPOS="3328" HPOS="999"/>
<String CONTENT="390-402." HEIGHT="42" WIDTH="212" VPOS="3326" HPOS="1032"/>
</TextLine>
<TextLine HEIGHT="52" WIDTH="1980" VPOS="3383" HPOS="189" CS="1">
<String CONTENT="&#169;" HEIGHT="51" WIDTH="51" VPOS="3383" HPOS="189"/>
<SP HEIGHT="51" WIDTH="33" VPOS="3383" HPOS="241"/>
<String CONTENT="Apr." HEIGHT="47" WIDTH="110" VPOS="3388" HPOS="275"/>
<SP HEIGHT="37" WIDTH="35" VPOS="3387" HPOS="386"/>
<String CONTENT="14." HEIGHT="39" WIDTH="66" VPOS="3387" HPOS="422"/>
<SP HEIGHT="39" WIDTH="37" VPOS="3387" HPOS="489"/>
<String CONTENT="1934;" HEIGHT="40" WIDTH="137" VPOS="3386" HPOS="527"/>
<SP HEIGHT="40" WIDTH="36" VPOS="3386" HPOS="665"/>
<String CONTENT="2c." HEIGHT="39" WIDTH="64" VPOS="3386" HPOS="702"/>
<SP HEIGHT="37" WIDTH="36" VPOS="3386" HPOS="767"/>
<String CONTENT="Apr." HEIGHT="46" WIDTH="112" VPOS="3386" HPOS="804"/>
<SP HEIGHT="40" WIDTH="34" VPOS="3384" HPOS="917"/>
<String CONTENT="28;" HEIGHT="46" WIDTH="79" VPOS="3384" HPOS="952"/>
<SP HEIGHT="35" WIDTH="38" VPOS="3395" HPOS="1032"/>
<String CONTENT="aff." HEIGHT="40" WIDTH="80" VPOS="3384" HPOS="1071"/>
<SP HEIGHT="38" WIDTH="35" VPOS="3386" HPOS="1152"/>
<String CONTENT="Apr." HEIGHT="46" WIDTH="110" VPOS="3386" HPOS="1188"/>
<SP HEIGHT="39" WIDTH="34" VPOS="3387" HPOS="1299"/>
<String CONTENT="27;" HEIGHT="41" WIDTH="81" VPOS="3387" HPOS="1334"/>
<SP HEIGHT="40" WIDTH="38" VPOS="3388" HPOS="1416"/>
<!-- cceid BF54EA18-6C64-1014-8713-889FF4349C01 --><String CONTENT="A" HEIGHT="38" WIDTH="39" VPOS="3388" HPOS="1455"/>
<SP HEIGHT="39" WIDTH="35" VPOS="3388" HPOS="1495"/>
<String CONTENT="72239;" HEIGHT="40" WIDTH="168" VPOS="3387" HPOS="1531"/>
<SP HEIGHT="39" WIDTH="37" VPOS="3387" HPOS="1700"/>
<String CONTENT="A." HEIGHT="40" WIDTH="52" VPOS="3387" HPOS="1738"/>
<SP HEIGHT="41" WIDTH="37" VPOS="3386" HPOS="1791"/>
<String CS="1" CONTENT="Freilich" HEIGHT="40" WIDTH="211" VPOS="3385" HPOS="1829"/>
<SP HEIGHT="38" WIDTH="34" VPOS="3386" HPOS="2041"/>
<String CONTENT="and" HEIGHT="39" WIDTH="93" VPOS="3385" HPOS="2076"/>
</TextLine>
<TextLine HEIGHT="49" WIDTH="1915" VPOS="3441" HPOS="254">
<String CONTENT="Henry" HEIGHT="45" WIDTH="165" VPOS="3444" HPOS="254"/>
<SP HEIGHT="46" WIDTH="42" VPOS="3443" HPOS="420"/>
<String CONTENT="H." HEIGHT="38" WIDTH="58" VPOS="3443" HPOS="463"/>
<SP HEIGHT="39" WIDTH="46" VPOS="3442" HPOS="522"/>
<String CONTENT="Shanholt." HEIGHT="39" WIDTH="248" VPOS="3442" HPOS="569"/>
<SP HEIGHT="39" WIDTH="43" VPOS="3442" HPOS="818"/>
<String CONTENT="Brooklyn," HEIGHT="46" WIDTH="259" VPOS="3442" HPOS="862"/>
<SP HEIGHT="36" WIDTH="43" VPOS="3452" HPOS="1122"/>
<String CONTENT="and" HEIGHT="38" WIDTH="92" VPOS="3444" HPOS="1166"/>
<SP HEIGHT="38" WIDTH="43" VPOS="3444" HPOS="1259"/>
<String CONTENT="Joseph" HEIGHT="46" WIDTH="178" VPOS="3444" HPOS="1303"/>
<SP HEIGHT="38" WIDTH="42" VPOS="3444" HPOS="1482"/>
<String CONTENT="P." HEIGHT="39" WIDTH="50" VPOS="3444" HPOS="1525"/>
<SP HEIGHT="38" WIDTH="43" VPOS="3445" HPOS="1576"/>
<String CONTENT="McCormack," HEIGHT="45" WIDTH="328" VPOS="3443" HPOS="1620"/>
<SP HEIGHT="47" WIDTH="40" VPOS="3441" HPOS="1949"/>
<String CONTENT="Bronx," HEIGHT="44" WIDTH="179" VPOS="3441" HPOS="1990"/>
</TextLine>
<TextLine HEIGHT="48" WIDTH="479" VPOS="3497" HPOS="253">
<String CONTENT="N." HEIGHT="38" WIDTH="55" VPOS="3501" HPOS="253"/>
<SP HEIGHT="39" WIDTH="27" VPOS="3500" HPOS="309"/>
<String CONTENT="Y." HEIGHT="38" WIDTH="50" VPOS="3500" HPOS="337"/>
<SP HEIGHT="46" WIDTH="68" VPOS="3499" HPOS="388"/>
<String CONTENT="(34-11406)" HEIGHT="48" WIDTH="275" VPOS="3497" HPOS="457"/>
</TextLine>
<TextLine HEIGHT="146" WIDTH="1987" VPOS="3612" HPOS="183" STYLEREFS="StyleId-B88AA976-0607-48E3-98E2-4A980DC38E0F-" CS="1">
<String CONTENT="Plane" HEIGHT="52" WIDTH="178" VPOS="3615" HPOS="251"/>
<SP HEIGHT="47" WIDTH="31" VPOS="3619" HPOS="430"/>
<String CS="1" CONTENT="trigonometry," HEIGHT="70" WIDTH="428" VPOS="3612" HPOS="462"/>
<SP HEIGHT="63" WIDTH="32" VPOS="3615" HPOS="891"/>
<String CONTENT="by" HEIGHT="66" WIDTH="71" VPOS="3615" HPOS="924"/>
<SP HEIGHT="67" WIDTH="33" VPOS="3614" HPOS="996"/>
<String CONTENT="Aaron" HEIGHT="54" WIDTH="193" VPOS="3614" HPOS="1030"/>
<SP HEIGHT="51" WIDTH="34" VPOS="3617" HPOS="1224"/>
<String CS="1" CONTENT="Freilich" HEIGHT="52" WIDTH="244" VPOS="3616" HPOS="1259"/>
<SP HEIGHT="50" WIDTH="42" VPOS="3617" HPOS="1504"/>
<String CS="1" CONTENT="&#8230;"/>
<SP HEIGHT="51" WIDTH="38" VPOS="3615" HPOS="1602"/>
<String CS="1" CONTENT="Henry" HEIGHT="50" WIDTH="138" VPOS="3631" HPOS="1705"/>
<SP HEIGHT="66" WIDTH="30" VPOS="3615" HPOS="1844"/>
<String CONTENT="H." HEIGHT="51" WIDTH="76" VPOS="3615" HPOS="1875"/>
<SP HEIGHT="54" WIDTH="37" VPOS="3612" HPOS="1952"/>
<String CONTENT="Shanholt" HEIGHT="132" WIDTH="1964" VPOS="3612" HPOS="183"/>
<SP HEIGHT="46" WIDTH="39" VPOS="3697" HPOS="304"/>
<String CS="1" CONTENT="&#8230;"/>
<SP HEIGHT="33" WIDTH="46" VPOS="3724" HPOS="398"/>
<String CONTENT="[and]" HEIGHT="65" WIDTH="146" VPOS="3692" HPOS="445"/>
<SP HEIGHT="65" WIDTH="40" VPOS="3692" HPOS="592"/>
<String CONTENT="Joseph" HEIGHT="66" WIDTH="213" VPOS="3692" HPOS="633"/>
<SP HEIGHT="50" WIDTH="37" VPOS="3692" HPOS="847"/>
<String CONTENT="P." HEIGHT="49" WIDTH="63" VPOS="3693" HPOS="885"/>
<SP HEIGHT="50" WIDTH="36" VPOS="3693" HPOS="949"/>
<String CONTENT="McCormack" HEIGHT="54" WIDTH="374" VPOS="3691" HPOS="986"/>
<SP HEIGHT="50" WIDTH="40" VPOS="3694" HPOS="1361"/>
<String CS="1" CONTENT="&#8230;"/>
<SP HEIGHT="50" WIDTH="79" VPOS="3694" HPOS="1456"/>
<String CONTENT="New" HEIGHT="50" WIDTH="137" VPOS="3694" HPOS="1536"/>
<SP HEIGHT="51" WIDTH="36" VPOS="3693" HPOS="1674"/>
<String CONTENT="York," HEIGHT="63" WIDTH="179" VPOS="3692" HPOS="1711"/>
<SP HEIGHT="64" WIDTH="33" VPOS="3691" HPOS="1891"/>
<String CONTENT="Newark" HEIGHT="54" WIDTH="245" VPOS="3688" HPOS="1925"/>
</TextLine>
<TextLine HEIGHT="69" WIDTH="1310" VPOS="3768" HPOS="204" STYLEREFS="StyleId-B88AA976-0607-48E3-98E2-4A980DC38E0F-" CS="1">
<String CS="1" CONTENT="[etc.]" HEIGHT="60" WIDTH="117" VPOS="3774" HPOS="204"/>
<SP HEIGHT="66" WIDTH="38" VPOS="3768" HPOS="322"/>
<String CONTENT="Silver," HEIGHT="57" WIDTH="202" VPOS="3768" HPOS="361"/>
<SP HEIGHT="56" WIDTH="29" VPOS="3769" HPOS="564"/>
<String CONTENT="Burdett" HEIGHT="52" WIDTH="242" VPOS="3768" HPOS="594"/>
<SP HEIGHT="47" WIDTH="31" VPOS="3773" HPOS="837"/>
<String CONTENT="and" HEIGHT="51" WIDTH="110" VPOS="3770" HPOS="869"/>
<SP HEIGHT="51" WIDTH="30" VPOS="3770" HPOS="980"/>
<String CONTENT="company" HEIGHT="49" WIDTH="276" VPOS="3788" HPOS="1011"/>
<SP HEIGHT="61" WIDTH="35" VPOS="3776" HPOS="1288"/>
<String CS="1" CONTENT="[c1934]" HEIGHT="62" WIDTH="150" VPOS="3774" HPOS="1364"/>
</TextLine>
<TextLine HEIGHT="51" WIDTH="1366" VPOS="3840" HPOS="251" CS="1">
<String CONTENT="ix," HEIGHT="47" WIDTH="62" VPOS="3841" HPOS="251"/>
<SP HEIGHT="46" WIDTH="25" VPOS="3842" HPOS="314"/>
<String CONTENT="293" HEIGHT="41" WIDTH="84" VPOS="3840" HPOS="340"/>
<SP HEIGHT="47" WIDTH="25" VPOS="3842" HPOS="425"/>
<String CONTENT="p." HEIGHT="36" WIDTH="41" VPOS="3853" HPOS="451"/>
<SP HEIGHT="40" WIDTH="25" VPOS="3841" HPOS="493"/>
<String CONTENT="incl." HEIGHT="39" WIDTH="109" VPOS="3841" HPOS="519"/>
<SP HEIGHT="38" WIDTH="26" VPOS="3842" HPOS="629"/>
<String CS="1" CONTENT="front." HEIGHT="38" WIDTH="134" VPOS="3842" HPOS="656"/>
<SP HEIGHT="47" WIDTH="28" VPOS="3841" HPOS="804"/>
<String CONTENT="(port.)" HEIGHT="47" WIDTH="170" VPOS="3841" HPOS="833"/>
<SP HEIGHT="42" WIDTH="36" VPOS="3842" HPOS="1004"/>
<String CONTENT="1" HEIGHT="37" WIDTH="23" VPOS="3844" HPOS="1041"/>
<SP HEIGHT="38" WIDTH="29" VPOS="3843" HPOS="1065"/>
<String CONTENT="illus.," HEIGHT="45" WIDTH="139" VPOS="3842" HPOS="1095"/>
<SP HEIGHT="42" WIDTH="28" VPOS="3845" HPOS="1235"/>
<String CONTENT="diagrs." HEIGHT="46" WIDTH="176" VPOS="3845" HPOS="1264"/>
<SP HEIGHT="37" WIDTH="60" VPOS="3845" HPOS="1441"/>
<String CONTENT="19" HEIGHT="39" WIDTH="53" VPOS="3843" HPOS="1502"/>
<String STYLE="superscript" CONTENT="cm" HEIGHT="20" WIDTH="41" VPOS="3846" HPOS="1560"/>
<String CONTENT="." HEIGHT="5" WIDTH="8" VPOS="3877" HPOS="1609"/>
</TextLine>
<TextLine HEIGHT="50" WIDTH="1090" VPOS="3897" HPOS="252" CS="1">
<String CONTENT="&#8220;Helpful" HEIGHT="47" WIDTH="229" VPOS="3898" HPOS="252"/>
<SP HEIGHT="37" WIDTH="27" VPOS="3899" HPOS="482"/>
<String CONTENT="material" HEIGHT="39" WIDTH="225" VPOS="3897" HPOS="510"/>
<SP HEIGHT="38" WIDTH="24" VPOS="3898" HPOS="736"/>
<String CONTENT="for" HEIGHT="39" WIDTH="78" VPOS="3898" HPOS="761"/>
<SP HEIGHT="37" WIDTH="27" VPOS="3901" HPOS="840"/>
<String CS="1" CONTENT="teachers&#8221;:" HEIGHT="41" WIDTH="247" VPOS="3897" HPOS="868"/>
<SP HEIGHT="36" WIDTH="30" VPOS="3911" HPOS="1144"/>
<String CONTENT="p." HEIGHT="36" WIDTH="40" VPOS="3911" HPOS="1175"/>
<SP HEIGHT="39" WIDTH="27" VPOS="3900" HPOS="1216"/>
<String CONTENT="262." HEIGHT="39" WIDTH="98" VPOS="3900" HPOS="1244"/>
</TextLine>
</TextBlock>
</PrintSpace>
</Page>
</Layout>
</alto>