2350 4196
1068 3995 132 51 1833

160 359 200 66 Little,
389 363 201 64 Harry
616 363 218 65 Albner,
865 369 170 49 1900-

235 436 290 55 Potential
571 440 309 53 economies
925 439 60 52 in
1031 439 94 53 the
1170 436 453 69 reorganization
1671 437 65 53 of
1778 437 146 53 local
1970 436 188 53 school

166 513 1990 72 attendance units, by Harry A. Little … New York city,
163 590 277 55 Teachers
473 592 226 69 college,
735 592 298 55 Columbia
1064 592 332 69 university,
1431 594 152 52 1934.

163 661 1976 108 vi, 78 p. diagrs. 23½cm. (Teachers college, Columbia university. Contributions to education, no. 628)
234 775 172 40 Issued
429 776 103 40 also
556 787 55 30 as
634 778 154 40 thesis
820 778 108 47 (PH.
984 780 34 46 D.)
1052 778 249 41 Columbia
1326 779 285 47 university.

232 832 350 49 Bibliography
600 845 9 29 :
641 845 42 37 p.
716 834 157 41 74-78.

162 888 51 51 ©
239 892 100 40 Oct.
363 892 68 48 19,
456 892 114 41 1934;
621 893 64 41 2c.
711 895 109 39 Dec.
846 894 58 40 19;
955 893 80 41 aff.
1061 895 110 39 Dec.
1194 893 54 39 21;
1302 894 41 39 A
1365 894 147 40 77772;
1563 895 59 38 H.
1648 895 53 38 A.
1727 894 162 41 Little.
230 894 1911 102 Milledgeville,

387 949 82 40 Ga.
542 951 250 48 (35-1365)

162 1022 265 67 Lockett,
458 1025 253 54 William
740 1028 246 63 George.

229 1101 1929 70 Robert Louis Stevenson at Davos, by W. G. Lockett … with
159 1180 65 52 28
257 1178 399 55 illustrations.
725 1181 258 66 London,
1017 1181 186 53 Hurst
1236 1184 46 51 &
1314 1181 282 66 Blackett,
1629 1181 105 54 ltd.
1794 1183 153 64 [1934]

228 1249 1222 53 2 p. l., 7-304 p. front., plates, ports. 22½cm.
233 1305 135 42 “List
413 1307 52 41 of
507 1308 214 42 exhibits
764 1310 50 39 in
859 1311 83 40 the
984 1320 219 30 museum
1247 1311 54 39 at
1344 1311 83 40 the
1472 1311 182 40 Robert
1699 1310 145 41 Louis
1893 1310 264 42 Stevenson

158 1364 253 41 memorial
442 1366 177 41 house”
638 1377 9 29 :
681 1378 44 37 p.
756 1365 217 42 289-291.

231 1419 276 51 “Principal
537 1423 293 41 authorities
861 1422 278 41 consulted”
1159 1433 9 29 :
1199 1435 44 37 p.
1272 1421 218 43 293-295.

164 1476 51 51 ©
251 1480 66 39 1c.
355 1480 111 40 Dec.
506 1479 68 48 22,
612 1479 140 48 1934;
791 1480 43 39 A
867 1482 61 38 ad
964 1480 86 39 int.
1088 1479 170 48 19811;
1297 1481 141 47 pubd.
1479 1480 100 41 Oct.
1619 1480 83 48 26;
1741 1482 70 40 W.
1853 1481 50 40 G.
1943 1481 215 47 Lockett,

229 1538 163 39 Davos
425 1538 151 46 Platz,
611 1537 333 41 Switzerland.
1017 1536 248 49 (35-1393)

159 1599 385 65 Macfarlane,
570 1600 221 65 James,
823 1601 171 54 1875-

237 1673 198 56 Cruise
475 1674 63 53 of
574 1674 279 54 mistaken
891 1693 155 48 men;
1086 1694 81 49 or,
1204 1674 299 54 Ambition
1540 1674 256 69 destroys
1835 1675 325 69 happiness,

165 1770 29 33 a
232 1751 199 56 trailer
468 1759 175 62 story,
677 1753 111 52 and
826 1752 294 54 anecdotes
1155 1752 63 54 of
1255 1770 31 33 a
1323 1752 413 69 ventriloquist,
1772 1753 76 68 by
1882 1752 275 55 ‘Senator’

163 1829 121 54 Jim
341 1830 375 53 Macfarlane.
808 1830 308 68 Towanda,
1175 1830 118 69 Pa.,
1350 1830 418 68 Ventriloquist
1825 1830 336 70 publishing

163 1925 278 51 company
476 1910 172 66 [1934]

229 1982 57 40 40
315 1994 44 37 p.
416 1982 116 41 21cm.

163 2036 51 51 ©
244 2040 99 40 Oct.
372 2039 69 48 10,
469 2038 141 48 1934;
640 2039 64 40 2c.
733 2041 95 38 and
856 2038 80 41 aff.
967 2039 101 41 Oct.
1097 2039 82 48 16;
1208 2040 43 39 A
1277 2039 142 41 75795;
1478 2041 42 39 J.
1552 2041 319 48 Macfarlane,
1898 2042 261 47 Towanda,

230 2097 80 39 Pa.
384 2097 250 47 (35-1613)

162 2158 367 66 [McKinney,
561 2156 255 57 William
848 2159 190 66 Mark,
1079 2164 170 49 1865-
1460 2160 84 53 ed.

338 2236 1822 69 … New California digest. Supplement, 1933, for volume
161 2314 1926 63 1-26 … San Francisco, Bancroft-Whitney company, 1933.
229 2388 58 40 26
314 2400 39 28 V.
415 2389 115 39 25cm.

230 2446 158 40 These
415 2446 273 47 pamphlets
721 2455 83 29 are
835 2447 48 37 to
914 2446 56 38 be
1000 2445 139 39 fitted
1171 2445 99 40 into
1304 2446 81 39 the
1416 2446 196 47 pockets
1645 2448 51 37 at
1728 2446 82 39 the
1840 2446 122 39 back
1992 2446 53 39 of
2078 2446 81 41 the

159 2505 216 38 volumes
401 2502 51 41 of
477 2503 82 40 the
585 2504 76 38 set
686 2504 47 38 to
761 2502 158 39 which
945 2503 115 46 they
1086 2503 180 47 belong.

164 2556 51 51 ©
249 2561 109 38 Dec.
398 2560 69 47 28,
502 2558 141 48 1933;
681 2559 65 39 2c.
784 2560 118 39 each
937 2560 95 38 and
1067 2557 80 41 aff.
1186 2559 107 39 Jan.
1331 2560 69 47 11,
1437 2558 141 48 1934;
1618 2560 43 38 A
1694 2558 169 47 68819;
229 2559 1915 105 Bancroft-Whitney

484 2627 64 29 co.
1919 2614 148 42 11796

160 2678 331 65 Maldague,
521 2678 278 64 Georges.

323 2753 1831 70 … Les chevaliers de l’amour. Paris, A. F ayard et cie, c1934.
229 2827 87 41 256
344 2839 42 37 p.
449 2828 116 39 19cm.
635 2827 89 47 (Le
754 2827 125 40 livre
905 2827 264 47 populaire.
1233 2827 141 49 [300])

162 2883 1996 51 © Jan. 15, 1934; 1c . July 24; A-Foreign 25600; Arthème Fayard & cie.
240 2937 250 55 (35-1629)

155 3005 199 65 Many,
379 3004 223 65 Victor,
633 3009 324 50 1850-1928.

227 3082 256 53 Marvels
511 3081 66 53 of
606 3099 166 50 grace
828 3082 93 66 [by]
960 3081 203 54 Victor
1193 3081 196 67 Many,
1423 3099 40 36 s.
1499 3100 41 35 s.;
1608 3080 334 54 authorized
159 3086 1978 127 translation
373 3161 76 66 by
484 3160 138 52 Rev.
657 3159 306 52 Albert-D.
999 3160 223 66 Talbot,
1289 3202 10 10 S.
1366 3202 10 10 S.;
1443 3159 142 53 with
1621 3182 31 33 a
1689 3158 234 68 preface
1953 3157 77 68 by
2063 3158 100 53 the

158 3235 2004 68 Most Reverend G. Gauthier … and a foreword by the Most
159 3312 2004 69 Reverend Gerald Shaughnessy … Milwaukee, The Bruce
154 3391 338 68 publishing
518 3408 281 50 company
832 3393 175 64 [c1934]

223 3474 76 38 XV,
327 3464 56 41 83
410 3475 45 37 p.
513 3462 118 41 21cm.

160 3519 51 51 ©
242 3524 110 39 Dec.
383 3523 39 46 3,
453 3521 140 47 1934;
623 3520 67 41 2c.
722 3522 95 38 and
847 3521 81 40 aff.
957 3522 110 39 Dec.
1099 3522 55 39 17;
1212 3522 44 43 A
1282 3521 170 47 77668;
1485 3522 160 39 Bruce
1671 3521 107 48 pub.
1811 3531 64 30 co.

237 3578 249 49 (35-1383)

156 3639 187 66 Marx,
373 3640 163 64 Karl,
569 3643 324 51 1818-1883.

319 3713 1831 70 … Morceaux choisis; introduction par Henri Lefebvre et N.
153 3793 374 55 Gutermann.
587 3792 172 52 Marx
784 3792 356 69 philosophe,
1165 3811 107 50 par
1295 3792 66 54 P.
1390 3793 72 52 Y.
1490 3792 203 54 Nizan.
1756 3792 172 53 Marx
153 3792 1973 145 économiste,
359 3889 107 50 par
488 3870 56 54 J.
572 3870 200 53 Duret.
834 3870 186 68 Paris,
1047 3869 325 55 Gallimard
1404 3872 172 65 [1934]
