2350 4296
1101 3996 98 54 857

158 357 313 55 American
504 357 283 64 academy
820 357 63 51 of
914 358 355 61 optometry.

229 429 1869 76 Report of the transactions of the twelfth annual meeting …
159 514 130 53 held
323 519 56 47 at
410 512 332 69 Baltimore,
773 511 327 69 Maryland,
1132 511 323 67 December,
1491 512 150 51 1933.
1716 509 176 67 [First
1924 509 231 54 edition.

157 591 242 54 Volume
551 632 9 9 VIII.
642 589 403 70 Minneapolis,
1088 589 200 68 Minn.,
1334 589 240 53 Printed
1619 589 72 66 by
1737 590 124 50 The
1903 587 253 54 Elander

157 670 265 68 printing
449 688 97 48 co.,
578 672 158 50 c1934]

230 740 1049 53 4 p. l., 11-206 p. illus., diagrs. 23½cm.
165 811 50 53 ©
252 816 126 39 June
411 814 68 48 30,
515 814 140 46 1934;
693 813 66 42 2c.
796 813 118 47 July
947 813 24 40 6;
1034 811 52 41 aff.
1152 813 117 47 Aug.
1306 813 51 46 1;
1396 812 41 38 A
1472 810 170 48 73681;
1681 811 156 39 Amer.
1874 811 197 47 journal
2107 812 52 40 of

231 873 284 47 optometry,
550 871 334 49 Minneapolis.

156 990 316 54 American
510 991 142 53 Clan
691 990 224 64 Gregor
953 989 241 63 society.

230 1060 1925 80 Year book … containing the proceedings of the twenty-
156 1145 199 53 fourth
395 1147 209 51 annual
641 1145 306 69 gathering
990 1147 170 64 [1933]
1239 1143 340 69 Richmond,
1615 1145 123 53 Va.,
1775 1144 120 52 The
158 1145 1971 133 American

292 1225 144 54 Clan
466 1224 221 69 Gregor
717 1224 209 67 society
961 1225 191 65 [c1934]

231 1300 53 39 71
312 1309 57 37 p.,
399 1299 24 38 1
474 1330 6 7 l.
538 1300 147 45 ports.
742 1298 116 41 23cm.

233 1354 155 41 “John
418 1353 165 42 Bowie
613 1354 365 49 Ferneyhough,
1008 1352 200 43 editor.”

166 1416 1991 62 © July 30, 1934; 2c. and aff. Aug. 1; A 73680; John Bowie Ferneyhough,
232 1481 281 43 Richmond.

158 1601 328 67 Anderson,
518 1601 335 56 Frederick.

232 1681 54 52 A
320 1679 215 68 primer
572 1679 63 52 of
671 1696 261 36 romance
968 1676 296 71 philology
1299 1677 60 55 in
1397 1679 96 52 the
1529 1677 152 54 form
1717 1677 64 53 of
1818 1696 30 35 a
1885 1678 270 68 syllabus,

160 1753 1570 77 by Frederick Anderson … Stanford University,
1762 1756 194 69 Calif.,
163 1757 1965 133 Stanford
326 1834 318 71 university
674 1853 156 50 press
864 1839 193 65 [c1934]

230 1911 55 40 15
314 1921 44 38 p.
410 1909 118 41 23cm.

234 1981 236 41 “Revised
502 1980 226 41 edition.”

232 2038 260 42 Published
540 2038 112 40 1933
701 2039 153 40 under
901 2036 135 41 title:
1087 2038 38 37 A
1174 2036 216 46 syllabus
1438 2037 77 40 for
1564 2039 222 40 students
1836 2038 50 40 of
1936 2048 221 31 romance

160 2096 258 49 philology.

229 2152 349 50 Bibliography:
637 2163 42 37 p.
709 2152 39 40 2.

164 2212 1994 63 © June 23, 1934; 2c. June 30; aff. July 3; A 73283; Board of trustees
235 2281 50 39 of
332 2282 81 39 the
461 2280 182 41 Leland
693 2279 236 42 Stanford
974 2278 164 47 junior
1186 2279 143 47 univ.,
1383 2278 234 41 Stanford
1667 2279 295 49 University,
2013 2279 144 41 Calif.

233 2337 279 50 [Copyright
539 2338 41 39 is
608 2335 205 42 claimed
841 2348 58 28 on
928 2347 108 28 new
1061 2338 191 47 matter]
1327 2335 279 51 (34-19311)

157 2454 375 55 Association
567 2455 96 52 for
697 2454 278 54 research
1011 2454 59 52 in
1104 2470 256 38 nervous
1394 2455 114 52 and
1545 2456 222 53 mental
1805 2456 248 54 disease.

161 2525 1972 154 … Localization of function in the cerebral cortex; an investigation
529 2607 64 54 of
616 2607 98 53 the
733 2613 150 48 most
905 2612 188 49 recent
1120 2607 277 55 advances;
1454 2608 94 53 the
1579 2609 367 71 proceedings
1973 2609 63 54 of
2062 2610 97 54 the

161 2678 1994 83 Association, New York, December 28th and 29th, 1932 … with
164 2763 94 54 171
296 2764 382 54 illustrations
718 2764 113 54 and
874 2766 63 49 10
974 2763 196 54 tables.
1247 2764 336 69 Baltimore,
1623 2766 119 52 The
1784 2766 289 55 Williams
2114 2769 44 50 &

159 2843 250 54 Wilkins
436 2860 297 51 company,
763 2844 148 50 1934.

232 2916 98 43 xxi,
364 2916 84 40 667
481 2925 43 38 p.
588 2915 142 48 illus.,
765 2914 156 41 tables
950 2914 49 48 (2
1033 2914 142 50 fold.)
1219 2913 178 49 diagrs.
1461 2913 147 43 23½cm.
1680 2916 96 49 (Its
1812 2915 160 45 Series
2008 2919 52 39 of
159 2929 1985 83 research

356 2969 792 53 publications, vol. XIII [1932])
234 3027 133 41 “List
398 3028 52 39 of
481 3025 264 43 members”:
808 3035 43 38 p.
885 3024 215 43 657-667.

231 3081 346 51 Bibliography
604 3085 52 38 at
682 3084 92 40 end
801 3082 53 40 of
878 3085 124 38 most
1029 3082 52 41 of
1105 3083 81 40 the
1211 3082 241 50 chapters.

164 3151 50 53 ©
253 3157 110 46 Apr.
405 3155 39 47 6,
483 3154 140 46 1934;
664 3154 67 39 2c.
770 3154 110 47 Apr.
922 3153 82 46 18;
1046 3153 81 40 aff.
1166 3153 110 49 Apr.
1318 3156 81 46 14;
1442 3157 41 38 A
1521 3156 170 50 72082;
1732 3158 310 43 Association
2080 3161 78 41 for

230 3213 225 40 research
481 3211 49 40 in
556 3219 209 32 nervous
792 3211 94 38 and
914 3211 183 39 mental
1124 3209 202 51 disease,
1353 3213 117 39 New
1497 3214 144 42 York.

245 3268 249 50 (34-9854)

156 3385 267 68 Barclay,
452 3388 191 53 Lorne
672 3384 292 64 Webster,
998 3388 170 51 1885-
1378 3390 85 52 ed.

230 3467 120 52 The
389 3471 157 49 scout
588 3463 206 67 circus;
837 3482 31 33 a
907 3466 230 52 manual
1176 3468 63 52 of
1277 3465 344 74 inter-troop
1661 3470 494 67 demonstrations,

163 3537 1993 88 edited by Lorne W. Barclay … [New York] Boy scouts of
162 3621 280 68 America,
468 3625 172 50 c1934.

231 3697 81 48 vii,
356 3697 71 49 [1],
468 3694 144 41 9-192
651 3704 43 37 p.
764 3693 143 48 illus.,
948 3691 179 49 diagrs.
1192 3694 56 41 20½cm.
1418 3699 100 43 (On
1556 3709 164 35 cover:
1758 3703 105 49 Boy
1904 3707 164 41 scouts
2108 3707 53 41 of

164 3754 232 40 America.
456 3751 191 42 Service
673 3749 203 49 library,
930 3762 76 28 no.
1033 3750 140 49 3133)

230 3809 350 48 Bibliography:
640 3818 41 36 p.
714 3805 213 42 189-190.

166 3878 49 53 ©
252 3883 115 47 May
402 3882 68 45 11,
507 3879 116 40 1934;
685 3878 67 40 2c.
790 3877 127 39 June
953 3877 81 45 14;
1074 3877 80 41 aff.
1193 3880 126 40 June
1356 3882 80 45 15;
1476 3884 43 37 A
1553 3885 172 50 72809;
1766 3889 107 45 Boy
1912 3893 163 40 scouts
2112 3893 51 40 of

230 3938 234 41 America.
537 3933 279 50 (34-19298)
