2350 4196
1095 4016 132 51 1413

176 355 319 66 Schwartz,
528 357 222 53 Isidore
781 356 285 65 Adolphe,
1101 359 170 49 1891-

247 431 1925 71 French grammar review, by I. A. Schwartz … Rev. ed.
175 511 136 52 New
343 510 179 69 York,
555 511 270 69 Chicago,
854 512 310 65 Harcourt,
1195 511 180 51 Brace
1408 510 113 53 and
1553 528 298 51 company,
1885 512 149 51 1934.

244 583 24 39 2
292 594 44 37 p.
400 617 8 8 l..
439 585 134 38 iii-vi
600 594 58 39 p.,
684 585 25 38 1
773 615 7 16 l.,
809 584 85 40 275
922 594 42 37 p.
1025 584 162 46 front.,
1216 583 25 38 1
1271 582 115 40 illus
1407 613 7 15 ,
1444 583 170 46 plates,
1645 593 124 37 map.
1830 582 56 40 20½
1918 584 45 22 cm
1968 615 7 8 .

181 639 50 51 ©
266 643 100 40 Oct.
400 643 67 39 20.
501 643 139 41 1934:
674 644 67 40 2c.
776 644 94 38 and
903 642 79 40 aff.
1016 643 100 40 Oct.
1150 641 80 41 24:
1264 642 40 38 A
1336 641 168 41 76709:
1540 642 261 47 Harcourt,
1834 643 153 39 Brace
2021 643 36 39 &
2088 651 83 38 co.,

246 701 89 40 inc.
408 700 278 47 (34-35070)

176 804 304 64 Seymour,
512 805 139 52 Mrs.
683 803 271 54 Beatrice
986 804 166 52 Kean
1184 802 369 65 (Stapleton)

304 878 1868 71 … Interlude for Sally; being some further chapters in the
178 960 98 53 life
312 960 63 53 of
411 959 160 68 Sally
608 960 193 52 Dunn.
876 959 139 54 New
1053 959 179 66 York,
1267 958 71 52 A.
1376 958 71 52 A.
1484 958 226 68 Knopf,
1749 962 149 49 1934.

276 1031 675 54 6 p. l., 3-370, [2] p. 19½ cm .
250 1091 61 39 At
339 1090 122 39 head
491 1090 51 39 of
571 1090 134 39 title:
740 1091 224 39 Beatrice
991 1089 136 39 Kean
1161 1088 245 47 Seymour.

278 1146 132 39 “First
440 1146 255 40 American
725 1146 225 40 edition.”

179 1200 50 51 ©
261 1205 100 40 Oct.
390 1204 67 40 22.
489 1204 139 42 1934:
659 1205 65 38 2c.
756 1204 93 40 and
880 1203 80 41 aff.
990 1204 99 39 Oct.
1121 1203 79 39 24:
1232 1203 40 38 A
1301 1201 170 48 75918;
1506 1203 52 38 B.
1588 1203 59 39 K.
1682 1203 245 48 Seymour,
1960 1203 208 40 London.

255 1261 278 49 (34-35097)

242 1352 207 65 [Simson,
484 1351 246 56 William
765 1353 327 66 Raymond]
1131 1353 169 53 1872-
1513 1352 84 52 ed.

306 1430 1708 67 … 1934 cumulative supplement, 1932-1934, to Bender’s
176 1448 1972 190 consolidated statutory index, vols. 1-4 … Albany, N. Y., Matthew
354 1587 226 51 Bender
610 1590 44 49 &
682 1603 297 50 company,
1006 1586 419 68 incorporated,
1457 1588 149 50 1934.

246 1661 27 38 4
304 1672 40 28 v.
402 1659 54 40 25
461 1661 13 21 cm
511 1693 6 6 .

249 1718 153 39 These
431 1718 275 46 pamphlets
737 1728 85 29 are
854 1721 50 36 to
932 1717 55 39 be
1017 1716 139 40 fitted
1186 1716 103 40 into
1322 1718 81 38 the
1435 1717 196 46 pockets
1666 1720 49 36 at
1747 1719 81 38 the
1858 1718 120 40 hack
2010 1720 51 40 of
2092 1720 82 39 the

177 1776 214 38 volumes
417 1775 50 39 of
498 1776 80 38 the
608 1777 72 36 set
711 1777 44 37 to
784 1774 158 40 which
972 1775 114 46 they
1115 1774 182 47 belong.

180 1829 50 51 ©
255 1833 116 39 Nov.
399 1834 67 40 12.
493 1833 139 39 1934:
662 1832 65 38 2c.
756 1833 117 37 each
901 1833 95 38 and
1023 1831 81 41 aff.
1132 1832 115 39 Nov.
1276 1832 81 45 13;
1389 1832 39 37 A
1457 1831 169 42 77212;
1657 1832 234 40 Matthew
1920 1834 190 39 Bender
2137 1834 38 39 &

247 1901 79 31 co.,
356 1889 89 40 inc.

176 1977 267 66 Sinclair,
471 1980 200 63 Upton
699 1978 180 64 Beall,
910 1981 171 51 1878-

243 2056 1927 69 The EPIC plan for California, by Upton Sinclair. [New
177 2134 177 68 York,
383 2137 215 51 Farrar
626 2139 44 49 &
697 2134 298 58 Rinehart,
1023 2135 126 67 inc.,
1177 2142 17 20 c
1200 2139 151 63 1934]

250 2195 915 61 2 p. l. , 64, 31, [1], 64, 35 p. 20½ cm .
251 2266 100 40 The
383 2266 115 38 four
529 2266 287 46 pamphlets,
850 2266 113 39 here
996 2265 237 47 included,
1268 2266 264 39 constitute
1566 2265 256 39 literature
1856 2275 60 29 on
1948 2266 80 38 the
2063 2266 110 47 plan

183 2324 47 37 to
257 2321 107 41 End
392 2325 201 44 poverty
621 2323 48 38 in
698 2321 286 41 California.
1046 2322 102 39 The
1175 2321 105 40 first
1308 2323 52 39 of
1388 2323 136 39 these
1553 2332 101 30 was
1683 2323 162 39 issued
1878 2322 48 38 in
1956 2322 218 45 October,

181 2377 113 41 1933
325 2380 95 38 and
450 2380 81 38 the
561 2379 98 40 last
689 2379 46 39 in
772 2379 290 47 September,
1094 2378 125 41 1934.
1283 2380 59 46 of.
1372 2379 59 42 2d
1460 2380 185 47 prelim,
1676 2379 112 40 leaf.

246 2433 24 17 “EPIC
410 2435 411 48 headquarters”:
853 2446 42 37 p.
925 2436 157 40 62-63.

513 2493 108 47 CONTENTS.—I,
649 2503 235 37 governor
911 2493 51 39 of
989 2492 347 42 California.—EPIC
1472 2494 393 40 answers.—The
1894 2494 62 39 lie
1985 2494 189 47 factory

174 2549 519 41 starts.—Immediate
835 2582 7 7 EPIC.

180 2601 50 51 ©
258 2606 100 40 Oct.
384 2608 68 45 22,
480 2607 139 40 1934:
648 2606 64 40 2c.
742 2607 98 40 Oct.
868 2608 81 41 25;
980 2608 80 40 aff.
1089 2608 98 40 Oct.
1215 2610 53 38 23
1289 2620 6 27 :
1326 2609 40 38 A
1391 2608 168 42 75915;
1591 2609 160 47 Upton
1779 2607 220 43 Sinclair,
247 2609 1906 94 Pasadena.
456 2663 280 49 (34-35297)

171 2752 392 67 Singmaster,
598 2754 176 62 Elsie,
812 2759 165 48 1879-

243 2832 120 52 The
403 2832 187 67 magic
631 2833 237 57 mirror;
914 2852 31 33 a
988 2835 164 50 novel
1194 2834 73 67 by
1313 2834 155 53 Elsie
1513 2834 370 68 Singmaster.
1960 2837 211 51 Boston

174 2910 110 52 and
313 2909 138 53 New
483 2909 179 60 York,
691 2909 318 69 Houghton
1040 2911 198 52 Mifflin
1271 2930 297 50 company,
1599 2915 149 49 1934.

244 2982 436 48 x. 284 p. 19½ cm .
181 3035 50 51 ©
267 3039 101 41 Oct.
404 3039 68 42 19.
508 3039 140 41 1934:
684 3041 66 40 2c.
788 3040 101 40 Oct.
923 3041 81 39 26:
1045 3041 80 41 aff.
1162 3041 100 42 Oct.
1299 3043 80 40 25:
1419 3043 39 38 A
1496 3042 167 40 75940:
1704 3043 130 40 Elsie
1874 3042 300 47 Singmaster

247 3097 208 40 Lewars.
489 3097 307 47 Gettysburg.
828 3098 81 38 Pa.
982 3097 278 49 (34-34974)

177 3189 278 65 Spender,
484 3189 278 65 Stephen.

247 3264 1930 66 Poems, by Stephen Spender. New York, Random house,
178 3344 147 52 1934.

242 3412 56 43 68
329 3425 43 38 p.
432 3414 57 41 23½
522 3417 45 22 cm
571 3447 8 8 .

184 3467 52 52 ©
268 3473 124 48 Sept.
425 3475 67 38 17.
526 3474 139 45 1934;
701 3473 65 41 2c.
801 3475 126 47 Sept.
960 3474 80 41 26:
1076 3475 80 40 aff.
1192 3477 126 47 Sept.
1350 3477 55 39 20
1424 3487 7 30 ;
1468 3478 38 38 A
1540 3476 167 40 75902:
1744 3477 199 39 Modern
1973 3477 200 45 library,

248 3529 1924 52 inc., New York. [Copyright is claimed on new poems by Steuben
251 3586 227 50 Spender]
552 3587 279 48 (34-35674)

178 3676 219 65 Staley,
425 3677 256 55 William
712 3680 63 54 L.

245 3754 1930 73 Life processes, by William L. Staley … [New York city.
176 3832 117 54 The
321 3833 225 68 author,
595 3835 151 67 c1934]

246 3904 86 41 350
360 3916 42 39 p.
463 3905 143 43 illus..
635 3906 117 42 fold,
854 3940 7 15 pl.,
893 3907 178 48 diagrs.
1133 3908 50 40 21
1190 3911 13 20 cm
1239 3943 7 6 .
