<alto xmlns="http://www.loc.gov/standards/alto/ns-v3#" xmlns:xsi="http://www.w3.org/2001/XMLSchema-instance" xsi:schemaLocation="http://www.loc.gov/standards/alto/ns-v3# http://www.loc.gov/alto/v3/alto-3-0.xsd"><Description>
<MeasurementUnit>pixel</MeasurementUnit>
<sourceImageInformation>
<fileName>1934_v1_Part1.pdf</fileName>
</sourceImageInformation>
<OCRProcessing ID="IdOcr">
<ocrProcessingStep>
<processingDateTime>2019-01-10</processingDateTime>
<processingSoftware>
<softwareCreator>ABBYY</softwareCreator>
<softwareName>ABBYY Recognition Server</softwareName>
<softwareVersion>4.0</softwareVersion>
</processingSoftware>
</ocrProcessingStep>
</OCRProcessing>
</Description>
<Styles>
<ParagraphStyle ALIGN="Left" FIRSTLINE="0." ID="StyleId-FFFFFFFF-FFFF-FFFF-FFFF-FFFFFFFFFFFF-" LEFT="0." RIGHT="0." />
<ParagraphStyle ALIGN="Right" FIRSTLINE="0." ID="StyleId-521E1FC6-FE7E-43A4-90E6-A9B61626A263-" LEFT="0." LINESPACE="13.30000019" RIGHT="0." />
<ParagraphStyle ALIGN="Left" FIRSTLINE="-27." ID="StyleId-639B624E-F6F5-47B6-BB1D-34E64B53022F-" LEFT="0." LINESPACE="13.43999958" RIGHT="0." />
<ParagraphStyle ALIGN="Left" FIRSTLINE="0." ID="StyleId-100905F9-D385-406B-A5BD-ED5B8FD85431-" LEFT="0." RIGHT="0." />
<ParagraphStyle ALIGN="Left" FIRSTLINE="-27." ID="StyleId-7C9F9BA2-EF3A-4B7F-8486-CCC7B7F49B39-" LEFT="0." LINESPACE="18.71999931" RIGHT="0." />
<ParagraphStyle ALIGN="Block" FIRSTLINE="-27." ID="StyleId-350780E3-60F2-4605-88F5-BB54F9B87091-" LEFT="0." LINESPACE="18.71999931" RIGHT="0." />
<ParagraphStyle ALIGN="Left" FIRSTLINE="0." ID="StyleId-90B16C58-D795-4C77-9B89-30378C515D40-" LEFT="0." LINESPACE="14.39999962" RIGHT="0." />
<ParagraphStyle ALIGN="Right" FIRSTLINE="-27." ID="StyleId-17090E09-AFAF-4086-BD9B-4E99FAE6B057-" LEFT="0." LINESPACE="14.39999962" RIGHT="0." />
<ParagraphStyle ALIGN="Left" FIRSTLINE="-27." ID="StyleId-8B87B633-89DB-4D72-B1FC-26E4ABD680BC-" LEFT="0." LINESPACE="18.47999954" RIGHT="0." />
<ParagraphStyle ALIGN="Left" FIRSTLINE="0." ID="StyleId-42DA7417-CA90-4D71-A57B-06556C38D752-" LEFT="0." LINESPACE="13.30000019" RIGHT="0." />
<ParagraphStyle ALIGN="Block" FIRSTLINE="0." ID="StyleId-D8EE2A7E-42AE-4E35-98DB-F0F935637AA0-" LEFT="0." LINESPACE="6.599999905" RIGHT="0." />
<ParagraphStyle ALIGN="Left" FIRSTLINE="0." ID="StyleId-33CD3121-D4F5-43B6-BA96-6382D166E6B8-" LEFT="0." LINESPACE="15.5" RIGHT="0." />
<ParagraphStyle ALIGN="Block" FIRSTLINE="-21." ID="StyleId-1CE52AFA-C319-4DD9-B4B1-F0EBFA2B3F0B-" LEFT="0." LINESPACE="18.71999931" RIGHT="0." />
<ParagraphStyle ALIGN="Left" FIRSTLINE="0." ID="StyleId-B74F1B65-92F1-49C5-A5FA-D20442F031F2-" LEFT="0." LINESPACE="17.70006076" RIGHT="0." />
<ParagraphStyle ALIGN="Center" FIRSTLINE="0." ID="StyleId-79E2924A-215C-40B7-B577-7236BFBAA25E-" LEFT="0." LINESPACE="7.199999809" RIGHT="0." />
</Styles>
<Layout>
<Page HEIGHT="4196" ID="Page192" PHYSICAL_IMG_NR="192" WIDTH="2350">
<TopMargin HEIGHT="363" HPOS="0" VPOS="0" WIDTH="2350">
</TopMargin>
<LeftMargin HEIGHT="3743" HPOS="0" VPOS="363" WIDTH="169">
</LeftMargin>
<RightMargin HEIGHT="3743" HPOS="2238" VPOS="363" WIDTH="112">
</RightMargin>
<BottomMargin HEIGHT="90" HPOS="0" VPOS="4106" WIDTH="2350">
</BottomMargin>
<PrintSpace HEIGHT="3743" HPOS="169" VPOS="363" WIDTH="2069">
<TextBlock HEIGHT="131" HPOS="1144" ID="Page192_Block1" LANG="en-US" STYLEREFS="StyleId-842BEF41-58FB-4710-AC3C-5D7FE0966291-" VPOS="3975" WIDTH="362">
<TextLine HEIGHT="49" HPOS="1172" VPOS="4019" WIDTH="95">
<String CONTENT="192" HEIGHT="49" HPOS="1172" VPOS="4019" WIDTH="95" />
</TextLine>
</TextBlock>
<TextBlock CS="1" HEIGHT="3643" HPOS="169" ID="Page192_Block2" LANG="en-US" STYLEREFS="StyleId-AEF6C1CC-090B-4104-A20F-9D3CE466C3D1-" VPOS="363" WIDTH="2069">
<Shape>
<Polygon POINTS="169,363 2238,363 2238,3956 1056,3956 1056,4006 169,4006 169,363" />
</Shape>
<TextLine HEIGHT="50" HPOS="305" VPOS="490" WIDTH="1357">
<String CONTENT="A" HEIGHT="37" HPOS="305" VPOS="493" WIDTH="38" />
<SP HEIGHT="39" HPOS="344" VPOS="493" WIDTH="22" />
<String CONTENT="study" HEIGHT="46" HPOS="367" VPOS="493" WIDTH="145" />
<SP HEIGHT="35" HPOS="513" VPOS="504" WIDTH="25" />
<String CONTENT="of" HEIGHT="40" HPOS="539" VPOS="492" WIDTH="50" />
<SP HEIGHT="40" HPOS="590" VPOS="492" WIDTH="22" />
<String CONTENT="the" HEIGHT="40" HPOS="613" VPOS="492" WIDTH="82" />
<SP HEIGHT="40" HPOS="696" VPOS="492" WIDTH="25" />
<String CONTENT="Disciples" HEIGHT="48" HPOS="722" VPOS="492" WIDTH="238" />
<SP HEIGHT="28" HPOS="961" VPOS="503" WIDTH="23" />
<String CONTENT="of" HEIGHT="39" HPOS="985" VPOS="492" WIDTH="51" />
<SP HEIGHT="40" HPOS="1037" VPOS="490" WIDTH="25" />
<String CONTENT="Christ" HEIGHT="41" HPOS="1063" VPOS="490" WIDTH="161" />
<SP HEIGHT="40" HPOS="1225" VPOS="491" WIDTH="24" />
<String CONTENT="in" HEIGHT="39" HPOS="1250" VPOS="491" WIDTH="48" />
<SP HEIGHT="38" HPOS="1299" VPOS="492" WIDTH="28" />
<String CONTENT="Los" HEIGHT="40" HPOS="1328" VPOS="492" WIDTH="90" />
<SP HEIGHT="40" HPOS="1419" VPOS="492" WIDTH="25" />
<String CONTENT="Angeles." HEIGHT="49" HPOS="1445" VPOS="491" WIDTH="217" />
</TextLine>
<TextLine CS="1" HEIGHT="50" HPOS="231" VPOS="561" WIDTH="1703">
<String CONTENT="&#169;" HEIGHT="50" HPOS="231" VPOS="561" WIDTH="51" />
<SP HEIGHT="50" HPOS="283" VPOS="561" WIDTH="27" />
<String CONTENT="Jan." HEIGHT="39" HPOS="311" VPOS="565" WIDTH="106" />
<SP HEIGHT="36" HPOS="418" VPOS="565" WIDTH="29" />
<String CONTENT="5." HEIGHT="39" HPOS="448" VPOS="565" WIDTH="37" />
<SP HEIGHT="37" HPOS="486" VPOS="567" WIDTH="27" />
<String CONTENT="1934;" HEIGHT="40" HPOS="514" VPOS="564" WIDTH="138" />
<SP HEIGHT="38" HPOS="653" VPOS="565" WIDTH="30" />
<String CONTENT="2c." HEIGHT="38" HPOS="684" VPOS="565" WIDTH="65" />
<SP HEIGHT="39" HPOS="750" VPOS="564" WIDTH="28" />
<String CONTENT="Jan." HEIGHT="39" HPOS="779" VPOS="564" WIDTH="106" />
<SP HEIGHT="38" HPOS="886" VPOS="563" WIDTH="29" />
<String CONTENT="23:" HEIGHT="40" HPOS="916" VPOS="563" WIDTH="80" />
<SP HEIGHT="29" HPOS="997" VPOS="574" WIDTH="31" />
<String CONTENT="aff." HEIGHT="39" HPOS="1029" VPOS="563" WIDTH="78" />
<SP HEIGHT="38" HPOS="1108" VPOS="564" WIDTH="29" />
<String CONTENT="Jan." HEIGHT="38" HPOS="1138" VPOS="564" WIDTH="105" />
<SP HEIGHT="37" HPOS="1244" VPOS="565" WIDTH="29" />
<String CONTENT="16;" HEIGHT="45" HPOS="1274" VPOS="563" WIDTH="80" />
<SP HEIGHT="45" HPOS="1355" VPOS="563" WIDTH="30" />
<String CONTENT="A" HEIGHT="37" HPOS="1386" VPOS="563" WIDTH="38" />
<SP HEIGHT="39" HPOS="1425" VPOS="562" WIDTH="27" />
<String CONTENT="68960:" HEIGHT="40" HPOS="1453" VPOS="562" WIDTH="168" />
<SP HEIGHT="38" HPOS="1622" VPOS="563" WIDTH="32" />
<String CONTENT="University" HEIGHT="47" HPOS="1655" VPOS="562" WIDTH="279" />
</TextLine>
<TextLine CS="1" HEIGHT="105" HPOS="297" VPOS="562" WIDTH="1898">
<String CONTENT="of" HEIGHT="39" HPOS="1964" VPOS="563" WIDTH="51" />
<SP HEIGHT="39" HPOS="2016" VPOS="562" WIDTH="29" />
<String CONTENT="Southern" HEIGHT="98" HPOS="297" VPOS="562" WIDTH="1898" />
<SP HEIGHT="40" HPOS="381" VPOS="621" WIDTH="26" />
<String CONTENT="California." HEIGHT="40" HPOS="408" VPOS="621" WIDTH="283" />
<SP HEIGHT="40" HPOS="692" VPOS="620" WIDTH="28" />
<String CONTENT="Los" HEIGHT="40" HPOS="721" VPOS="620" WIDTH="91" />
<SP HEIGHT="39" HPOS="813" VPOS="621" WIDTH="25" />
<String CONTENT="Angeles." HEIGHT="44" HPOS="839" VPOS="621" WIDTH="217" />
<SP HEIGHT="46" HPOS="1057" VPOS="621" WIDTH="71" />
<String CONTENT="(34&#8212;3065)" HEIGHT="47" HPOS="1129" VPOS="620" WIDTH="246" />
</TextLine>
<TextLine HEIGHT="65" HPOS="230" STYLEREFS="StyleId-5FC929A7-F555-4330-ADBE-F6F26FBFE0A2-" VPOS="735" WIDTH="941">
<String CONTENT="Wells," HEIGHT="65" HPOS="230" VPOS="735" WIDTH="192" />
<SP HEIGHT="63" HPOS="423" VPOS="737" WIDTH="29" />
<String CONTENT="William" HEIGHT="53" HPOS="453" VPOS="736" WIDTH="252" />
<SP HEIGHT="51" HPOS="706" VPOS="738" WIDTH="28" />
<String CONTENT="Morris," HEIGHT="64" HPOS="735" VPOS="736" WIDTH="232" />
<SP HEIGHT="60" HPOS="968" VPOS="740" WIDTH="32" />
<String CONTENT="1857-" HEIGHT="52" HPOS="1001" VPOS="736" WIDTH="170" />
</TextLine>
<TextLine HEIGHT="68" HPOS="295" STYLEREFS="StyleId-B4D57935-C1D6-411E-A8E2-EE87515B4400-" VPOS="811" WIDTH="1919">
<String CONTENT="The" HEIGHT="52" HPOS="295" VPOS="814" WIDTH="120" />
<SP HEIGHT="52" HPOS="416" VPOS="814" WIDTH="34" />
<String CONTENT="desert's" HEIGHT="53" HPOS="451" VPOS="813" WIDTH="228" />
<SP HEIGHT="52" HPOS="680" VPOS="813" WIDTH="35" />
<String CONTENT="hidden" HEIGHT="52" HPOS="716" VPOS="813" WIDTH="213" />
<SP HEIGHT="34" HPOS="930" VPOS="831" WIDTH="34" />
<String CONTENT="wealth;" HEIGHT="66" HPOS="965" VPOS="813" WIDTH="232" />
<SP HEIGHT="60" HPOS="1198" VPOS="819" WIDTH="36" />
<String CONTENT="the" HEIGHT="53" HPOS="1235" VPOS="812" WIDTH="97" />
<SP HEIGHT="50" HPOS="1333" VPOS="815" WIDTH="30" />
<String CONTENT="life" HEIGHT="53" HPOS="1364" VPOS="813" WIDTH="105" />
<SP HEIGHT="33" HPOS="1470" VPOS="833" WIDTH="32" />
<String CONTENT="story" HEIGHT="60" HPOS="1503" VPOS="819" WIDTH="155" />
<SP HEIGHT="48" HPOS="1659" VPOS="831" WIDTH="34" />
<String CONTENT="of" HEIGHT="52" HPOS="1694" VPOS="812" WIDTH="64" />
<SP HEIGHT="52" HPOS="1759" VPOS="812" WIDTH="32" />
<String CONTENT="a" HEIGHT="33" HPOS="1792" VPOS="831" WIDTH="30" />
<SP HEIGHT="33" HPOS="1823" VPOS="831" WIDTH="32" />
<String CONTENT="man" HEIGHT="33" HPOS="1856" VPOS="831" WIDTH="133" />
<SP HEIGHT="34" HPOS="1990" VPOS="830" WIDTH="31" />
<String CONTENT="of" HEIGHT="53" HPOS="2022" VPOS="811" WIDTH="65" />
<SP HEIGHT="52" HPOS="2088" VPOS="811" WIDTH="29" />
<String CONTENT="the" HEIGHT="54" HPOS="2118" VPOS="812" WIDTH="96" />
</TextLine>
<TextLine CS="1" HEIGHT="68" HPOS="225" STYLEREFS="StyleId-B4D57935-C1D6-411E-A8E2-EE87515B4400-" VPOS="890" WIDTH="1991">
<String CONTENT="American" HEIGHT="51" HPOS="225" VPOS="892" WIDTH="305" />
<SP HEIGHT="48" HPOS="531" VPOS="910" WIDTH="28" />
<String CONTENT="people:" HEIGHT="66" HPOS="560" VPOS="892" WIDTH="228" />
<SP HEIGHT="50" HPOS="789" VPOS="892" WIDTH="30" />
<String CONTENT="Kansas," HEIGHT="65" HPOS="820" VPOS="892" WIDTH="243" />
<SP HEIGHT="67" HPOS="1064" VPOS="890" WIDTH="29" />
<String CONTENT="from" HEIGHT="52" HPOS="1094" VPOS="890" WIDTH="151" />
<SP HEIGHT="51" HPOS="1246" VPOS="892" WIDTH="29" />
<String CONTENT="desert" HEIGHT="51" HPOS="1276" VPOS="892" WIDTH="183" />
<SP HEIGHT="46" HPOS="1460" VPOS="897" WIDTH="27" />
<String CONTENT="to" HEIGHT="45" HPOS="1488" VPOS="897" WIDTH="58" />
<SP HEIGHT="33" HPOS="1547" VPOS="908" WIDTH="30" />
<String CONTENT="world-granary." HEIGHT="67" HPOS="1578" VPOS="890" WIDTH="473" />
<SP HEIGHT="50" HPOS="2052" VPOS="890" WIDTH="73" />
<String CONTENT="By" HEIGHT="67" HPOS="2126" VPOS="890" WIDTH="90" />
</TextLine>
<TextLine HEIGHT="68" HPOS="224" STYLEREFS="StyleId-B4D57935-C1D6-411E-A8E2-EE87515B4400-" VPOS="968" WIDTH="1288">
<String CONTENT="William" HEIGHT="52" HPOS="224" VPOS="970" WIDTH="258" />
<SP HEIGHT="50" HPOS="483" VPOS="970" WIDTH="26" />
<String CONTENT="M." HEIGHT="50" HPOS="510" VPOS="970" WIDTH="77" />
<SP HEIGHT="52" HPOS="588" VPOS="970" WIDTH="28" />
<String CONTENT="Wells." HEIGHT="52" HPOS="617" VPOS="970" WIDTH="192" />
<SP HEIGHT="33" HPOS="810" VPOS="1001" WIDTH="81" />
<String CONTENT="[Los" HEIGHT="65" HPOS="892" VPOS="969" WIDTH="126" />
<SP HEIGHT="53" HPOS="1019" VPOS="968" WIDTH="27" />
<String CONTENT="Angeles," HEIGHT="68" HPOS="1047" VPOS="968" WIDTH="264" />
<SP HEIGHT="61" HPOS="1312" VPOS="974" WIDTH="26" />
<String CONTENT="c" HEIGHT="21" HPOS="1339" STYLE="superscript" VPOS="974" WIDTH="17" />
<String CONTENT="1934]" HEIGHT="63" HPOS="1362" VPOS="971" WIDTH="150" />
</TextLine>
<TextLine CS="1" HEIGHT="49" HPOS="296" VPOS="1041" WIDTH="1079">
<String CONTENT="232" HEIGHT="39" HPOS="296" VPOS="1043" WIDTH="83" />
<SP HEIGHT="47" HPOS="380" VPOS="1043" WIDTH="27" />
<String CONTENT="p." HEIGHT="37" HPOS="408" VPOS="1053" WIDTH="42" />
<SP HEIGHT="39" HPOS="451" VPOS="1043" WIDTH="27" />
<String CONTENT="inch" HEIGHT="39" HPOS="479" VPOS="1043" WIDTH="108" />
<SP />
<String CONTENT="front." CS="1" />
<SP HEIGHT="36" HPOS="765" VPOS="1052" WIDTH="59" />
<String CONTENT="plates," HEIGHT="46" HPOS="825" VPOS="1043" WIDTH="170" />
<SP HEIGHT="37" HPOS="996" VPOS="1052" WIDTH="28" />
<String CONTENT="ports." HEIGHT="45" HPOS="1025" VPOS="1044" WIDTH="147" />
<SP HEIGHT="40" HPOS="1173" VPOS="1041" WIDTH="57" />
<String CONTENT="20&#189;" CS="1" HEIGHT="39" HPOS="1231" VPOS="1041" WIDTH="56" />
<String CONTENT="cm" HEIGHT="20" HPOS="1319" STYLE="superscript" VPOS="1044" WIDTH="44" />
<String CONTENT="." HEIGHT="6" HPOS="1368" VPOS="1074" WIDTH="7" />
</TextLine>
<TextLine CS="1" HEIGHT="50" HPOS="231" VPOS="1112" WIDTH="1982">
<String CONTENT="&#169;" HEIGHT="50" HPOS="231" VPOS="1112" WIDTH="51" />
<SP HEIGHT="50" HPOS="283" VPOS="1112" WIDTH="34" />
<String CONTENT="Feb." HEIGHT="39" HPOS="318" VPOS="1115" WIDTH="109" />
<SP HEIGHT="38" HPOS="428" VPOS="1116" WIDTH="33" />
<String CONTENT="3." HEIGHT="38" HPOS="462" VPOS="1116" WIDTH="38" />
<SP HEIGHT="37" HPOS="501" VPOS="1117" WIDTH="34" />
<String CONTENT="1934;" HEIGHT="40" HPOS="536" VPOS="1115" WIDTH="140" />
<SP HEIGHT="40" HPOS="677" VPOS="1115" WIDTH="36" />
<String CONTENT="2c." HEIGHT="38" HPOS="714" VPOS="1115" WIDTH="65" />
<SP HEIGHT="38" HPOS="780" VPOS="1114" WIDTH="35" />
<String CONTENT="Feb." HEIGHT="39" HPOS="816" VPOS="1114" WIDTH="110" />
<SP HEIGHT="37" HPOS="927" VPOS="1115" WIDTH="33" />
<String CONTENT="10:" HEIGHT="39" HPOS="961" VPOS="1113" WIDTH="81" />
<SP />
<String CONTENT="aff." CS="1" />
<SP HEIGHT="38" HPOS="1163" VPOS="1114" WIDTH="34" />
<String CONTENT="Feb." HEIGHT="38" HPOS="1198" VPOS="1114" WIDTH="109" />
<SP HEIGHT="39" HPOS="1308" VPOS="1113" WIDTH="35" />
<String CONTENT="9;" HEIGHT="46" HPOS="1344" VPOS="1113" WIDTH="51" />
<SP HEIGHT="45" HPOS="1396" VPOS="1114" WIDTH="36" />
<String CONTENT="A" HEIGHT="37" HPOS="1433" VPOS="1114" WIDTH="42" />
<SP HEIGHT="38" HPOS="1476" VPOS="1113" WIDTH="32" />
<String CONTENT="69375;" HEIGHT="41" HPOS="1509" VPOS="1113" WIDTH="168" />
<SP HEIGHT="41" HPOS="1678" VPOS="1113" WIDTH="43" />
<String CONTENT="W." HEIGHT="39" HPOS="1722" VPOS="1113" WIDTH="65" />
<SP HEIGHT="38" HPOS="1788" VPOS="1114" WIDTH="35" />
<String CONTENT="M." HEIGHT="37" HPOS="1824" VPOS="1114" WIDTH="61" />
<SP HEIGHT="38" HPOS="1886" VPOS="1113" WIDTH="35" />
<String CONTENT="Wells," HEIGHT="45" HPOS="1922" VPOS="1113" WIDTH="161" />
<SP HEIGHT="46" HPOS="2084" VPOS="1112" WIDTH="36" />
<String CONTENT="Los" HEIGHT="40" HPOS="2121" VPOS="1112" WIDTH="92" />
</TextLine>
<TextLine HEIGHT="47" HPOS="294" VPOS="1171" WIDTH="541">
<String CONTENT="Angeles." HEIGHT="45" HPOS="294" VPOS="1173" WIDTH="219" />
<SP HEIGHT="47" HPOS="514" VPOS="1171" WIDTH="72" />
<String CONTENT="(34-2612)" HEIGHT="47" HPOS="587" VPOS="1171" WIDTH="248" />
</TextLine>
<TextLine HEIGHT="67" HPOS="234" STYLEREFS="StyleId-5FC929A7-F555-4330-ADBE-F6F26FBFE0A2-" VPOS="1287" WIDTH="1156">
<String CONTENT="[Wertenbaker," HEIGHT="65" HPOS="234" VPOS="1288" WIDTH="460" />
<SP HEIGHT="63" HPOS="695" VPOS="1290" WIDTH="30" />
<String CONTENT="Green" HEIGHT="52" HPOS="726" VPOS="1290" WIDTH="189" />
<SP HEIGHT="52" HPOS="916" VPOS="1289" WIDTH="23" />
<String CONTENT="Peyton]" HEIGHT="65" HPOS="940" VPOS="1289" WIDTH="245" />
<SP HEIGHT="61" HPOS="1186" VPOS="1293" WIDTH="33" />
<String CONTENT="1907-" HEIGHT="53" HPOS="1220" VPOS="1287" WIDTH="170" />
</TextLine>
<TextLine CS="1" HEIGHT="70" HPOS="352" STYLEREFS="StyleId-5FC929A7-F555-4330-ADBE-F6F26FBFE0A2-" VPOS="1363" WIDTH="1863">
<String CONTENT="Rain" CS="1" HEIGHT="52" HPOS="352" VPOS="1365" WIDTH="93" />
<SP HEIGHT="34" HPOS="446" VPOS="1383" WIDTH="34" />
<String CONTENT="on" HEIGHT="34" HPOS="481" VPOS="1383" WIDTH="71" />
<SP HEIGHT="47" HPOS="553" VPOS="1370" WIDTH="30" />
<String CONTENT="the" HEIGHT="52" HPOS="584" VPOS="1365" WIDTH="93" />
<SP HEIGHT="34" HPOS="678" VPOS="1383" WIDTH="32" />
<String CONTENT="mountain" HEIGHT="52" HPOS="711" VPOS="1365" WIDTH="297" />
<SP HEIGHT="47" HPOS="1009" VPOS="1384" WIDTH="38" />
<String CONTENT="[by]" HEIGHT="69" HPOS="1048" VPOS="1364" WIDTH="108" />
<SP HEIGHT="68" HPOS="1157" VPOS="1363" WIDTH="35" />
<String CONTENT="Green" HEIGHT="55" HPOS="1193" VPOS="1363" WIDTH="186" />
<SP HEIGHT="51" HPOS="1380" VPOS="1365" WIDTH="31" />
<String CONTENT="Peyton" HEIGHT="67" HPOS="1412" VPOS="1365" WIDTH="222" />
<SP HEIGHT="49" HPOS="1635" VPOS="1382" WIDTH="39" />
<String CONTENT="[pseud.]" CS="1" HEIGHT="68" HPOS="1696" VPOS="1364" WIDTH="210" />
<SP HEIGHT="66" HPOS="1907" VPOS="1364" WIDTH="74" />
<String CONTENT="Boston," HEIGHT="62" HPOS="1982" VPOS="1364" WIDTH="233" />
</TextLine>
<TextLine HEIGHT="70" HPOS="227" STYLEREFS="StyleId-5FC929A7-F555-4330-ADBE-F6F26FBFE0A2-" VPOS="1441" WIDTH="1102">
<String CONTENT="Little," HEIGHT="69" HPOS="227" VPOS="1441" WIDTH="192" />
<SP HEIGHT="66" HPOS="420" VPOS="1444" WIDTH="30" />
<String CONTENT="Brown," HEIGHT="67" HPOS="451" VPOS="1444" WIDTH="229" />
<SP HEIGHT="50" HPOS="681" VPOS="1461" WIDTH="29" />
<String CONTENT="and" HEIGHT="51" HPOS="711" VPOS="1443" WIDTH="112" />
<SP HEIGHT="51" HPOS="824" VPOS="1443" WIDTH="29" />
<String CONTENT="company," HEIGHT="50" HPOS="854" VPOS="1460" WIDTH="296" />
<SP HEIGHT="65" HPOS="1151" VPOS="1445" WIDTH="28" />
<String CONTENT="1934." HEIGHT="50" HPOS="1180" VPOS="1444" WIDTH="149" />
</TextLine>
<TextLine CS="1" HEIGHT="50" HPOS="296" VPOS="1514" WIDTH="645">
<String CONTENT="5" HEIGHT="39" HPOS="296" VPOS="1514" WIDTH="25" />
<SP HEIGHT="48" HPOS="322" VPOS="1514" WIDTH="24" />
<String CONTENT="p." HEIGHT="37" HPOS="347" VPOS="1525" WIDTH="44" />
<SP />
<String CONTENT="l.," CS="1" HEIGHT="14" HPOS="455" VPOS="1546" WIDTH="7" />
<SP HEIGHT="29" HPOS="463" VPOS="1535" WIDTH="30" />
<String CONTENT="[3]-308" HEIGHT="50" HPOS="494" VPOS="1514" WIDTH="173" />
<SP HEIGHT="48" HPOS="668" VPOS="1514" WIDTH="25" />
<String CONTENT="p." HEIGHT="38" HPOS="694" VPOS="1524" WIDTH="42" />
<SP HEIGHT="38" HPOS="737" VPOS="1516" WIDTH="59" />
<String CONTENT="18&#189;" CS="1" HEIGHT="40" HPOS="797" VPOS="1514" WIDTH="55" />
<String CONTENT="cm" HEIGHT="21" HPOS="886" STYLE="superscript" VPOS="1517" WIDTH="43" />
<String CONTENT="." HEIGHT="8" HPOS="934" VPOS="1547" WIDTH="7" />
</TextLine>
<TextLine CS="1" HEIGHT="51" HPOS="229" VPOS="1583" WIDTH="1710">
<String CONTENT="&#169;" HEIGHT="51" HPOS="229" VPOS="1583" WIDTH="51" />
<SP HEIGHT="51" HPOS="281" VPOS="1583" WIDTH="27" />
<String CONTENT="Feb." HEIGHT="39" HPOS="309" VPOS="1588" WIDTH="109" />
<SP HEIGHT="39" HPOS="419" VPOS="1588" WIDTH="27" />
<String CONTENT="16." HEIGHT="39" HPOS="447" VPOS="1587" WIDTH="67" />
<SP HEIGHT="37" HPOS="515" VPOS="1588" WIDTH="27" />
<String CONTENT="1934;" HEIGHT="39" HPOS="543" VPOS="1587" WIDTH="139" />
<SP HEIGHT="39" HPOS="683" VPOS="1587" WIDTH="28" />
<String CONTENT="2c." HEIGHT="40" HPOS="712" VPOS="1587" WIDTH="66" />
<SP HEIGHT="29" HPOS="779" VPOS="1598" WIDTH="28" />
<String CONTENT="and" HEIGHT="38" HPOS="808" VPOS="1588" WIDTH="93" />
<SP />
<String CONTENT="aff." CS="1" />
<SP HEIGHT="37" HPOS="1011" VPOS="1587" WIDTH="30" />
<String CONTENT="Feb." HEIGHT="39" HPOS="1042" VPOS="1587" WIDTH="108" />
<SP HEIGHT="37" HPOS="1151" VPOS="1589" WIDTH="27" />
<String CONTENT="17;" HEIGHT="44" HPOS="1179" VPOS="1588" WIDTH="80" />
<SP HEIGHT="45" HPOS="1260" VPOS="1587" WIDTH="29" />
<String CONTENT="A" HEIGHT="37" HPOS="1290" VPOS="1587" WIDTH="41" />
<SP HEIGHT="39" HPOS="1332" VPOS="1586" WIDTH="26" />
<String CONTENT="69520;" HEIGHT="47" HPOS="1359" VPOS="1585" WIDTH="168" />
<SP HEIGHT="46" HPOS="1528" VPOS="1586" WIDTH="30" />
<String CONTENT="Little," HEIGHT="46" HPOS="1559" VPOS="1586" WIDTH="161" />
<SP HEIGHT="46" HPOS="1721" VPOS="1586" WIDTH="29" />
<String CONTENT="Brown," HEIGHT="41" HPOS="1751" VPOS="1586" WIDTH="188" />
</TextLine>
<TextLine CS="1" HEIGHT="104" HPOS="294" VPOS="1587" WIDTH="1903">
<String CONTENT="and" HEIGHT="38" HPOS="1971" VPOS="1587" WIDTH="93" />
<SP HEIGHT="38" HPOS="2065" VPOS="1587" WIDTH="29" />
<String CONTENT="company." HEIGHT="96" HPOS="294" VPOS="1595" WIDTH="1903" />
<SP HEIGHT="46" HPOS="433" VPOS="1644" WIDTH="71" />
<String CONTENT="(34-2905)" CS="1" HEIGHT="46" HPOS="505" VPOS="1644" WIDTH="249" />
</TextLine>
<TextLine HEIGHT="64" HPOS="231" STYLEREFS="StyleId-5FC929A7-F555-4330-ADBE-F6F26FBFE0A2-" VPOS="1747" WIDTH="739">
<String CONTENT="Weston," HEIGHT="64" HPOS="231" VPOS="1747" WIDTH="256" />
<SP HEIGHT="64" HPOS="488" VPOS="1747" WIDTH="34" />
<String CONTENT="George," HEIGHT="63" HPOS="523" VPOS="1747" WIDTH="241" />
<SP HEIGHT="58" HPOS="765" VPOS="1752" WIDTH="35" />
<String CONTENT="1880-" HEIGHT="50" HPOS="801" VPOS="1749" WIDTH="169" />
</TextLine>
<TextLine CS="1" HEIGHT="61" HPOS="297" STYLEREFS="StyleId-B4D57935-C1D6-411E-A8E2-EE87515B4400-" VPOS="1823" WIDTH="1918">
<String CONTENT="Comet" HEIGHT="54" HPOS="297" VPOS="1823" WIDTH="199" />
<SP HEIGHT="52" HPOS="497" VPOS="1823" WIDTH="35" />
<String CONTENT="Z'," CS="1" HEIGHT="50" HPOS="548" VPOS="1824" WIDTH="41" />
<SP HEIGHT="61" HPOS="625" VPOS="1823" WIDTH="34" />
<String CONTENT="by" HEIGHT="61" HPOS="660" VPOS="1823" WIDTH="75" />
<SP HEIGHT="61" HPOS="736" VPOS="1823" WIDTH="35" />
<String CONTENT="George" HEIGHT="61" HPOS="772" VPOS="1823" WIDTH="219" />
<SP HEIGHT="52" HPOS="992" VPOS="1824" WIDTH="35" />
<String CONTENT="Weston" HEIGHT="52" HPOS="1028" VPOS="1824" WIDTH="234" />
<SP HEIGHT="32" HPOS="1263" VPOS="1842" WIDTH="40" />
<String CONTENT="&#8230;" CS="1" />
<SP HEIGHT="50" HPOS="1359" VPOS="1824" WIDTH="73" />
<String CONTENT="London," HEIGHT="61" HPOS="1433" VPOS="1823" WIDTH="258" />
<SP HEIGHT="61" HPOS="1692" VPOS="1823" WIDTH="33" />
<String CONTENT="Methuen" HEIGHT="52" HPOS="1726" VPOS="1823" WIDTH="273" />
<SP HEIGHT="48" HPOS="2000" VPOS="1826" WIDTH="37" />
<String CONTENT="&amp;" HEIGHT="48" HPOS="2038" VPOS="1826" WIDTH="45" />
<SP HEIGHT="48" HPOS="2084" VPOS="1826" WIDTH="35" />
<String CONTENT="co.," HEIGHT="35" HPOS="2120" VPOS="1841" WIDTH="95" />
</TextLine>
<TextLine HEIGHT="66" HPOS="224" STYLEREFS="StyleId-B4D57935-C1D6-411E-A8E2-EE87515B4400-" VPOS="1902" WIDTH="311">
<String CONTENT="ltd." HEIGHT="52" HPOS="224" VPOS="1902" WIDTH="104" />
<SP HEIGHT="33" HPOS="329" VPOS="1935" WIDTH="35" />
<String CONTENT="[1934]" HEIGHT="63" HPOS="365" VPOS="1905" WIDTH="170" />
</TextLine>
<TextLine CS="1" HEIGHT="50" HPOS="295" VPOS="1973" WIDTH="534">
<String CONTENT="3" HEIGHT="40" HPOS="295" VPOS="1974" WIDTH="25" />
<SP HEIGHT="49" HPOS="321" VPOS="1974" WIDTH="27" />
<String CONTENT="p." HEIGHT="37" HPOS="349" VPOS="1986" WIDTH="44" />
<SP />
<String CONTENT="l.," CS="1" HEIGHT="15" HPOS="460" VPOS="2005" WIDTH="8" />
<SP HEIGHT="47" HPOS="469" VPOS="1973" WIDTH="27" />
<String CONTENT="280" HEIGHT="41" HPOS="497" VPOS="1973" WIDTH="84" />
<SP HEIGHT="49" HPOS="582" VPOS="1974" WIDTH="27" />
<String CONTENT="p." HEIGHT="37" HPOS="610" VPOS="1986" WIDTH="43" />
<SP HEIGHT="38" HPOS="654" VPOS="1975" WIDTH="60" />
<String CONTENT="19" HEIGHT="41" HPOS="715" VPOS="1973" WIDTH="55" />
<String CONTENT="cm" HEIGHT="20" HPOS="774" STYLE="superscript" VPOS="1977" WIDTH="42" />
<String CONTENT="." HEIGHT="8" HPOS="820" VPOS="2006" WIDTH="9" />
</TextLine>
<TextLine HEIGHT="50" HPOS="299" VPOS="2031" WIDTH="1917">
<String CONTENT="American" HEIGHT="41" HPOS="299" VPOS="2031" WIDTH="255" />
<SP HEIGHT="29" HPOS="555" VPOS="2043" WIDTH="29" />
<String CONTENT="edition" HEIGHT="40" HPOS="585" VPOS="2032" WIDTH="182" />
<SP HEIGHT="47" HPOS="768" VPOS="2032" WIDTH="43" />
<String CONTENT="(New" HEIGHT="47" HPOS="812" VPOS="2032" WIDTH="139" />
<SP HEIGHT="39" HPOS="952" VPOS="2032" WIDTH="30" />
<String CONTENT="York," HEIGHT="46" HPOS="983" VPOS="2032" WIDTH="141" />
<SP HEIGHT="46" HPOS="1125" VPOS="2032" WIDTH="34" />
<String CONTENT="Farrar" HEIGHT="40" HPOS="1160" VPOS="2032" WIDTH="182" />
<SP HEIGHT="40" HPOS="1343" VPOS="2032" WIDTH="27" />
<String CONTENT="&amp;" HEIGHT="40" HPOS="1371" VPOS="2032" WIDTH="36" />
<SP HEIGHT="40" HPOS="1408" VPOS="2032" WIDTH="29" />
<String CONTENT="Rinehart," HEIGHT="47" HPOS="1438" VPOS="2032" WIDTH="252" />
<SP HEIGHT="47" HPOS="1691" VPOS="2032" WIDTH="32" />
<String CONTENT="incorporated)" HEIGHT="49" HPOS="1724" VPOS="2032" WIDTH="362" />
<SP HEIGHT="45" HPOS="2087" VPOS="2036" WIDTH="41" />
<String CONTENT="has" HEIGHT="38" HPOS="2129" VPOS="2036" WIDTH="87" />
</TextLine>
<TextLine CS="1" HEIGHT="40" HPOS="228" VPOS="2090" WIDTH="829">
<String CONTENT="title:" CS="1" HEIGHT="39" HPOS="228" VPOS="2091" WIDTH="106" />
<SP HEIGHT="39" HPOS="362" VPOS="2090" WIDTH="31" />
<String CONTENT="His" HEIGHT="39" HPOS="394" VPOS="2090" WIDTH="90" />
<SP HEIGHT="39" HPOS="485" VPOS="2090" WIDTH="23" />
<String CONTENT="first" HEIGHT="40" HPOS="509" VPOS="2090" WIDTH="107" />
<SP HEIGHT="36" HPOS="617" VPOS="2094" WIDTH="25" />
<String CONTENT="million" HEIGHT="40" HPOS="643" VPOS="2090" WIDTH="187" />
<SP HEIGHT="27" HPOS="831" VPOS="2101" WIDTH="29" />
<String CONTENT="women." HEIGHT="30" HPOS="861" VPOS="2100" WIDTH="196" />
</TextLine>
<TextLine CS="1" HEIGHT="51" HPOS="231" VPOS="2158" WIDTH="1982">
<String CONTENT="&#169;" HEIGHT="51" HPOS="231" VPOS="2158" WIDTH="50" />
<SP />
<String CONTENT="1c." CS="1" />
<SP HEIGHT="38" HPOS="370" VPOS="2162" WIDTH="27" />
<String CONTENT="Feb." HEIGHT="40" HPOS="398" VPOS="2162" WIDTH="108" />
<SP HEIGHT="39" HPOS="507" VPOS="2163" WIDTH="23" />
<String CONTENT="26." HEIGHT="37" HPOS="531" VPOS="2163" WIDTH="68" />
<SP HEIGHT="37" HPOS="600" VPOS="2163" WIDTH="23" />
<String CONTENT="1934;" HEIGHT="39" HPOS="624" VPOS="2161" WIDTH="139" />
<SP HEIGHT="37" HPOS="764" VPOS="2163" WIDTH="25" />
<String CONTENT="A" HEIGHT="36" HPOS="790" VPOS="2163" WIDTH="40" />
<SP HEIGHT="37" HPOS="831" VPOS="2163" WIDTH="23" />
<String CONTENT="ad" HEIGHT="38" HPOS="855" VPOS="2162" WIDTH="59" />
<SP HEIGHT="39" HPOS="915" VPOS="2161" WIDTH="24" />
<String CONTENT="int." HEIGHT="39" HPOS="940" VPOS="2161" WIDTH="83" />
<SP HEIGHT="36" HPOS="1024" VPOS="2163" WIDTH="25" />
<String CONTENT="18682;" CS="1" HEIGHT="40" HPOS="1050" VPOS="2160" WIDTH="141" />
<SP HEIGHT="36" HPOS="1218" VPOS="2172" WIDTH="26" />
<String CONTENT="pubd." HEIGHT="47" HPOS="1245" VPOS="2161" WIDTH="140" />
<SP HEIGHT="38" HPOS="1386" VPOS="2161" WIDTH="26" />
<String CONTENT="Feb." HEIGHT="39" HPOS="1413" VPOS="2161" WIDTH="108" />
<SP HEIGHT="36" HPOS="1522" VPOS="2163" WIDTH="26" />
<String CONTENT="1:" HEIGHT="38" HPOS="1549" VPOS="2163" WIDTH="50" />
<SP HEIGHT="40" HPOS="1600" VPOS="2161" WIDTH="30" />
<String CONTENT="G." HEIGHT="40" HPOS="1631" VPOS="2161" WIDTH="50" />
<SP HEIGHT="38" HPOS="1682" VPOS="2163" WIDTH="26" />
<String CONTENT="Weston." HEIGHT="39" HPOS="1709" VPOS="2163" WIDTH="209" />
<SP HEIGHT="38" HPOS="1919" VPOS="2163" WIDTH="26" />
<String CONTENT="Plainfield." HEIGHT="40" HPOS="1946" VPOS="2163" WIDTH="267" />
</TextLine>
<TextLine HEIGHT="48" HPOS="296" VPOS="2218" WIDTH="464">
<String CONTENT="Conn." HEIGHT="39" HPOS="296" VPOS="2219" WIDTH="144" />
<SP HEIGHT="47" HPOS="441" VPOS="2219" WIDTH="71" />
<String CONTENT="(34-4986)" HEIGHT="48" HPOS="513" VPOS="2218" WIDTH="247" />
</TextLine>
<TextLine HEIGHT="69" HPOS="297" STYLEREFS="StyleId-B4D57935-C1D6-411E-A8E2-EE87515B4400-" VPOS="2322" WIDTH="1915">
<String CONTENT="His" HEIGHT="51" HPOS="297" VPOS="2322" WIDTH="110" />
<SP HEIGHT="51" HPOS="408" VPOS="2322" WIDTH="31" />
<String CONTENT="first" HEIGHT="52" HPOS="440" VPOS="2322" WIDTH="122" />
<SP HEIGHT="46" HPOS="563" VPOS="2328" WIDTH="33" />
<String CONTENT="million" HEIGHT="52" HPOS="597" VPOS="2322" WIDTH="224" />
<SP HEIGHT="33" HPOS="822" VPOS="2341" WIDTH="34" />
<String CONTENT="women," HEIGHT="49" HPOS="857" VPOS="2339" WIDTH="231" />
<SP HEIGHT="66" HPOS="1089" VPOS="2322" WIDTH="32" />
<String CONTENT="by" HEIGHT="66" HPOS="1122" VPOS="2322" WIDTH="72" />
<SP HEIGHT="66" HPOS="1195" VPOS="2322" WIDTH="33" />
<String CONTENT="George" HEIGHT="66" HPOS="1229" VPOS="2322" WIDTH="221" />
<SP HEIGHT="52" HPOS="1451" VPOS="2323" WIDTH="31" />
<String CONTENT="Weston;" HEIGHT="66" HPOS="1483" VPOS="2323" WIDTH="260" />
<SP HEIGHT="66" HPOS="1744" VPOS="2323" WIDTH="38" />
<String CONTENT="illustrated" HEIGHT="54" HPOS="1783" VPOS="2323" WIDTH="321" />
<SP HEIGHT="52" HPOS="2105" VPOS="2325" WIDTH="32" />
<String CONTENT="by" HEIGHT="66" HPOS="2138" VPOS="2325" WIDTH="74" />
</TextLine>
<TextLine CS="1" HEIGHT="145" HPOS="227" STYLEREFS="StyleId-B4D57935-C1D6-411E-A8E2-EE87515B4400-" VPOS="2399" WIDTH="1959">
<String CONTENT="Georges" HEIGHT="67" HPOS="227" VPOS="2399" WIDTH="248" />
<SP HEIGHT="54" HPOS="476" VPOS="2399" WIDTH="36" />
<String CONTENT="Schreiber." HEIGHT="54" HPOS="513" VPOS="2399" WIDTH="312" />
<SP HEIGHT="51" HPOS="826" VPOS="2400" WIDTH="74" />
<String CONTENT="New" HEIGHT="51" HPOS="901" VPOS="2400" WIDTH="137" />
<SP HEIGHT="50" HPOS="1039" VPOS="2401" WIDTH="38" />
<String CONTENT="York," HEIGHT="63" HPOS="1078" VPOS="2401" WIDTH="176" />
<SP HEIGHT="63" HPOS="1255" VPOS="2401" WIDTH="35" />
<String CONTENT="Farrar" HEIGHT="50" HPOS="1291" VPOS="2401" WIDTH="214" />
<SP HEIGHT="49" HPOS="1506" VPOS="2403" WIDTH="35" />
<String CONTENT="&amp;" HEIGHT="49" HPOS="1542" VPOS="2403" WIDTH="42" />
<SP HEIGHT="51" HPOS="1585" VPOS="2401" WIDTH="35" />
<String CONTENT="Rinehart," HEIGHT="66" HPOS="1621" VPOS="2400" WIDTH="296" />
<SP HEIGHT="66" HPOS="1918" VPOS="2400" WIDTH="35" />
<String CONTENT="incorporated" HEIGHT="129" HPOS="227" VPOS="2400" WIDTH="1959" />
<SP HEIGHT="67" HPOS="388" VPOS="2477" WIDTH="33" />
<String CONTENT="[c1934]" CS="1" HEIGHT="63" HPOS="422" VPOS="2481" WIDTH="190" />
</TextLine>
<TextLine CS="1" HEIGHT="47" HPOS="294" VPOS="2550" WIDTH="762">
<String CONTENT="5" HEIGHT="38" HPOS="294" VPOS="2551" WIDTH="24" />
<SP HEIGHT="46" HPOS="319" VPOS="2551" WIDTH="26" />
<String CONTENT="p." HEIGHT="37" HPOS="346" VPOS="2560" WIDTH="41" />
<SP />
<String CONTENT="l.," CS="1" HEIGHT="15" HPOS="452" VPOS="2581" WIDTH="8" />
<SP HEIGHT="46" HPOS="461" VPOS="2550" WIDTH="26" />
<String CONTENT="3-312" HEIGHT="39" HPOS="488" VPOS="2550" WIDTH="144" />
<SP HEIGHT="47" HPOS="633" VPOS="2550" WIDTH="25" />
<String CONTENT="p." HEIGHT="37" HPOS="659" VPOS="2560" WIDTH="41" />
<SP HEIGHT="38" HPOS="701" VPOS="2550" WIDTH="56" />
<String CONTENT="illus." HEIGHT="40" HPOS="758" VPOS="2550" WIDTH="127" />
<SP HEIGHT="39" HPOS="886" VPOS="2551" WIDTH="55" />
<String CONTENT="20" HEIGHT="39" HPOS="942" VPOS="2550" WIDTH="55" />
<String CONTENT="cm" HEIGHT="20" HPOS="1001" STYLE="superscript" VPOS="2552" WIDTH="43" />
<String CONTENT="." HEIGHT="6" HPOS="1050" VPOS="2583" WIDTH="6" />
</TextLine>
<TextLine HEIGHT="49" HPOS="295" VPOS="2605" WIDTH="1592">
<String CONTENT="London" HEIGHT="38" HPOS="295" VPOS="2607" WIDTH="197" />
<SP HEIGHT="28" HPOS="493" VPOS="2618" WIDTH="25" />
<String CONTENT="edition" HEIGHT="41" HPOS="519" VPOS="2605" WIDTH="181" />
<SP HEIGHT="47" HPOS="701" VPOS="2607" WIDTH="36" />
<String CONTENT="(Methuen" HEIGHT="47" HPOS="738" VPOS="2607" WIDTH="254" />
<SP HEIGHT="39" HPOS="993" VPOS="2607" WIDTH="24" />
<String CONTENT="&amp;" HEIGHT="39" HPOS="1018" VPOS="2607" WIDTH="36" />
<SP HEIGHT="39" HPOS="1055" VPOS="2607" WIDTH="25" />
<String CONTENT="co.," HEIGHT="35" HPOS="1081" VPOS="2617" WIDTH="81" />
<SP HEIGHT="45" HPOS="1163" VPOS="2607" WIDTH="27" />
<String CONTENT="ltd.)" HEIGHT="46" HPOS="1191" VPOS="2606" WIDTH="108" />
<SP HEIGHT="45" HPOS="1300" VPOS="2607" WIDTH="35" />
<String CONTENT="has" HEIGHT="39" HPOS="1336" VPOS="2607" WIDTH="88" />
<SP HEIGHT="37" HPOS="1425" VPOS="2609" WIDTH="27" />
<String CONTENT="title:" HEIGHT="40" HPOS="1453" VPOS="2607" WIDTH="134" />
<SP HEIGHT="41" HPOS="1588" VPOS="2607" WIDTH="29" />
<String CONTENT="Comet" HEIGHT="41" HPOS="1618" VPOS="2607" WIDTH="165" />
<SP HEIGHT="39" HPOS="1784" VPOS="2609" WIDTH="42" />
<String CONTENT="Z." HEIGHT="39" HPOS="1827" VPOS="2609" WIDTH="60" />
</TextLine>
<TextLine CS="1" HEIGHT="100" HPOS="229" VPOS="2673" WIDTH="1965">
<String CONTENT="&#169;" HEIGHT="51" HPOS="229" VPOS="2673" WIDTH="50" />
<SP HEIGHT="51" HPOS="280" VPOS="2673" WIDTH="30" />
<String CONTENT="Feb." HEIGHT="38" HPOS="311" VPOS="2678" WIDTH="109" />
<SP HEIGHT="39" HPOS="421" VPOS="2677" WIDTH="28" />
<String CONTENT="27." HEIGHT="40" HPOS="450" VPOS="2677" WIDTH="68" />
<SP HEIGHT="38" HPOS="519" VPOS="2679" WIDTH="30" />
<String CONTENT="1934;" HEIGHT="40" HPOS="550" VPOS="2677" WIDTH="139" />
<SP HEIGHT="38" HPOS="690" VPOS="2678" WIDTH="32" />
<String CONTENT="2c." HEIGHT="38" HPOS="723" VPOS="2678" WIDTH="66" />
<SP HEIGHT="38" HPOS="790" VPOS="2678" WIDTH="31" />
<String CONTENT="Feb." HEIGHT="38" HPOS="822" VPOS="2678" WIDTH="108" />
<SP HEIGHT="38" HPOS="931" VPOS="2678" WIDTH="31" />
<String CONTENT="27;" HEIGHT="45" HPOS="963" VPOS="2678" WIDTH="81" />
<SP HEIGHT="35" HPOS="1045" VPOS="2688" WIDTH="34" />
<String CONTENT="aff." HEIGHT="40" HPOS="1080" VPOS="2677" WIDTH="79" />
<SP HEIGHT="40" HPOS="1160" VPOS="2677" WIDTH="30" />
<String CONTENT="Feb." HEIGHT="40" HPOS="1191" VPOS="2677" WIDTH="110" />
<SP HEIGHT="39" HPOS="1302" VPOS="2678" WIDTH="30" />
<String CONTENT="28:" CS="1" HEIGHT="39" HPOS="1333" VPOS="2677" WIDTH="55" />
<SP HEIGHT="38" HPOS="1415" VPOS="2678" WIDTH="33" />
<String CONTENT="A" HEIGHT="37" HPOS="1449" VPOS="2678" WIDTH="36" />
<SP HEIGHT="44" HPOS="1498" VPOS="2678" WIDTH="21" />
<String CONTENT="69647:" HEIGHT="40" HPOS="1520" VPOS="2678" WIDTH="168" />
<SP HEIGHT="39" HPOS="1689" VPOS="2679" WIDTH="35" />
<String CONTENT="G." HEIGHT="39" HPOS="1725" VPOS="2679" WIDTH="50" />
<SP HEIGHT="38" HPOS="1776" VPOS="2680" WIDTH="33" />
<String CONTENT="Weston," HEIGHT="46" HPOS="1810" VPOS="2680" WIDTH="209" />
<SP HEIGHT="45" HPOS="2020" VPOS="2681" WIDTH="33" />
<String CONTENT="Plainfield." HEIGHT="93" HPOS="294" VPOS="2680" WIDTH="1900" />
</TextLine>
<TextLine HEIGHT="47" HPOS="448" VPOS="2734" WIDTH="468">
<String CONTENT="Conn." HEIGHT="39" HPOS="448" VPOS="2734" WIDTH="144" />
<SP HEIGHT="46" HPOS="593" VPOS="2734" WIDTH="74" />
<String CONTENT="(34-4060)" HEIGHT="47" HPOS="668" VPOS="2734" WIDTH="248" />
</TextLine>
<TextLine HEIGHT="64" HPOS="227" STYLEREFS="StyleId-5FC929A7-F555-4330-ADBE-F6F26FBFE0A2-" VPOS="2835" WIDTH="580">
<String CONTENT="Whiting," HEIGHT="64" HPOS="227" VPOS="2835" WIDTH="286" />
<SP HEIGHT="62" HPOS="514" VPOS="2837" WIDTH="30" />
<String CONTENT="Ellis" HEIGHT="53" HPOS="545" VPOS="2836" WIDTH="146" />
<SP HEIGHT="53" HPOS="692" VPOS="2837" WIDTH="26" />
<String CONTENT="W." HEIGHT="54" HPOS="719" VPOS="2837" WIDTH="88" />
</TextLine>
<TextLine CS="1" HEIGHT="72" HPOS="292" STYLEREFS="StyleId-B4D57935-C1D6-411E-A8E2-EE87515B4400-" VPOS="2911" WIDTH="1923">
<String CONTENT="The" HEIGHT="51" HPOS="292" VPOS="2912" WIDTH="121" />
<SP HEIGHT="33" HPOS="414" VPOS="2930" WIDTH="23" />
<String CONTENT="story" HEIGHT="62" HPOS="438" VPOS="2917" WIDTH="156" />
<SP HEIGHT="49" HPOS="595" VPOS="2930" WIDTH="23" />
<String CONTENT="of" HEIGHT="52" HPOS="619" VPOS="2911" WIDTH="64" />
<SP HEIGHT="52" HPOS="684" VPOS="2911" WIDTH="21" />
<String CONTENT="life," HEIGHT="68" HPOS="706" VPOS="2912" WIDTH="121" />
<SP HEIGHT="66" HPOS="828" VPOS="2914" WIDTH="22" />
<String CONTENT="by" CS="1" HEIGHT="51" HPOS="851" VPOS="2914" WIDTH="35" />
<SP HEIGHT="50" HPOS="926" VPOS="2915" WIDTH="25" />
<String CONTENT="Ellis" HEIGHT="52" HPOS="952" VPOS="2914" WIDTH="146" />
<SP HEIGHT="52" HPOS="1099" VPOS="2914" WIDTH="23" />
<String CONTENT="W." HEIGHT="52" HPOS="1123" VPOS="2914" WIDTH="86" />
<SP HEIGHT="52" HPOS="1210" VPOS="2915" WIDTH="23" />
<String CONTENT="Whiting;" HEIGHT="68" HPOS="1234" VPOS="2913" WIDTH="293" />
<SP HEIGHT="48" HPOS="1528" VPOS="2933" WIDTH="27" />
<String CONTENT="an" HEIGHT="33" HPOS="1556" VPOS="2933" WIDTH="72" />
<SP HEIGHT="50" HPOS="1629" VPOS="2917" WIDTH="20" />
<String CONTENT="intelligent" HEIGHT="69" HPOS="1650" VPOS="2914" WIDTH="325" />
<SP HEIGHT="46" HPOS="1976" VPOS="2923" WIDTH="23" />
<String CONTENT="answer" HEIGHT="33" HPOS="2000" VPOS="2937" WIDTH="215" />
</TextLine>
<TextLine CS="1" HEIGHT="67" HPOS="223" STYLEREFS="StyleId-B4D57935-C1D6-411E-A8E2-EE87515B4400-" VPOS="2990" WIDTH="1989">
<String CONTENT="to" HEIGHT="46" HPOS="223" VPOS="2996" WIDTH="56" />
<SP HEIGHT="46" HPOS="280" VPOS="2996" WIDTH="57" />
<String CONTENT="the" HEIGHT="51" HPOS="338" VPOS="2990" WIDTH="95" />
<SP HEIGHT="50" HPOS="434" VPOS="3007" WIDTH="56" />
<String CONTENT="question," HEIGHT="67" HPOS="491" VPOS="2990" WIDTH="273" />
<SP HEIGHT="66" HPOS="765" VPOS="2990" WIDTH="59" />
<String CONTENT="&#8220;Mother," HEIGHT="67" HPOS="825" VPOS="2990" WIDTH="278" />
<SP HEIGHT="48" HPOS="1104" VPOS="3009" WIDTH="56" />
<String CONTENT="where" HEIGHT="51" HPOS="1161" VPOS="2991" WIDTH="183" />
<SP HEIGHT="51" HPOS="1345" VPOS="2993" WIDTH="56" />
<String CONTENT="do" HEIGHT="51" HPOS="1402" VPOS="2993" WIDTH="70" />
<SP HEIGHT="51" HPOS="1473" VPOS="2993" WIDTH="54" />
<String CONTENT="babies" HEIGHT="53" HPOS="1528" VPOS="2992" WIDTH="192" />
<SP HEIGHT="33" HPOS="1721" VPOS="3013" WIDTH="56" />
<String CONTENT="come" HEIGHT="37" HPOS="1778" VPOS="3010" WIDTH="152" />
<SP HEIGHT="53" HPOS="1931" VPOS="2994" WIDTH="56" />
<String CONTENT="from?&#8221;" HEIGHT="53" HPOS="1988" VPOS="2994" WIDTH="224" />
</TextLine>
<TextLine HEIGHT="68" HPOS="230" STYLEREFS="StyleId-B4D57935-C1D6-411E-A8E2-EE87515B4400-" VPOS="3066" WIDTH="698">
<String CONTENT="[Menasha," HEIGHT="67" HPOS="230" VPOS="3067" WIDTH="308" />
<SP HEIGHT="66" HPOS="539" VPOS="3068" WIDTH="26" />
<String CONTENT="Wis.," HEIGHT="68" HPOS="566" VPOS="3066" WIDTH="158" />
<SP HEIGHT="60" HPOS="725" VPOS="3074" WIDTH="28" />
<String CONTENT="c" HEIGHT="20" HPOS="754" STYLE="superscript" VPOS="3074" WIDTH="19" />
<String CONTENT="1933]" HEIGHT="63" HPOS="777" VPOS="3071" WIDTH="151" />
</TextLine>
<TextLine HEIGHT="48" HPOS="294" VPOS="3140" WIDTH="493">
<String CONTENT="39" HEIGHT="39" HPOS="294" VPOS="3140" WIDTH="56" />
<SP HEIGHT="48" HPOS="351" VPOS="3140" WIDTH="30" />
<String CONTENT="p." HEIGHT="37" HPOS="382" VPOS="3151" WIDTH="41" />
<SP HEIGHT="38" HPOS="424" VPOS="3141" WIDTH="60" />
<String CONTENT="illus." HEIGHT="38" HPOS="485" VPOS="3141" WIDTH="125" />
<SP HEIGHT="36" HPOS="611" VPOS="3143" WIDTH="61" />
<String CONTENT="18" HEIGHT="39" HPOS="673" VPOS="3141" WIDTH="54" />
<String CONTENT="cm" HEIGHT="21" HPOS="731" STYLE="superscript" VPOS="3142" WIDTH="42" />
<String CONTENT="." HEIGHT="7" HPOS="780" VPOS="3173" WIDTH="7" />
</TextLine>
<TextLine HEIGHT="53" HPOS="297" VPOS="3196" WIDTH="1915">
<String CONTENT="&#8220;First" HEIGHT="40" HPOS="297" VPOS="3197" WIDTH="161" />
<SP HEIGHT="38" HPOS="459" VPOS="3199" WIDTH="34" />
<String CONTENT="edition&#8212;copyrighted" HEIGHT="49" HPOS="494" VPOS="3197" WIDTH="557" />
<SP HEIGHT="39" HPOS="1052" VPOS="3199" WIDTH="35" />
<String CONTENT="February" HEIGHT="46" HPOS="1088" VPOS="3199" WIDTH="248" />
<SP HEIGHT="45" HPOS="1337" VPOS="3200" WIDTH="32" />
<String CONTENT="1933." HEIGHT="42" HPOS="1370" VPOS="3196" WIDTH="126" />
<SP HEIGHT="40" HPOS="1497" VPOS="3199" WIDTH="63" />
<String CONTENT="Second" HEIGHT="41" HPOS="1561" VPOS="3199" WIDTH="182" />
<SP HEIGHT="38" HPOS="1744" VPOS="3202" WIDTH="33" />
<String CONTENT="edition," HEIGHT="49" HPOS="1778" VPOS="3200" WIDTH="196" />
<SP HEIGHT="36" HPOS="1975" VPOS="3213" WIDTH="36" />
<String CONTENT="revised," HEIGHT="47" HPOS="2012" VPOS="3201" WIDTH="200" />
</TextLine>
<TextLine HEIGHT="48" HPOS="225" VPOS="3254" WIDTH="791">
<String CONTENT="copyrighted" HEIGHT="48" HPOS="225" VPOS="3254" WIDTH="312" />
<SP HEIGHT="39" HPOS="538" VPOS="3254" WIDTH="29" />
<String CONTENT="December" HEIGHT="39" HPOS="568" VPOS="3254" WIDTH="261" />
<SP HEIGHT="37" HPOS="830" VPOS="3256" WIDTH="28" />
<String CONTENT="1933.&#8221;" HEIGHT="40" HPOS="859" VPOS="3255" WIDTH="157" />
</TextLine>
<TextLine HEIGHT="55" HPOS="229" VPOS="3321" WIDTH="1981">
<String CONTENT="&#169;" HEIGHT="51" HPOS="229" VPOS="3321" WIDTH="50" />
<SP HEIGHT="51" HPOS="280" VPOS="3321" WIDTH="26" />
<String CONTENT="Dec." HEIGHT="37" HPOS="307" VPOS="3327" WIDTH="109" />
<SP HEIGHT="38" HPOS="417" VPOS="3326" WIDTH="27" />
<String CONTENT="29." HEIGHT="39" HPOS="445" VPOS="3325" WIDTH="67" />
<SP HEIGHT="37" HPOS="513" VPOS="3327" WIDTH="26" />
<String CONTENT="1933;" HEIGHT="39" HPOS="540" VPOS="3325" WIDTH="139" />
<SP HEIGHT="37" HPOS="680" VPOS="3327" WIDTH="28" />
<String CONTENT="2c." HEIGHT="37" HPOS="709" VPOS="3327" WIDTH="64" />
<SP HEIGHT="38" HPOS="774" VPOS="3326" WIDTH="27" />
<String CONTENT="Jan." HEIGHT="38" HPOS="802" VPOS="3326" WIDTH="106" />
<SP HEIGHT="36" HPOS="909" VPOS="3328" WIDTH="28" />
<String CONTENT="10," HEIGHT="47" HPOS="938" VPOS="3325" WIDTH="67" />
<SP HEIGHT="44" HPOS="1006" VPOS="3328" WIDTH="28" />
<String CONTENT="1934;" HEIGHT="39" HPOS="1035" VPOS="3326" WIDTH="138" />
<SP HEIGHT="28" HPOS="1174" VPOS="3337" WIDTH="28" />
<String CONTENT="aff." HEIGHT="39" HPOS="1203" VPOS="3326" WIDTH="80" />
<SP HEIGHT="38" HPOS="1284" VPOS="3327" WIDTH="28" />
<String CONTENT="Jan." HEIGHT="38" HPOS="1313" VPOS="3327" WIDTH="107" />
<SP HEIGHT="39" HPOS="1421" VPOS="3327" WIDTH="28" />
<String CONTENT="8;" HEIGHT="45" HPOS="1450" VPOS="3327" WIDTH="51" />
<SP HEIGHT="43" HPOS="1502" VPOS="3329" WIDTH="29" />
<String CONTENT="A" HEIGHT="37" HPOS="1532" VPOS="3329" WIDTH="41" />
<SP HEIGHT="39" HPOS="1574" VPOS="3328" WIDTH="25" />
<String CONTENT="67921:" HEIGHT="40" HPOS="1600" VPOS="3328" WIDTH="167" />
<SP HEIGHT="37" HPOS="1768" VPOS="3331" WIDTH="32" />
<String CONTENT="E." HEIGHT="37" HPOS="1801" VPOS="3331" WIDTH="51" />
<SP HEIGHT="37" HPOS="1853" VPOS="3331" WIDTH="27" />
<String CONTENT="W." HEIGHT="36" HPOS="1881" VPOS="3331" WIDTH="67" />
<SP HEIGHT="37" HPOS="1949" VPOS="3331" WIDTH="31" />
<String CONTENT="Whiting," HEIGHT="46" HPOS="1981" VPOS="3330" WIDTH="229" />
</TextLine>
<TextLine CS="1" HEIGHT="55" HPOS="296" VPOS="3378" WIDTH="1502">
<String CONTENT="Appleton." HEIGHT="46" HPOS="296" VPOS="3382" WIDTH="250" />
<SP HEIGHT="38" HPOS="547" VPOS="3382" WIDTH="29" />
<String CONTENT="Wis." HEIGHT="38" HPOS="577" VPOS="3382" WIDTH="114" />
<SP HEIGHT="28" HPOS="692" VPOS="3401" WIDTH="64" />
<String CONTENT="[&#169;" CS="1" HEIGHT="50" HPOS="772" VPOS="3378" WIDTH="51" />
<SP HEIGHT="50" HPOS="824" VPOS="3378" WIDTH="28" />
<String CONTENT="revision" HEIGHT="39" HPOS="853" VPOS="3383" WIDTH="211" />
<SP HEIGHT="28" HPOS="1065" VPOS="3394" WIDTH="27" />
<String CONTENT="and" HEIGHT="37" HPOS="1093" VPOS="3385" WIDTH="92" />
<SP HEIGHT="37" HPOS="1186" VPOS="3385" WIDTH="29" />
<String CONTENT="additions]" HEIGHT="48" HPOS="1216" VPOS="3383" WIDTH="258" />
<SP HEIGHT="47" HPOS="1475" VPOS="3384" WIDTH="74" />
<String CONTENT="(34-2614)" CS="1" HEIGHT="49" HPOS="1550" VPOS="3384" WIDTH="248" />
</TextLine>
<TextLine HEIGHT="69" HPOS="230" STYLEREFS="StyleId-5FC929A7-F555-4330-ADBE-F6F26FBFE0A2-" VPOS="3482" WIDTH="979">
<String CONTENT="Whitney," HEIGHT="65" HPOS="230" VPOS="3482" WIDTH="293" />
<SP HEIGHT="61" HPOS="524" VPOS="3486" WIDTH="30" />
<String CONTENT="Harris" HEIGHT="52" HPOS="555" VPOS="3485" WIDTH="211" />
<SP HEIGHT="52" HPOS="767" VPOS="3487" WIDTH="27" />
<String CONTENT="Smith," HEIGHT="67" HPOS="795" VPOS="3484" WIDTH="212" />
<SP HEIGHT="60" HPOS="1008" VPOS="3491" WIDTH="31" />
<String CONTENT="1870-" HEIGHT="49" HPOS="1040" VPOS="3490" WIDTH="169" />
</TextLine>
<TextLine HEIGHT="73" HPOS="299" STYLEREFS="StyleId-B4D57935-C1D6-411E-A8E2-EE87515B4400-" VPOS="3561" WIDTH="1911">
<String CONTENT="Joseph" HEIGHT="67" HPOS="299" VPOS="3561" WIDTH="215" />
<SP HEIGHT="51" HPOS="515" VPOS="3562" WIDTH="35" />
<String CONTENT="of" HEIGHT="51" HPOS="551" VPOS="3562" WIDTH="61" />
<SP HEIGHT="52" HPOS="613" VPOS="3562" WIDTH="36" />
<String CONTENT="Bethlehem," HEIGHT="54" HPOS="650" VPOS="3563" WIDTH="348" />
<SP HEIGHT="52" HPOS="999" VPOS="3565" WIDTH="32" />
<String CONTENT="by" HEIGHT="66" HPOS="1032" VPOS="3565" WIDTH="73" />
<SP HEIGHT="65" HPOS="1106" VPOS="3566" WIDTH="30" />
<String CONTENT="H." HEIGHT="50" HPOS="1137" VPOS="3566" WIDTH="75" />
<SP HEIGHT="54" HPOS="1213" VPOS="3565" WIDTH="38" />
<String CONTENT="S." HEIGHT="54" HPOS="1252" VPOS="3565" WIDTH="54" />
<SP HEIGHT="51" HPOS="1307" VPOS="3566" WIDTH="34" />
<String CONTENT="Whitney." HEIGHT="67" HPOS="1342" VPOS="3565" WIDTH="289" />
<SP HEIGHT="51" HPOS="1632" VPOS="3569" WIDTH="71" />
<String CONTENT="Benton" HEIGHT="51" HPOS="1704" VPOS="3569" WIDTH="223" />
<SP HEIGHT="50" HPOS="1928" VPOS="3570" WIDTH="32" />
<String CONTENT="Harbor," HEIGHT="65" HPOS="1961" VPOS="3569" WIDTH="249" />
</TextLine>
<TextLine HEIGHT="57" HPOS="231" STYLEREFS="StyleId-B4D57935-C1D6-411E-A8E2-EE87515B4400-" VPOS="3638" WIDTH="369">
<String CONTENT="Mich.," HEIGHT="57" HPOS="231" VPOS="3638" WIDTH="188" />
<SP HEIGHT="52" HPOS="420" VPOS="3643" WIDTH="32" />
<String CONTENT="1933." HEIGHT="49" HPOS="453" VPOS="3642" WIDTH="147" />
</TextLine>
<TextLine CS="1" HEIGHT="47" HPOS="295" VPOS="3711" WIDTH="825">
<String CONTENT="2" HEIGHT="37" HPOS="295" VPOS="3711" WIDTH="24" />
<SP />
<String CONTENT="p." HEIGHT="36" HPOS="349" VPOS="3722" WIDTH="39" />
<SP HEIGHT="36" HPOS="389" VPOS="3713" WIDTH="30" />
<String CONTENT="1.," CS="1" HEIGHT="6" HPOS="441" VPOS="3743" WIDTH="6" />
<SP HEIGHT="36" HPOS="462" VPOS="3713" WIDTH="30" />
<String CONTENT="14" HEIGHT="36" HPOS="493" VPOS="3713" WIDTH="53" />
<SP HEIGHT="37" HPOS="547" VPOS="3713" WIDTH="27" />
<String CONTENT="numb." HEIGHT="38" HPOS="575" VPOS="3713" WIDTH="157" />
<SP />
<String CONTENT="l.," CS="1" HEIGHT="8" HPOS="799" VPOS="3745" WIDTH="7" />
<SP HEIGHT="38" HPOS="807" VPOS="3715" WIDTH="28" />
<String CONTENT="1" HEIGHT="37" HPOS="836" VPOS="3715" WIDTH="23" />
<SP />
<String CONTENT="l." CS="1" />
<SP HEIGHT="37" HPOS="919" VPOS="3715" WIDTH="58" />
<String CONTENT="25&#189;" CS="1" HEIGHT="37" HPOS="978" VPOS="3715" WIDTH="54" />
<String CONTENT="cm" HEIGHT="21" HPOS="1065" STYLE="superscript" VPOS="3717" WIDTH="43" />
<String CONTENT="." HEIGHT="6" HPOS="1114" VPOS="3746" WIDTH="6" />
</TextLine>
<TextLine CS="1" HEIGHT="53" HPOS="297" VPOS="3768" WIDTH="1912">
<String CONTENT="&quot;Edition" HEIGHT="40" HPOS="297" VPOS="3768" WIDTH="223" />
<SP HEIGHT="37" HPOS="521" VPOS="3770" WIDTH="34" />
<String CONTENT="limited" HEIGHT="40" HPOS="556" VPOS="3768" WIDTH="186" />
<SP HEIGHT="39" HPOS="743" VPOS="3770" WIDTH="35" />
<String CONTENT="to" HEIGHT="36" HPOS="779" VPOS="3773" WIDTH="47" />
<SP HEIGHT="39" HPOS="827" VPOS="3770" WIDTH="35" />
<String CONTENT="five" HEIGHT="39" HPOS="863" VPOS="3770" WIDTH="89" />
<SP HEIGHT="37" HPOS="953" VPOS="3772" WIDTH="35" />
<String CONTENT="hundred" HEIGHT="39" HPOS="989" VPOS="3772" WIDTH="218" />
<SP HEIGHT="38" HPOS="1208" VPOS="3772" WIDTH="35" />
<String CONTENT="copies." CS="1" HEIGHT="47" HPOS="1244" VPOS="3771" WIDTH="156" />
<SP HEIGHT="39" HPOS="1443" VPOS="3771" WIDTH="64" />
<String CONTENT="This" HEIGHT="40" HPOS="1508" VPOS="3772" WIDTH="117" />
<SP HEIGHT="29" HPOS="1626" VPOS="3784" WIDTH="36" />
<String CONTENT="copy" HEIGHT="37" HPOS="1663" VPOS="3784" WIDTH="118" />
<SP HEIGHT="35" HPOS="1782" VPOS="3785" WIDTH="34" />
<String CONTENT="not" HEIGHT="35" HPOS="1817" VPOS="3779" WIDTH="82" />
<SP HEIGHT="35" HPOS="1900" VPOS="3779" WIDTH="35" />
<String CONTENT="numbered." HEIGHT="39" HPOS="1936" VPOS="3775" WIDTH="273" />
</TextLine>
<TextLine HEIGHT="47" HPOS="295" VPOS="3825" WIDTH="495">
<String CONTENT="A" HEIGHT="38" HPOS="295" VPOS="3825" WIDTH="37" />
<SP HEIGHT="38" HPOS="333" VPOS="3825" WIDTH="30" />
<String CONTENT="narrative" HEIGHT="39" HPOS="364" VPOS="3825" WIDTH="248" />
<SP HEIGHT="36" HPOS="613" VPOS="3836" WIDTH="30" />
<String CONTENT="poem." HEIGHT="38" HPOS="644" VPOS="3834" WIDTH="146" />
</TextLine>
<TextLine CS="1" HEIGHT="56" HPOS="230" VPOS="3887" WIDTH="1979">
<String CONTENT="&#169;" HEIGHT="51" HPOS="230" VPOS="3887" WIDTH="50" />
<SP HEIGHT="51" HPOS="281" VPOS="3887" WIDTH="33" />
<String CONTENT="Oct." HEIGHT="39" HPOS="315" VPOS="3892" WIDTH="99" />
<SP />
<String CONTENT="l." CS="1" />
<SP HEIGHT="37" HPOS="487" VPOS="3895" WIDTH="33" />
<String CONTENT="1933;" HEIGHT="46" HPOS="521" VPOS="3894" WIDTH="138" />
<SP HEIGHT="45" HPOS="660" VPOS="3895" WIDTH="32" />
<String CONTENT="2c." HEIGHT="39" HPOS="693" VPOS="3895" WIDTH="66" />
<SP HEIGHT="28" HPOS="760" VPOS="3906" WIDTH="32" />
<String CONTENT="and" HEIGHT="38" HPOS="793" VPOS="3897" WIDTH="94" />
<SP HEIGHT="39" HPOS="888" VPOS="3897" WIDTH="32" />
<String CONTENT="aff." HEIGHT="40" HPOS="921" VPOS="3896" WIDTH="79" />
<SP HEIGHT="38" HPOS="1001" VPOS="3898" WIDTH="33" />
<String CONTENT="Dec." HEIGHT="39" HPOS="1035" VPOS="3898" WIDTH="109" />
<SP HEIGHT="38" HPOS="1145" VPOS="3899" WIDTH="33" />
<String CONTENT="28:" HEIGHT="39" HPOS="1179" VPOS="3899" WIDTH="79" />
<SP HEIGHT="38" HPOS="1259" VPOS="3899" WIDTH="34" />
<String CONTENT="A" HEIGHT="37" HPOS="1294" VPOS="3899" WIDTH="41" />
<SP HEIGHT="40" HPOS="1336" VPOS="3898" WIDTH="30" />
<String CONTENT="68829:" HEIGHT="40" HPOS="1367" VPOS="3898" WIDTH="168" />
<SP HEIGHT="38" HPOS="1536" VPOS="3901" WIDTH="36" />
<String CONTENT="H." HEIGHT="38" HPOS="1573" VPOS="3901" WIDTH="56" />
<SP HEIGHT="40" HPOS="1630" VPOS="3901" WIDTH="38" />
<String CONTENT="S." HEIGHT="40" HPOS="1669" VPOS="3901" WIDTH="42" />
<SP HEIGHT="37" HPOS="1712" VPOS="3903" WIDTH="34" />
<String CONTENT="Whitney." CS="1" HEIGHT="39" HPOS="1747" VPOS="3903" WIDTH="238" />
<SP HEIGHT="38" HPOS="1986" VPOS="3904" WIDTH="36" />
<String CONTENT="Benton" HEIGHT="47" HPOS="2023" VPOS="3896" WIDTH="186" />
</TextLine>
<TextLine HEIGHT="52" HPOS="295" VPOS="3948" WIDTH="698">
<String CONTENT="Harbor." HEIGHT="42" HPOS="295" VPOS="3948" WIDTH="205" />
<SP HEIGHT="39" HPOS="501" VPOS="3951" WIDTH="31" />
<String CONTENT="Mich." HEIGHT="40" HPOS="533" VPOS="3951" WIDTH="139" />
<SP HEIGHT="48" HPOS="673" VPOS="3951" WIDTH="71" />
<String CONTENT="(34-3952)" HEIGHT="49" HPOS="745" VPOS="3951" WIDTH="248" />
</TextLine>
</TextBlock>
</PrintSpace>
</Page>
</Layout>
</alto>