2350 4196
1098 4019 131 53 1687

222 443 114 40 xvii.
369 442 143 40 5-207
545 454 40 35 p.
648 442 125 39 illus.,
822 440 176 47 diagrs.
1061 439 114 38 24cm.

225 498 373 48 Bibliography:
632 510 39 36 p.
705 497 214 41 184-198.

153 552 51 51 ©
237 557 125 47 Sept.
390 556 68 41 24,
487 555 138 42 1934;
654 557 66 38 2c.
749 556 93 38 and
871 553 79 41 aff.
980 554 101 37 Nov.
1125 552 50 45 8;
1206 552 40 38 A
1272 550 170 45 77380;
1477 551 35 38 F.
1556 550 51 39 A.
1637 550 152 40 Davis
1817 561 66 29 co.

231 612 279 47 (34-41802)

150 688 310 61 Rossman,
494 689 238 62 Joseph,
771 693 167 48 1899—

226 764 121 51 The
390 763 106 51 law
545 763 62 52 of
651 768 224 63 patents
922 761 92 55 for
1060 761 276 65 chemists,
1383 759 72 68 by
1503 759 213 67 Joseph
1764 759 271 53 Rossman

154 841 69 51 2d
252 842 82 52 ed.
412 839 330 68 Baltimore,
768 841 120 51 The
914 838 284 54 Williams
1225 839 44 49 &
1297 837 250 53 Wilkins
1572 854 295 51 company,
1897 839 147 48 1934.

223 912 65 48 xi,
321 912 88 40 378
439 923 40 36 p.
541 912 146 39 20½cm.

226 969 176 39 “Table
437 969 50 39 of
519 969 163 40 cases”;
748 981 40 36 p.
823 968 217 41 361-365.

226 1025 245 41 “Selected
508 1025 363 48 bibliography”
891 1039 8 27 :
936 1035 42 37 p.
1008 1023 216 42 353-359.

157 1082 49 52 ©
239 1088 111 39 Dec.
380 1087 40 45 4,
452 1084 140 43 1934;
627 1087 52 38 2c.
726 1087 94 38 and
853 1084 79 40 aff.
967 1085 111 40 Dec.
1111 1082 78 47 12;
1226 1084 39 37 A
1296 1083 169 45 77638;
1501 1083 241 40 Williams
1775 1084 36 39 &
1844 1083 207 40 Wilkins
2085 1095 67 28 co.

234 1143 279 48 (34-41979)

152 1219 307 60 Schnabel,
489 1220 208 63 Artur,
731 1224 170 49 1882-

222 1297 341 54 Reflections
617 1317 71 34 on
743 1297 179 52 music
980 1296 108 66 [by]
1148 1295 188 52 Artur
1391 1294 297 54 Schnabel.
1784 1295 136 52 New
1979 1295 179 65 York,

154 1375 197 54 Simon
382 1375 112 52 and
528 1374 288 66 Schuster,
850 1377 149 49 1934.

224 1449 25 37 2
273 1457 43 37 p.
363 1478 21 14 l.,
412 1445 115 41 3-63
552 1457 41 36 p.
655 1446 145 40 19½cm.

228 1504 146 40 “This
406 1504 182 39 edition
622 1504 40 39 is
693 1503 229 47 specially
954 1502 226 47 designed
1214 1501 56 47 by
1307 1501 146 39 Ernst
1486 1501 147 39 Reichl
1688 1503 91 37 and
1817 1502 40 38 is
1892 1501 183 40 limited
2111 1504 48 37 to

153 1560 85 40 200
266 1561 166 47 signed
463 1562 94 38 and
586 1561 261 39 numbered
874 1559 200 48 copies.”

229 1617 318 40 “Translated
580 1617 60 47 by
673 1616 149 41 César
856 1616 318 48 Saerchinger
1206 1616 122 39 from
1365 1627 59 27 an
1462 1616 202 40 address
1698 1616 242 41 delivered
1975 1616 58 45 by
2126 1625 30 28 Mr.

155 1673 237 42 Schnabel
416 1676 52 38 at
494 1674 82 40 the
602 1674 282 45 University
911 1674 53 39 of
986 1673 321 40 Manchester.”

161 1730 50 51 ©
247 1735 116 37 Nov.
397 1734 38 46 1,
468 1732 139 45 1934;
643 1734 64 39 2c.
742 1734 114 38 Nov.
894 1732 77 43 12;
1009 1732 78 39 aff.
1124 1733 114 40 Nov.
1273 1732 52 44 9;
1362 1733 38 38 A
1437 1732 168 41 78039;
1646 1732 162 41 Simon
1841 1734 36 39 &
1913 1733 243 44 Schuster,

227 1790 89 40 inc.
388 1791 280 46 (34-41765)

156 1865 192 64 Sloan,
380 1866 206 53 James
615 1865 273 65 William,
924 1869 169 50 1907-

228 1944 120 51 The
390 1943 284 66 compleat
715 1943 238 66 printer,
995 1943 72 66 by
1110 1942 192 53 James
1345 1943 87 51 W.
1478 1941 170 55 Sloan
1695 1943 111 52 and
1852 1942 196 52 Frank
2090 1944 69 52 R.

159 2022 191 65 Sloan,
384 2021 70 66 jr.
531 2021 328 67 Tarentum,
897 2023 116 65 Pa.,
1049 2019 152 55 Priv.
1238 2021 193 67 print.,
1469 2024 147 49 1934.

229 2079 462 65 29 p., 1 l. 18½cm.
235 2152 311 48 “Forty-nine
572 2152 158 48 copies
756 2152 191 48 printed
973 2164 58 28 on
1059 2152 304 40 Strathmore
1389 2153 159 47 Japan
1574 2153 58 47 by
1661 2153 78 38 the
1767 2152 144 40 Sloan
1938 2153 222 39 brothers

160 2211 52 38 at
245 2210 80 39 the
361 2209 112 48 Sign
509 2210 50 39 of
594 2211 79 38 the
709 2211 81 38 red
826 2210 97 39 lion
959 2209 45 39 in
1041 2210 278 45 Tarentum,
1355 2208 403 47 Pennsylvania.”

162 2262 53 52 ©
244 2268 116 40 Nov.
392 2266 67 42 28.
494 2267 139 41 1934;
668 2268 66 38 2c.
768 2269 94 37 and
897 2266 81 41 aff.
1013 2268 107 37 Dec.
1156 2268 51 40 3;
1245 2267 37 38 A
1315 2266 172 41 77450;
1527 2267 144 40 Sloan
1708 2268 108 38 bros
1837 2298 7 11 ,
1879 2267 279 46 Tarentum,

231 2324 81 39 Pa.
384 2324 280 47 (34-41785)

158 2397 214 68 Smith,
404 2401 205 62 Henry
644 2401 216 61 Justin,
896 2400 169 53 1875-

230 2477 103 53 It’s
373 2478 96 52 the
508 2496 125 48 way
674 2477 91 53 it’s
808 2477 256 66 written;
1109 2475 258 70 Writing
1409 2497 193 34 versus
1642 2478 340 66 everything
2023 2479 136 64 else;

160 2555 214 52 Genius
409 2574 71 33 on
515 2573 334 48 newspaper
886 2573 145 47 row;
1067 2555 171 67 being
1270 2574 153 34 some
1457 2555 389 54 observations
1883 2575 67 33 on
165 2575 1974 125 newspaper
369 2632 173 67 work,
574 2632 138 53 with
742 2651 31 33 a
805 2632 111 52 few
946 2651 68 33 on
1049 2633 313 66 literature,
1391 2633 72 66 by
1494 2633 202 65 Henry
1726 2633 195 53 Justin
1957 2633 204 54 Smith.

158 2709 271 68 Chicago,
467 2710 55 54 S.
559 2710 188 52 North
806 2713 175 63 [c1934]

229 2783 69 46 92,
332 2785 33 47 [1]
420 2795 39 36 p.
516 2784 114 39 20cm.

233 2842 183 38 “Three
446 2842 256 38 addresses
730 2839 243 40 delivered
1004 2839 175 49 during
1210 2842 80 38 the
1323 2844 107 44 past
1463 2841 93 39 few
1591 2840 182 40 years.”

164 2893 53 52 ©
248 2900 119 38 Mar.
400 2898 67 42 10,
499 2897 139 40 1934;
671 2898 64 38 2c.
769 2898 94 38 and
896 2897 80 39 aff.
1011 2897 125 47 Sept.
1170 2899 52 38 17;
1285 2899 40 37 A
1355 2897 170 47 75589;
1563 2900 58 38 H.
1655 2899 43 39 J.
1733 2897 170 47 Smith,
1937 2898 221 46 Chicago.

241 2955 280 44 (34-41624)

161 3029 234 66 Sprigg,
429 3030 391 64 Christopher
850 3033 87 52 St.
967 3031 173 55 John.

228 3107 1930 70 The perfect alibi, by C. St. John Sprigg … Garden City,
168 3187 65 51 N.
273 3188 87 63 Y.,
394 3187 141 53 Pub.
574 3185 92 54 for
703 3187 92 52 the
832 3186 190 54 Crime
1056 3188 142 58 club,
1235 3188 121 65 inc.,
1427 3206 35 49 by
1497 3188 355 65 Doubleday,
1885 3189 193 51 Doran
2116 3191 44 48 &

159 3282 295 48 company,
484 3265 123 61 inc.,
641 3269 147 48 1934.

230 3337 964 48 4 p. l ., vii-viii p., 1 l., 304 p. 19½cm.
233 3393 160 40 “First
422 3393 225 40 edition.”

166 3448 51 51 ©
247 3454 110 38 Dec.
389 3453 37 39 5.
458 3451 139 41 1934;
630 3451 66 42 2c.
727 3454 93 37 and
852 3452 80 40 aff.
964 3454 110 40 Dec.
1105 3453 79 42 17;
1218 3454 39 38 A
1288 3453 168 40 77693;
1490 3454 296 45 Doubleday.
1820 3454 164 38 Doran
2016 3454 35 38 &
2081 3465 80 35 co.,

234 3508 87 41 inc.
395 3509 279 47 (34-41602)

163 3581 298 56 Standard
494 3586 426 65 Pennsylvania
954 3587 273 65 practice;
1266 3605 30 33 a
1330 3587 275 66 complete
1636 3590 304 49 statement
1971 3584 64 53 of
2068 3585 95 54 the

241 3659 243 68 practice
511 3662 55 50 in
593 3660 132 53 civil
751 3680 150 36 cases
924 3662 56 51 in
1006 3663 94 52 the
1128 3662 204 54 Courts
1358 3663 63 52 of
1445 3680 253 35 common
1723 3663 172 66 pleas,
243 3661 1894 144 Municipal
357 3744 154 45 court
538 3740 63 50 of
624 3738 423 68 Philadelphia,
1074 3740 224 69 County
1323 3746 160 47 court
1508 3740 62 52 of
1596 3738 319 69 Allegheny
1941 3744 224 63 county,

239 3815 113 52 and
378 3817 62 52 in
470 3817 97 52 the
598 3815 273 68 Superior
903 3817 111 51 and
1046 3817 271 68 Supreme
1349 3825 203 45 courts.
1618 3817 159 53 With
1814 3817 192 53 forms.
2076 3817 85 64 By

238 3893 93 51 the
363 3893 319 67 publishers
714 3893 259 54 editorial
1009 3894 160 67 staff;
1267 3915 86 33 Hon.
1385 3895 211 54 Robert
1628 3914 107 34 von
1764 3894 400 67 Moschzisker,
