2350 4196
1125 4010 96 49 1828

199 399 319 61 Dorsenne,
548 398 165 55 Jean.

328 473 1858 67 … C’est la reine Pomaré … scènes de la vie polynésienne.
196 551 183 66 Paris,
408 552 107 52 Les
545 541 268 64 Éditions
843 553 67 51 de
939 553 235 63 France,
1202 558 19 21 c
1225 553 151 50 1934.

268 622 1146 49 3 p. l., 268 p., 1 l. illus., fold. map. 19 cm .
271 679 417 49 “Bibliographie”:
752 691 42 37 p.
833 679 245 51 [265]-266.

203 733 1900 60 © Oct. 1, 1934; 1c. Dec. 15; A- Foreign 26413; Éditions de France.
280 800 247 49 (35-1953)

203 890 288 64 Dushkin,
521 889 210 57 David.

276 968 131 51 Fun
437 967 141 52 with
607 966 181 67 flutes,
819 967 76 66 by
925 965 195 54 David
1151 964 295 66 Dushkin;
1480 964 149 54 book
1660 964 201 67 design
1893 965 114 53 and
205 965 1968 132 illustrations
480 1044 76 67 by
584 1043 213 54 Alfred
828 1044 71 52 D.
936 1042 243 67 Sterges.
1256 1039 270 70 Chicago,
1558 1042 113 66 Ill.,
1704 1043 122 52 The
1858 1040 338 70 University

204 1122 64 52 of
295 1121 249 68 Chicago
574 1140 158 48 press
765 1124 170 64 [1934]

271 1193 922 50 2 p. l., 27, [1] p. illus. 21 × 28 ½ cm .
273 1252 156 39 Music
455 1250 120 41 with
601 1252 143 47 piano
773 1249 424 48 accompaniment.

206 1305 50 50 ©
287 1311 110 37 Dec.
429 1310 67 45 11,
527 1307 140 41 1934;
700 1307 65 40 2c.
796 1308 109 38 Dec.
937 1307 54 38 22;
1052 1306 79 40 aff.
1165 1308 109 38 Dec.
1304 1305 82 47 24;
1421 1306 40 38 A
1492 1306 140 40 77833;
1695 1305 284 49 University
2006 1306 50 41 of
273 1305 1904 108 Chicago,
430 1365 221 47 Chicago.
723 1364 248 48 (35-1514)

205 1453 264 65 Eubank,
502 1456 202 61 Henry
729 1453 286 64 Ragland,
1045 1458 169 49 1886-

273 1532 259 65 Touring
569 1531 391 66 historyland;
1001 1531 96 51 the
1137 1530 290 52 authentic
1463 1530 172 66 guide
1671 1529 148 54 book
1858 1529 62 53 of
1958 1530 237 53 historic

204 1608 291 52 Northern
530 1607 159 53 Neck
725 1608 62 53 of
824 1607 287 67 Virginia,
1147 1607 95 53 the
1278 1608 137 51 land
1455 1607 62 52 of
1555 1607 221 66 George
1812 1608 382 65 Washington

206 1687 112 51 and
363 1686 217 52 Robert
625 1686 69 51 E.
741 1685 128 66 Lee,
917 1683 279 68 compiled
1244 1685 112 51 and
1404 1684 228 52 written
1679 1684 76 66 by
1801 1684 77 52 H.
1925 1685 269 66 Ragland

204 1761 1991 66 Eubank … Colonial Beach, Va., Issued by the Northern Neck
205 1839 336 53 association
580 1872 12 33 [
598 1845 17 21 c
619 1842 153 63 1934]

275 1911 85 40 108
391 1922 58 38 p.,
484 1912 26 39 1
563 1942 8 9 l.
631 1911 127 40 illus.
817 1909 54 40 23
877 1912 44 21 cm
925 1942 8 8 .

208 1964 51 51 ©
294 1969 115 47 July
440 1969 39 46 3,
511 1967 139 47 1934;
686 1967 64 39 2c.
787 1968 95 38 and
917 1966 78 40 aff.
1030 1968 110 38 Dec.
1175 1965 80 48 29;
1292 1967 40 38 A
1367 1966 167 47 77926;
1571 1968 170 39 Telula
1777 1968 168 46 Bayne
1978 1968 217 47 Eubank,

274 2025 334 47 Washington.
680 2023 248 48 (35-1290)

211 2114 309 66 [Fairfield,
556 2114 256 52 Howard
844 2112 242 67 Parker,
1127 2118 169 49 1858-
1509 2114 83 52 ed.

281 2188 1916 69 The Starrett data book for machinists … Athol, Mass., The
211 2268 62 54 L.
313 2266 56 54 S.
405 2266 249 54 Starrett
688 2283 277 50 company
1023 2268 151 64 [1934]

278 2341 98 47 179,
406 2342 54 47 [1]
489 2352 42 36 p.
588 2341 141 46 illus.,
759 2341 168 45 tables,
954 2340 178 47 diagrs.
1186 2341 56 40 18
1245 2342 43 21 cm
1294 2373 7 8 .

280 2397 937 41 “Volume II of the Starrett books.”
280 2456 109 39 “7th
420 2453 224 41 edition.”

212 2508 51 51 ©
288 2512 110 47 Apr.
426 2512 68 46 15,
520 2510 140 46 1934;
687 2510 65 39 2c.
779 2511 94 37 and
901 2509 79 39 aff.
1008 2511 113 45 May
1145 2510 53 39 28;
1252 2511 42 37 A
1320 2510 141 39 71812;
1516 2511 48 37 L.
1596 2511 42 40 S.
1671 2511 215 40 Starrett
1908 2523 64 29 co.
279 2512 1905 103 [Copyright
433 2568 41 39 is
502 2567 205 40 claimed
734 2577 60 28 on
819 2577 109 29 new
950 2566 241 49 material]
1264 2567 251 47 (35-1460)

213 2644 270 52 Ferreira
508 2644 70 52 de
607 2643 228 63 Castro,

279 2721 231 66 Jungle,
536 2738 30 33 a
593 2720 114 52 tale
733 2719 63 53 of
822 2719 93 53 the
941 2718 258 53 Amazon
1227 2720 484 67 rubber-tappers,
1738 2720 75 67 by
1843 2720 264 54 Ferreira
2135 2721 66 53 de

214 2798 229 65 Castro;
501 2798 315 51 translated
870 2795 153 53 from
1075 2797 95 52 the
1222 2797 352 67 Portuguese
1626 2798 76 67 by
1756 2798 235 54 Charles
2044 2797 158 54 Duff.

208 2876 258 65 London,
497 2875 64 51 L.
593 2873 271 67 Dickson,
893 2874 222 53 limited
1153 2878 153 63 [1934]

277 2947 64 46 xi,
368 2945 85 41 340
477 2956 44 37 p.
581 2945 56 40 20½
670 2948 43 20 cm
718 2977 7 8 .

213 3002 1986 52 © 1c. Dec. 10, 1934; A ad int. 19713; pubd. Oct. 15; Viking press, inc.,
281 3063 116 39 New
422 3062 142 39 York.
637 3060 247 48 (35-1315)

216 3136 179 65 [Fish,
427 3135 289 53 Matthew
745 3133 276 67 Richard]
1058 3139 168 50 1886-

288 3214 121 52 The
433 3212 300 66 denturist,
756 3212 76 66 by
869 3211 248 67 (Marifi)
1219 3214 150 51 [pseud.]
1467 3214 336 65 Worcester,
1832 3214 191 65 Mass.,
2052 3217 150 49 1934.

283 3282 708 49 2 p. l. , [7]-29 p. 15½10 cm .
215 3339 51 50 ©
297 3344 111 38 Dec.
436 3343 67 46 13,
535 3341 114 40 1934;
706 3339 66 41 2c.
804 3342 94 38 and
931 3340 78 39 aff.
1042 3341 109 39 Dec.
1183 3341 81 46 27;
1296 3343 42 37 A
1368 3342 168 47 77888;
1571 3344 60 37 M.
1666 3343 52 38 R.
1753 3343 130 46 Fish,
1915 3344 284 45 Worcester,

283 3401 142 37 Mass.
498 3398 248 48 (35-1551)

214 3471 377 67 Fitzpatrick,
627 3470 314 55 Frederick
973 3471 233 66 Linder,
1240 3479 170 48 1900-

282 3548 248 69 Biology
585 3550 94 53 for
735 3549 192 67 public
984 3549 189 52 school
1228 3550 475 67 administrators,
1759 3552 75 66 by
1891 3552 307 51 Frederick

211 3624 1961 147 Linder Fitzpatrick … New York city, Teachers college, Columbia university, 1934.
285 3777 49 39 vi
360 3787 56 37 p.,
446 3778 25 37 1
519 3808 22 15 l.,
570 3776 55 41 87
652 3787 42 37 p.
754 3776 56 40 19½
842 3779 43 20 cm
891 3809 7 7 .

287 3830 294 42 “Reference
609 3833 147 40 books
786 3834 94 38 and
908 3833 139 39 other
1075 3841 192 31 sources
1296 3833 51 39 of
1372 3833 345 40 information”:
1777 3844 42 36 p.
1849 3833 156 41 77-87.

217 3885 51 51 ©
302 3890 114 38 Nov.
452 3890 37 45 9,
524 3889 139 46 1934;
699 3889 66 40 2c.
799 3891 109 38 Dec.
943 3889 82 46 19;
1061 3888 79 40 aff.
1175 3891 109 38 Dec.
1319 3889 48 39 21;
1438 3892 41 37 A
1512 3891 166 46 77763;
1718 3892 47 37 F.
1803 3892 47 37 L.
1886 3889 312 48 Fitzpatrick.

282 3946 116 38 New
422 3946 144 39 York.
637 3945 249 49 (35-1254)
