2350 4296
1102 3991 96 48 129

157 353 198 66 Adair,
383 353 232 52 Arthur
641 354 225 61 Henry.

220 430 200 54 Salads
447 430 112 51 and
585 429 214 65 salads;
827 447 31 33 a
882 429 151 51 little
1056 428 294 52 collection
1375 427 63 53 of
1463 445 103 33 one
1588 428 262 53 hundred
1876 430 113 52 and
2012 429 135 68 fifty

148 508 211 67 recipes
399 507 93 52 for
528 506 423 68 salads—plain
989 507 111 51 and
1137 508 274 64 complex,
1447 511 168 47 sweet
1651 507 112 51 and
1801 525 243 50 savoury
2080 541 69 6 —

148 586 257 68 together
453 586 139 50 with
639 585 166 51 much
853 585 180 52 sound
1081 582 197 54 advice
1323 602 72 34 on
1440 582 151 53 their
1638 583 388 70 preparation,
2072 586 68 67 by

147 664 69 51 A.
258 663 75 52 H.
373 662 213 67 Adair;
630 662 139 52 with
811 682 30 33 a
883 661 228 68 preface
1149 662 75 66 by
1263 661 76 52 X.
1379 662 80 53 M.
1502 662 313 51 Boulestin.
1890 663 257 68 London,

149 741 300 67 Chapman
482 744 50 48 &
565 740 158 67 Hall,
757 741 102 51 ltd.
919 743 151 63 [1933]

220 816 82 40 103
333 827 43 36 p.
463 816 29 39 19½c
539 818 26 20 m
571 848 6 7 .

154 868 1993 51 © 1c. Jan. 20, 1934; A ad int. 18640; pubd. Nov. 23, 1933; A. H. Adair,
218 930 209 39 London.
500 929 249 48 (34-3910)

150 1030 197 64 Adler,
380 1033 198 61 Jacob,
614 1031 171 54 1877-

229 1105 1779 104 … ל אַכֿ ט, אידן, ל אַכֿ ט. ניו י אׇ רק, פ אַ רל אַ ג אידיש לעבן.
0 0 0 0 [New York] 1933.
0 0 0 0 174, [2] p. 23½cm.
215 1340 1794 59 Author’s pseudonym and name ( ב.ק אׇ וונער (י. אַ דלער at head of title.
216 1409 73 40 On
315 1419 138 30 verso
482 1409 51 40 of
561 1411 125 45 t.-p.:
715 1409 136 47 Keep
879 1419 60 29 on
968 1408 257 47 laughing;
1258 1409 207 39 selected
1496 1409 136 39 short
1662 1410 263 39 humorous
1957 1408 188 41 stories,

145 1466 711 48 by B. Kovner (J. Adler) …
212 1523 127 40 Title
378 1523 418 48 (transliterated):
863 1523 167 47 Lacht,
1059 1523 128 47 yidn,
1217 1523 145 39 lacht.

152 1575 1976 110 © Dec. 14, 1933; 2c. Jan. 8, 1934; aff. Jan. 25: A 69203, J. Adler, Lakewood. N. J. (34-2458)
150 1741 313 54 American
490 1742 111 52 Jaw
629 1740 297 55 institute.

221 1818 385 53 Restatement
643 1819 62 51 of
737 1819 94 54 the
865 1821 109 50 law
1009 1819 62 53 of
1105 1838 229 50 agency,
1369 1839 58 35 as
1463 1819 249 68 adapted
1748 1820 112 52 and
149 1821 1972 143 promulgated

359 1898 73 66 by
471 1899 97 51 the
605 1898 306 53 American
951 1899 109 50 law
1102 1899 276 52 institute.
1458 1898 353 69 Containing
1852 1899 294 53 Nebraska

152 1976 1993 68 annotations, prepared by Maurice H. Merrill … under the
150 2053 1951 69 auspices of the Nebraska state bar association. Volume I, II
291 2131 1591 71 … St. Paul, American law institute publishers, 1933.
217 2206 27 39 2
274 2218 40 27 v.
373 2205 146 42 22½cm.

221 2264 72 39 On
324 2272 165 31 cover:
523 2264 179 40 Pocket
734 2265 317 46 supplement.

153 2317 50 51 ©
240 2322 110 39 Dec.
387 2322 37 38 6.
461 2321 139 45 1933;
637 2322 67 38 2c.
741 2322 116 39 each
894 2323 95 37 and
1026 2321 79 40 aff.
1144 2322 107 39 Jan.
1288 2320 68 48 19,
1394 2321 139 46 1934;
1573 2322 40 38 A
1649 2321 169 47 69080;
1859 2321 157 40 Amer,
2054 2323 93 39 law

220 2379 238 39 institute.

148 2482 120 53 The
314 2480 316 55 American
676 2483 239 66 literary
961 2481 338 53 association
1346 2482 327 67 anthology.
1752 2486 150 48 1933.

221 2481 1900 146 Compiled
413 2560 74 67 by
529 2561 172 54 Clara
744 2560 307 54 Catherine
1087 2559 206 53 Prince
1333 2559 153 52 from
1524 2562 96 49 the
1660 2561 174 51 issues
1875 2560 112 51 and
2027 2557 118 56 files

219 2639 62 51 of
309 2639 97 52 the
434 2638 307 52 American
772 2643 201 63 poetry
1005 2638 310 68 magazine.
1415 2638 293 66 [Menasha,
1738 2639 141 52 Wis.,
1931 2637 221 68 George

219 2718 190 51 Banta
440 2716 336 68 publishing
806 2734 97 50 co.,
936 2724 16 21 c
959 2720 131 48 1933]

225 2791 820 48 2 p. l., 7-162 p. 1 illus. 23cm.
212 2849 226 39 Lettered
468 2859 59 29 on
556 2859 140 29 cover:
756 2847 164 41 Lotus.

150 2901 50 51 ©
232 2906 109 39 Dec.
374 2906 38 45 7,
443 2905 139 46 1933;
615 2906 65 39 2c.
715 2905 109 40 Jan.
855 2905 68 45 10,
956 2904 140 46 1934;
1131 2904 78 40 aff.
1244 2906 109 38 Jan.
1387 2904 50 46 8;
1472 2905 40 38 A
1543 2904 171 47 70015;
1749 2905 157 39 Amer,
1939 2904 205 46 literary

219 2973 141 35 assn.,
390 2963 103 45 inc.,
523 2963 328 45 Wauwatosa,
880 2962 116 39 Wis.
1072 2961 250 47 (34-2460)

151 3051 273 67 Antoine,
458 3053 219 65 André,
713 3056 171 48 1858-

279 3128 1866 70 … Le théâtre, par Antoine. [v. 2] Paris, Les Éditions de
151 3211 445 65 France [ c 1933]
221 3279 1810 51 2 p. l., 511 p. 20cm. (La troisième république de 1870 à nos. jours)
150 3335 1994 51 © Nov. 30, 1933; 1c. Jan. 23, 1934; A- Foreign 23448; Editions de
223 3397 196 39 France.

149 3487 311 64 Appleton,
490 3489 218 51 Ernest
737 3486 239 65 Robert,
1008 3488 170 50 1891-

223 3565 92 50 An
339 3564 213 53 outline
578 3563 61 52 of
664 3562 240 68 religion
931 3562 93 51 for
1047 3560 272 68 children,
1344 3560 73 69 by
1443 3559 67 52 E.
1538 3559 66 50 R.
1631 3557 308 68 Appleton.

152 3557 1972 152 London, H odder and Stoughton, limited [1933]
215 3713 554 49 787 p. illus. 22 ½ cm.
215 3771 348 48 Bibliography
603 3770 225 40 included
869 3770 48 38 in
961 3769 209 48 preface.

151 3826 1976 111 © 1c. Jan. 27, 1834; A ad int. 18634; pubd. Nov. 30, 1933; E. R. Appleton. Cyncoed, Cardill, Wales. (34-3312)
