2350 4196
0 0 0 0 551
247 479 147 62 port,
436 475 67 50 N.
548 477 89 64 Y.,
680 475 251 52 Edward
974 475 328 67 Thompson
1343 490 306 52 company;
1697 476 116 55 San
1853 477 321 68 Francisco,

248 550 193 56 Calif.,
482 552 582 67 Bancroft-Whitney
1104 571 306 49 company;
1454 553 324 68 Rochester,
1817 556 68 52 N.
1926 557 90 64 Y.,
2053 556 120 53 The

245 631 265 65 Lawyers
543 631 380 67 co-operative
955 629 333 68 publishing
1318 646 297 52 company,
1648 633 149 51 1934.

249 703 58 40 30
330 715 42 28 v.
427 703 54 39 24½
514 706 43 20 cm
563 735 7 7 .

250 760 154 39 These
435 761 273 46 pamphlets
740 771 82 29 are
856 762 45 38 to
935 761 56 40 be
1020 759 139 40 fitted
1189 759 102 41 into
1325 760 80 39 the
1438 760 199 48 pockets
1666 762 51 38 at
1750 762 80 39 the
1859 761 121 39 back
2012 763 50 39 of
2095 762 81 42 the

179 818 214 38 volumes
421 817 51 39 of
499 818 80 38 the
605 819 73 37 set
705 819 47 38 to
780 817 158 40 which
965 818 114 46 they
1104 817 182 47 belong.

182 884 50 51 ©
263 889 112 45 May
393 887 202 47 10,1934
613 898 9 36 ;
652 888 65 39 2c.
738 889 118 38 each
875 889 113 46 May
1004 887 55 40 23
1078 898 9 36 ;
1116 886 81 41 aff.
1217 888 114 47 May
1348 887 82 47 25;
1461 887 43 39 A
1531 887 143 40 72499
1692 898 9 36 ;
1734 888 211 40 Edward
250 889 1909 95 Thompson
364 955 80 36 co.,
475 945 230 46 Lawyers
731 944 323 48 co-operative
1081 944 108 48 pub.
1219 953 81 37 co.,
1331 946 95 38 and
1456 944 488 50 Bancroft-Whitney
1974 958 66 29 co.

176 1062 202 65 Sachs,
409 1063 210 65 Georg,
651 1066 171 49 1896-

249 1141 335 53 Praktische
635 1140 417 66 metallkunde;
1104 1140 314 52 schmelzen
1467 1140 118 52 und
1634 1140 235 69 giessen,
1918 1143 261 67 spanlose

178 1219 1995 68 formung, wärmebehandlung, von dr.-ing. G. Sachs … 1. t.
179 1297 328 54 Schmelzen
537 1298 115 51 und
684 1296 233 69 giessen.
995 1296 198 54 Berlin
1221 1300 56 53 J.
1312 1298 296 67 Springer,
1641 1301 150 50 1933.

249 1371 100 47 viii,
374 1371 88 40 272
484 1382 41 37 p.
579 1371 143 46 illus.,
749 1371 169 46 tables,
944 1371 179 47 diagrs.
1153 1369 135 49 (part
1309 1371 144 46 fold.)
1518 1371 57 40 25
1576 1373 44 21 cm
1625 1404 7 7 .

253 1427 413 49 Bibliographical
699 1427 276 41 foot-notes.

182 1497 1943 53 © Dec. 7, 1933; 1c. Mar. 13, 1934; A-Foreign 24076; Julius Springer.
264 1557 278 48 (34-11681)

180 1676 202 66 [Scott,
410 1665 293 64 Winifred
732 1676 190 65 Mary]

247 1752 1928 62 All about Jane, by Pamela Wynne [pseud.] … London,
179 1830 236 67 Collins,
445 1834 151 49 1934.

244 1902 460 50 254 p., 1 l. 19 cm .
183 1970 1993 52 © 1c. Apr. 16, 1934; A ad int. 18908; pubd. Apr. 9; Doubleday, Doran &
249 2043 80 34 co.,
357 2031 105 46 inc.,
492 2031 193 40 Garden
712 2029 125 48 City,
866 2030 54 39 N.
949 2030 52 38 Y.
1068 2030 279 47 (34-12276)

174 2132 214 66 Smith,
417 2132 281 66 Archilia,
728 2134 52 54 d.
812 2136 151 64 1841,
989 2133 329 66 defendant.

247 2213 213 52 Indian
502 2212 230 67 justice;
780 2230 30 33 a
857 2211 286 55 Cherokee
1183 2212 231 52 murder
1456 2213 136 51 trial
1637 2219 58 46 at
1738 2213 331 67 Tahlequah
2112 2213 60 55 in

178 2293 150 64 1840,
364 2309 59 34 as
459 2291 264 66 reported
760 2289 75 68 by
868 2290 157 54 John
1057 2291 258 53 Howard
1350 2292 212 65 Payne,
1597 2291 189 53 edited
1819 2291 140 53 with
178 2291 1967 129 introduction

452 2371 112 51 and
608 2367 285 53 footnotes
935 2367 74 67 by
1053 2367 185 55 Grant
1281 2369 298 51 Foreman.
1656 2367 320 55 Oklahoma
2021 2369 150 67 City,

176 2444 184 68 Okla.,
391 2447 240 51 Harlow
662 2444 335 68 publishing
1026 2462 295 50 company,
1353 2450 147 49 1934.

253 2518 26 39 2
311 2529 43 37 p.
423 2549 8 16 l.,
465 2518 70 39 xii
569 2528 56 37 p.,
659 2520 25 36 1
755 2549 8 15 l.,
798 2517 85 39 112
917 2529 42 37 p.
1019 2517 163 48 front.,
1216 2521 163 45 ports.,
1414 2529 123 37 map.
1597 2519 55 38 22½
1685 2520 44 22 cm
1735 2551 8 8 .

249 2576 101 39 The
380 2576 116 39 trial
526 2576 51 38 of
603 2574 218 40 Archilla
854 2574 171 48 Smith,
1057 2574 244 41 Cherokee
1333 2575 190 46 Indian,
1553 2576 210 47 charged
1793 2576 119 39 with
1941 2577 82 39 the
184 2588 1972 84 murder
307 2633 51 39 of
395 2633 127 39 John

562 2632 284 39 Macintosh
884 2632 49 38 in
973 2632 79 40 the
1089 2633 97 38 late
1225 2632 91 40 fall
1355 2632 50 40 of
1442 2632 127 41 1839.
1631 2633 99 39 The
1769 2633 264 40 defendant
2070 2644 100 30 was

183 2688 126 41 tried
339 2689 49 39 in
418 2690 81 38 the
530 2688 242 41 Cherokee
807 2689 229 47 Supreme
1067 2691 136 37 court
1237 2692 51 36 at
1319 2689 297 48 Tahlequah,
1649 2689 142 41 Chief
1820 2690 186 40 Justice
2037 2691 135 40 Jesse

179 2745 296 48 Bushyhead
505 2745 273 48 presiding;
810 2745 153 40 found
993 2745 156 49 guilty
1179 2747 262 39 December
1470 2747 68 46 26,
1570 2746 114 41 1840
1715 2749 93 38 and
1840 2749 254 38 sentenced
2125 2752 47 36 to

180 2801 76 40 die
283 2802 223 48 January
534 2803 39 47 1,
601 2802 129 41 1841.

252 2859 102 40 The
384 2861 204 38 account
621 2859 51 39 of
706 2859 97 39 this
836 2859 267 47 important
1135 2860 175 40 Indian
1342 2872 109 28 case
1482 2860 242 48 appeared
1755 2860 50 40 in
1836 2862 93 38 two
1964 2862 111 47 long
183 2862 1973 93 instalments
468 2916 49 39 in
547 2917 81 38 the
658 2916 116 39 New
804 2916 130 39 York
961 2917 195 46 journal
1187 2917 50 39 of
1264 2928 265 29 commerce
1554 2917 79 40 for
1662 2918 135 47 April
1827 2918 55 40 17
1913 2920 93 38 and
2035 2918 140 48 April

178 2969 69 50 29,
276 2970 128 43 1841.
466 2973 60 47 cf.
556 2973 199 47 Introd.,
782 2983 44 37 p.
852 2973 83 40 xii.

181 3039 50 51 ©
257 3044 109 39 Feb.
392 3043 68 47 16,
486 3044 139 40 1934;
653 3044 66 39 2c.
746 3044 110 40 Feb.
880 3044 54 40 23
954 3055 7 35 ;
991 3044 79 41 aff.
1099 3046 118 39 Mar.
1244 3044 81 48 19;
1355 3045 39 40 A
1418 3046 170 46 70367;
1617 3047 200 39 Harlow
1844 3047 108 47 pub.
1978 3057 65 30 co.
2119 3043 52 51 [©

250 3100 331 40 introduction
608 3102 95 38 and
729 3101 260 49 footnotes]
1058 3102 278 48 (34-11448)

174 3204 125 65 Sac,
325 3204 221 56 Pierre.

307 3282 1395 70 … L’irréelle, roman. Paris, B. Grasset [1933]
253 3353 770 51 5 p. l. , [13]-206 p., 1 l. 19 cm .
180 3421 1990 55 © Sept. 28, 1933 ; 1c. Jan. 23, 1934; A-Foreign 23463 ; Editions Bernard
249 3482 214 41 Grasset.
522 3483 279 49 (34-11624)

173 3584 1936 72 South eastern digest. April, 1934, cumulative pamphlet …
246 3661 81 54 St.
358 3664 163 58 Paul.
552 3667 155 51 West
739 3664 334 70 publishing
1102 3686 77 35 co.
1216 3701 11 33 [
1234 3674 17 20 c
1257 3670 150 63 1934]

251 3738 84 38 147
364 3748 40 37 p.
464 3737 55 39 24½
552 3740 46 21 cm
602 3770 7 8 .

249 3794 71 40 On
365 3804 166 29 cover:
582 3794 152 40 South
779 3797 193 38 eastern
1018 3796 169 47 digest.
1263 3795 307 42 Cumulative
1615 3795 249 48 quarterly
1911 3793 258 48 pamphlet.

177 3850 150 48 April,
360 3850 127 40 1934.

181 3917 50 51 ©
261 3921 113 47 Apr.
403 3921 68 47 26,
502 3921 139 42 1934;
674 3921 65 41 2c.
770 3923 116 47 May
912 3924 82 45 23;
1025 3923 80 40 aff.
1137 3925 113 47 May
1279 3924 81 45 25;
1393 3923 40 39 A
1462 3922 169 46 71782;
1661 3923 134 40 West
1824 3920 109 49 pub.
1964 3931 64 29 co.
