2350 4196
1177 3997 62 49 32

206 375 322 66 Widmark,
557 377 313 54 Lawrence
899 377 171 64 Emil,
1102 380 168 49 1889-

278 454 92 50 An
408 452 228 69 inquiry
672 454 119 51 into
827 454 93 52 the
961 451 361 68 functioning
1359 451 62 51 of
1457 470 69 33 an
1563 447 304 56 industrial
1904 447 287 68 autarchy,

208 525 1962 151 by Lawr. E. Widmark … [ New York, Albert Bonnier publishing house, c 1934]
278 682 27 38 3
337 691 41 37 p.
449 712 8 9 l..
492 680 115 40 9-60
639 690 42 39 p.
744 680 177 48 diagrs.
984 680 55 40 23½
1072 682 43 21 cm
1121 713 7 7 .

278 752 76 39 “Is
393 753 195 39 modern
626 752 220 41 business
883 750 416 49 mathematically
1337 749 264 49 possible?”
1651 750 65 48 (p.
1757 750 137 47 9-24)
1940 749 251 48 published

207 810 102 39 also
348 811 290 46 separately.

616 866 48 41 CONTENTS.—Is
697 868 195 38 modern
923 866 219 40 business
1174 864 413 48 mathematically
1621 864 492 48 possible?—Review
2145 866 50 39 of

206 924 135 40 ideas
372 926 94 38 and
496 924 177 40 results
704 924 49 38 of
784 925 80 38 the
893 923 184 39 science
1106 922 50 39 of
1186 921 216 49 political
1433 921 636 47 economy—Mathematica

206 933 1972 99 examples
419 986 129 38 from
579 984 217 49 political
829 981 401 48 economy.—The
1263 980 261 41 industrial
207 979 1992 107 autarchy.—Appendix.—Bibliography
596 1036 65 50 (p.
695 1037 78 47 60)

212 1108 50 51 ©
301 1113 108 39 Jan.
447 1112 38 40 6.
522 1112 139 40 1934;
701 1113 65 38 2c.
805 1112 95 38 and
937 1110 81 40 aff.
1056 1110 107 39 Jan.
1246 1120 7 29 8:
1293 1109 42 38 A
1371 1109 168 39 67899:
1579 1110 49 37 L.
1669 1110 50 38 E.
1758 1110 265 39 Widmark.
2062 1110 133 38 West

279 1169 201 46 Orange,
511 1168 55 42 N.
597 1169 41 39 J.
711 1168 248 47 (34-1424)

210 1282 295 67 Winslow,
537 1285 245 55 Charles
811 1286 251 52 Edward
1093 1284 242 65 Amory,
1367 1284 169 52 1877-

281 1364 53 50 A
360 1364 115 67 city
499 1370 83 46 set
606 1381 72 35 on
704 1382 31 33 a
761 1364 133 64 hill;
921 1363 93 52 the
1040 1361 360 69 significance
1424 1361 63 53 of
1512 1362 94 52 the
1633 1361 191 54 health
210 1361 1965 132 demonstration

363 1437 1835 73 at Syracuse, New York, by C.-E.A. Winslow … Garden
213 1518 152 68 City,
396 1518 70 53 N.
500 1520 88 66 Y.,
618 1519 354 68 Doubleday,
1005 1519 195 52 Doran
1232 1521 45 50 &
1306 1537 295 49 company,
1630 1517 126 68 inc.,
1789 1520 149 49 1934.

282 1591 95 48 xvi,
407 1591 86 41 367
523 1604 41 37 p.
627 1592 139 48 illus.,
797 1592 171 48 plates,
1001 1591 177 49 diagrs.
1239 1591 144 41 21½cm.

283 1649 100 41 The
407 1654 203 36 account
636 1650 49 39 of
710 1660 61 29 an
796 1650 268 48 eight-year
1086 1649 382 42 demonstration
1493 1650 47 38 in
1565 1649 159 48 public
1750 1649 165 40 health
1940 1651 133 36 work
213 1661 1969 86 conducted
413 1709 61 46 by
500 1708 81 40 the
608 1707 217 41 Milbank
852 1708 122 39 fund
1001 1707 47 39 in
1080 1706 249 49 Syracuse,
1357 1707 52 39 N.
1441 1707 50 39 Y.

286 1765 287 40 '‘Published
602 1764 79 41 for
709 1766 81 39 the
820 1764 215 39 Milbank
1065 1764 251 41 memorial
1343 1764 166 41 fund.”

283 1823 161 41 “First
480 1822 226 42 edition.”

215 1889 1983 56 © Jan. 3. 1934; 2c. and aff. Jan. 9: A 68874: Doubleday. Doran A co.,
282 1952 88 40 inc.
445 1951 248 48 (34-1131)

212 2069 348 54 Wisconsin.
637 2072 274 65 Supreme
946 2076 173 47 court.

214 2143 1989 139 Wisconsin reports [v] 211. Cases determined … March 7-June 6,
487 2228 149 49 1933.
712 2224 308 52 Frederick
1053 2228 87 51 W.
1178 2224 240 66 Arthur,
1455 2224 280 53 Franklin
1772 2226 66 50 E.
1876 2228 207 65 Bump,
215 2245 1963 125 reporters.
530 2301 268 70 Chicago,
832 2303 318 68 Callaghan
1184 2303 111 51 and
1325 2320 295 50 company,
1654 2305 149 50 1933.

281 2378 81 45 xli,
395 2377 53 39 708
508 2388 38 36 p.
607 2376 124 40 illus.
791 2377 54 39 23
851 2378 41 21 cm
898 2408 6 6 .

216 2444 50 50 ©
292 2449 109 38 Dec.
426 2447 70 41 29.
521 2447 112 40 1933
653 2458 7 29 :
688 2448 66 39 2c.
782 2448 107 38 Jan.
915 2447 39 38 2.
981 2447 138 40 1934;
1147 2446 39 40 A
1212 2447 168 39 67814:
1413 2447 137 40 State
1576 2447 49 40 of
1651 2447 284 47 Wisconsin,
1965 2446 235 46 Madison,

285 2504 113 40 Wis.

216 2619 313 65 Woolbert,
561 2621 243 54 Charles
834 2623 222 63 Henry,
1089 2621 322 54 1877-1929.

346 2708 1858 75 … The art of interpretative speech, principles and practices
217 2784 1984 76 of effective reading, by Charles H. Woolbert … and Severina
217 2864 1917 74 E. Nelson … Rev. ed. New York, F. S. Crofts & co., 1934.
285 2941 64 46 xi,
384 2940 83 41 541
501 2951 41 37 p.
604 2940 55 40 2l
662 2943 14 20 cm
711 2973 7 6 .

219 3005 1983 58 © Jan. 15. 1934; 2c. Jan. 19: aff. Jan. 18: A 68922 ; F. S. Crofts A co.,
288 3069 88 38 inc.
448 3068 249 48 (34-1489)

216 3186 270 64 Worden,
519 3188 251 52 Edward
802 3188 332 66 Chauncey,
1165 3189 170 55 1875-

292 3263 287 53 Chemical
603 3270 226 61 patents
855 3266 197 52 index:
1085 3288 26 32 a
1140 3268 454 68 comprehensive
1623 3269 110 52 and
1761 3269 245 51 detailed
2033 3268 171 53 index

221 3342 63 50 of
323 3343 95 51 the
458 3341 217 67 subject
715 3348 209 46 matter
965 3345 63 51 of
1068 3343 383 69 specification
1494 3347 110 51 and
1646 3346 195 54 claims
1883 3346 63 52 of
1988 3347 213 53 United

223 3419 187 54 States
447 3424 224 63 patents
709 3421 110 51 and
857 3426 196 62 patent
1090 3423 236 53 reissues
1361 3425 240 66 granted
1637 3424 210 68 during
1880 3425 93 51 the
220 3425 1956 124 decennial
380 3498 198 66 period

625 3500 308 50 1915-1924
973 3499 289 68 inclusive,
1304 3501 266 67 covering
1611 3501 95 52 the
1748 3503 176 52 entire
1970 3500 125 54 field
2142 3501 62 52 of

221 3571 1982 78 chemical technology … By Edward Chauncey Worden, first
228 3650 1977 72 .… v. 4. Index of subjects M, N. O. P. Q and R. New York.
222 3730 160 52 Book
416 3731 377 67 department,
830 3732 118 52 The
985 3732 288 55 Chemical
1308 3736 223 56 catalog
1565 3752 294 50 company.
1896 3736 122 54 inc.,
2055 3737 148 51 1934.

285 3805 114 39 1132
428 3816 42 36 p.
530 3805 54 39 25
588 3806 43 22 cm
637 3837 7 8 .

223 3870 53 51 ©
307 3874 110 39 Jan.
449 3874 68 41 12.
549 3874 140 42 1934;
726 3875 64 39 2c.
827 3875 107 39 Jan.
969 3876 79 39 15:
1085 3876 80 39 aff.
1199 3875 109 41 Jan.
1343 3878 80 39 13:
1462 3878 39 38 A
1534 3877 168 41 68864:
1739 3877 240 42 Chemical
2017 3877 190 49 catalog

290 3941 81 37 co.,
398 3932 89 38 inc.
