2350 4196
1146 4009 99 51 762

293 455 142 49 [1566]
464 465 42 38 p.
568 456 140 47 illus.,
737 456 55 38 12
821 466 148 38 maps,
998 457 177 48 diagrs.
1234 457 145 43 22½cm.

291 510 207 41 Various
526 512 215 47 pagings.

292 566 100 41 The
426 568 117 40 New
576 568 279 41 Testament
889 570 88 39 has
1013 571 176 46 special
1226 572 96 45 t.-p.
1340 581 9 28 :
1388 570 99 40 The
1524 570 238 48 marginal
1799 571 406 42 chain-reference

224 623 113 40 New
367 624 291 40 Testament.

293 679 139 41 “18th
463 680 226 47 reprint.”

224 748 50 51 ©
306 753 112 46 May
445 753 70 39 21.
545 752 113 40 1934;
716 753 64 39 2c.
813 755 94 38 and
937 754 80 39 aff.
1049 755 112 46 May
1189 754 55 39 26;
1303 755 40 37 A
1373 754 143 39 72501;
1577 755 163 39 Frank
1772 755 200 40 Charles
294 756 1894 99 Thompson,
428 809 149 40 Santa
611 809 203 47 Monica,
849 810 141 40 Calif.
1061 810 277 48 (34-16683)

216 910 217 66 Brand,
463 914 156 54 Max.

294 987 1911 71 The rancher’s revenge, by Max Brand. New York, Dodd,
224 1064 168 54 Mead
426 1067 44 49 &
505 1084 292 49 company,
833 1069 146 49 1934.

294 1137 508 48 3 p. l., 309 p. 19cm.
225 1208 50 51 ©
302 1213 125 39 June
453 1212 68 40 20.
548 1212 114 40 1934;
716 1213 67 39 2c.
810 1213 125 39 June
960 1213 55 39 23;
1072 1212 80 40 aff.
1181 1213 124 39 June
1331 1212 55 38 22;
1442 1212 42 38 A
1508 1212 143 40 72962;
1708 1213 152 47 Dodd,
1890 1214 143 39 Mead
2059 1213 37 41 &
2120 1221 82 39 co.,

292 1269 90 40 inc.
453 1269 277 47 (34-16899)

219 1370 435 66 Breckinridge,
686 1371 366 64 Sophonisba
1083 1373 266 63 Preston,
1384 1374 170 50 1866-

218 1449 1980 146 Social work and the courts; select statutes and judicial decisions, by Sophonisba P. Breckinridge … Chicago, Ill., The
220 1602 334 69 University
580 1606 63 51 of
670 1605 249 67 Chicago
950 1623 154 49 press
1137 1609 188 63 [c1934]

290 1688 75 37 XV,
397 1677 84 40 610
508 1689 43 36 p.
614 1678 144 39 23½cm.
851 1677 274 48 (Half-title:
1149 1678 99 38 The
1276 1676 281 48 University
1584 1675 52 41 of
1663 1675 206 48 Chicago
1899 1676 149 39 social
221 1687 1962 86 service
321 1734 162 47 series,
517 1735 71 39 ed.
617 1735 60 46 by
706 1735 81 39 the
815 1735 189 46 faculty
1034 1734 50 38 of
1115 1734 79 39 the
1227 1734 167 40 School
1425 1733 50 40 of
1505 1732 146 41 social
1683 1733 182 40 service
223 1732 1957 105 administration)

292 1847 100 39 The
432 1848 277 39 documents
749 1846 49 39 in
839 1846 98 40 this
976 1847 188 40 volume
1204 1846 300 48 supplement
1546 1848 79 37 the
1665 1847 279 38 documents
1984 1847 95 38 and
2120 1847 79 39 the

221 1902 226 40 material
483 1905 254 46 presented
773 1903 50 39 in
861 1904 80 39 the
975 1913 196 30 courses
1207 1914 60 28 on
1304 1903 195 40 “Public
1535 1901 200 41 welfare
1777 1901 422 41 administration”

221 1960 95 38 and
348 1960 126 38 “The
500 1959 174 47 family
700 1961 94 38 and
821 1961 80 38 the
928 1959 169 40 state”,
1159 1959 58 46 cf.
1248 1960 182 39 Introd.

293 2014 68 41 “A
388 2016 206 40 selected
620 2015 361 49 bibliography”
1002 2027 8 28 :
1038 2027 43 37 p.
1111 2016 212 41 591-601.

222 2082 50 52 ©
306 2087 111 47 Apr.
449 2087 70 46 24,
550 2086 138 47 1934;
722 2088 66 39 2c.
822 2088 124 38 June
976 2088 52 40 4;
1064 2086 78 40 aff.
1177 2088 124 39 June
1334 2087 51 46 6;
1421 2088 41 38 A
1495 2086 166 47 72666;
1699 2085 279 49 University
2012 2086 49 40 of
291 2084 1893 108 Chicago,
450 2144 221 47 Chicago.
743 2144 277 48 (34-16884)

213 2245 230 66 Brown,
477 2246 247 65 Marion,
761 2249 170 50 1889-

287 2324 343 66 Alexander,
676 2325 94 51 the
816 2325 109 53 tale
973 2324 63 52 of
1083 2343 28 32 a
1160 2325 256 66 monkey,
1461 2325 75 65 by
1581 2323 227 53 Marion
1855 2325 110 51 and
2014 2322 177 53 Edith

217 2403 209 51 Brown;
485 2402 322 53 illustrated
835 2402 74 66 by
938 2403 152 51 Kurt
1117 2403 199 53 Wiese.
1392 2401 414 67 Indianapolis,
1835 2402 118 51 The
215 2400 1983 130 Bobbs-Merrill

471 2497 277 49 company
785 2483 189 64 [c1934]

290 2550 1307 50 6 p. l., 3-193 p. incl. illus., plates. front. 20½cm.
287 2607 287 41 Illustrated
604 2608 361 48 lining-papers.

294 2663 160 42 “First
483 2664 222 41 edition.”

219 2732 50 52 ©
306 2737 125 39 June
463 2737 39 46 2,
537 2736 138 41 1934;
713 2738 65 38 2c.
815 2738 94 38 and
944 2736 78 39 aff.
1060 2736 125 40 June
1220 2738 48 44 7;
1306 2737 41 38 A
1382 2736 167 46 71975;
1588 2736 191 40 Marion
1813 2736 176 39 Brown
2024 2734 173 47 Watts,

286 2793 332 47 Washington,
648 2795 94 38 and
770 2793 147 39 Edith
946 2794 176 37 Brown
1151 2793 184 47 Mirick,
1366 2795 125 38 Deer
1517 2793 142 46 Park,
1690 2792 94 39 Md.

300 2850 276 47 (34-16716)

211 2955 218 63 Bryan,
459 2954 286 63 Dorothy.

283 3028 1808 70 Fun with Michael, by Dorothy and Marguerite Bryan …
214 3108 230 54 Garden
474 3108 153 67 City,
657 3108 70 51 N.
760 3108 89 65 Y.,
880 3107 352 67 Doubleday,
1262 3109 197 51 Doran
1490 3111 46 49 &
1564 3125 294 49 company,
1888 3106 126 66 inc.,
2045 3107 150 50 1934.

288 3179 946 51 [32] p. illus. (part col.) 21 × 24cm.
284 3238 159 40 “First
484 3237 225 42 edition.”

284 3294 202 42 “Junior
513 3293 189 42 books.”

218 3349 50 51 ©
306 3354 125 38 June
465 3352 68 46 20,
570 3352 138 46 1934;
747 3352 65 39 2c.
851 3352 94 38 and
982 3350 79 40 aff.
1100 3351 124 40 June
1259 3352 55 38 22;
1380 3353 40 37 A
1458 3352 167 40 72938:
1665 3354 56 39 D.
1760 3354 59 37 M.
1859 3353 177 47 Bryan,
2076 3352 119 40 Glen

289 3409 137 46 Cove,
457 3410 50 39 L.
539 3410 50 44 I.,
619 3409 54 38 N.
705 3409 50 37 Y.
831 3407 277 47 (34-16844)

210 3512 259 63 Cannan,
500 3512 245 63 Joanna,
781 3513 169 49 1898-

277 3588 199 54 Under
533 3586 187 69 proof,
778 3588 73 65 by
909 3588 226 53 Joanna
1195 3587 251 53 Cannan.
1542 3588 256 64 London,
1855 3587 239 53 Hodder
2151 3590 42 49 &

210 3666 339 67 Stoughton,
582 3668 148 51 1934.

281 3740 98 46 318,
413 3740 53 47 [1]
498 3748 41 37 p.
596 3738 125 42 illus,
779 3737 116 40 20cm.

283 3796 286 39 Illustrated
598 3796 94 45 t.-p.

216 3846 1977 109 © 1c. June 11, 1934; A ad int. 19034; pubd. Apr. 19; Joanna Pullein-Thompson,
597 3907 189 46 Henley
808 3917 63 29 on
898 3905 218 41 Thames.
1148 3907 232 45 England.
1454 3905 277 47 (34-19180)
