2350 4196
1113 3991 131 53 1179

169 355 213 65 O’Dell,
413 356 185 55 Scott.

241 435 243 52 Woman
511 436 63 52 of
602 433 209 67 Spain;
840 452 30 33 a
895 438 155 62 story
1076 431 64 53 of
1165 432 94 52 old
1287 428 343 68 California,
1654 429 74 67 by
1757 429 159 55 Scott
1942 429 220 55 O’Dell.

177 514 212 52 Boston
418 513 112 52 and
563 513 137 51 New
731 512 179 64 York,
940 510 316 67 Houghton
1285 508 203 52 Mifflin
1520 524 297 50 company,
1850 511 148 50 1934.

246 583 643 50 5 p. l., [3]-299 p. 19½ cm .
175 651 1993 53 © Feb. 21, 1934; 2c. Mar. 1; aff. Feb. 27; A 69665; S. O’Dell, Pomona,
245 712 141 41 Calif.
446 713 279 48 (34-28775)

168 816 195 63 Olson,
394 816 195 56 Elder.

303 888 1866 72 … Thing of sorrow, poems. New York, The Macmillan
172 987 297 51 company,
504 972 150 51 1934.

242 1042 498 50 7 p. l., 41 p. 22 cm .
178 1111 50 51 ©
261 1116 124 46 Sept.
416 1117 67 41 11,
513 1114 139 42 1934;
684 1116 65 39 2c.
780 1117 94 38 and
903 1116 80 39 aff.
1016 1115 127 48 Sept.
1171 1116 52 37 12;
1282 1115 39 37 A
1349 1114 170 46 74878;
1551 1113 282 39 Macmillan
1862 1123 65 30 co.

256 1172 278 47 (34-30068)

173 1276 264 65 Perkins,
470 1277 277 53 Jeanette
787 1275 207 66 Eloise,
1031 1275 169 54 1887-

247 1351 210 56 Others
500 1353 109 51 call
653 1353 47 52 it
744 1352 157 68 God;
950 1371 31 34 a
1027 1352 128 52 unit
1198 1367 73 37 on
1313 1352 128 52 how
1486 1351 99 53 the
1628 1350 183 54 world
1855 1350 202 69 began,
2100 1349 77 69 by

175 1427 1999 71 Jeanette E. Perkins … Enid Dearborn, teacher, Elizabeth
180 1508 275 69 Babcock,
499 1509 296 67 assistant;
846 1508 283 53 foreword
1174 1508 74 69 by
1293 1506 201 54 Frank
1536 1507 90 54 W.
1672 1505 283 56 Herriott.
2036 1506 140 54 New

178 1586 160 52 York
365 1588 113 51 and
507 1587 259 68 London,
794 1587 233 68 Harper
1057 1586 45 50 &
1127 1585 279 69 brothers,
1439 1588 151 50 1934.

248 1669 78 33 xx.
363 1660 83 39 141
478 1669 44 38 p.
581 1660 172 47 plates.
814 1659 55 40 19½
902 1662 44 21 cm
951 1692 7 8 .

248 1716 162 41 “First
440 1716 228 41 edition.”

246 1772 182 41 Music:
461 1783 42 37 p.
534 1773 99 40 113.

245 1828 375 49 Bibliography:
653 1839 44 37 p.
730 1828 216 42 138-141.

181 1898 50 51 ©
259 1903 115 46 July
400 1903 38 45 5,
464 1902 114 40 1934;
634 1902 65 39 2c.
729 1903 114 45 July
870 1903 25 35 5:
951 1901 79 40 aff.
1061 1902 114 46 July
1204 1903 22 38 7;
1284 1902 40 38 A
1352 1901 142 40 74153;
1553 1902 193 47 Harper
1775 1901 36 40 &
1837 1902 123 39 bros.

260 1958 279 49 (34-28594)

175 2060 298 67 Peterkin,
504 2063 136 52 Mrs.
671 2062 158 54 Julia
858 2064 190 63 Mood,
1081 2064 169 50 1880-

248 2142 151 67 Poll,
440 2141 242 67 Jordan,
723 2141 126 66 roll,
892 2141 95 52 the
1028 2146 122 47 text
1190 2142 74 66 by
1305 2141 163 53 Julia
1510 2141 292 66 Peterkin,
1841 2140 97 52 the
177 2140 1980 147 photographic

454 2220 216 52 studies
704 2220 76 61 by
814 2220 174 51 Doris
1024 2219 271 53 Ulmann.
1366 2220 140 51 New
1544 2219 180 68 York,
1758 2220 71 52 R.
1866 2218 69 55 O.
1973 2219 208 53 Ballou

221 2301 153 64 [c1933]

253 2370 1051 50 5 p. l., 341 p. incl. front., plates. 30 cm .
258 2429 134 40 Plate
418 2428 168 49 signed
615 2429 59 47 by
702 2428 145 41 Doris
876 2429 210 40 Ulmann
1113 2429 100 41 laid
1242 2431 64 40 in.

257 2486 91 40 ”of
394 2488 100 39 this
540 2487 181 48 special
764 2487 184 40 edition…
1049 2486 86 40 350
1180 2488 172 48 copies,
1400 2490 119 39 each
1564 2489 263 41 numbered
1875 2491 95 39 and
2019 2491 163 48 signed

187 2547 57 45 by
275 2545 134 40 Julia
443 2545 229 41 Peterkin
705 2545 96 39 and
836 2545 146 40 Doris
1015 2544 222 48 Flmann,
1270 2547 124 40 have
1430 2547 117 40 been
1579 2547 193 48 printed
1808 2549 58 46 by
1903 2549 282 48 letterpress

185 2604 95 40 and
309 2602 325 49 copper-plate
662 2603 372 48 photogravure.
1094 2602 65 40 Of
1183 2604 136 40 these
1347 2603 86 41 327
1461 2614 84 31 are
1574 2604 79 41 for
1680 2606 114 40 sale.
1852 2607 119 39 This
1999 2617 117 38 copy
2146 2608 41 39 is

181 2663 199 40 number
417 2661 127 40 100.”

186 2730 1996 51 © Apr. 6, 1934; 2c. Apr. 18; aff. Oct. 4; A 71341; Doris Ulmann, New
258 2792 142 37 York,
430 2791 93 38 and
552 2790 131 38 Julia
713 2788 242 42 Peterkin,
985 2788 115 40 Fort
1128 2791 164 39 Motte.
1325 2790 41 40 S.
1397 2790 48 40 C.
1514 2791 280 48 (34-10068)

180 2894 348 65 Pirandello,
560 2892 193 67 Luigi,
786 2892 170 53 1867-

257 2974 119 52 The
412 2974 182 51 naked
633 2972 162 52 truth
831 2972 111 51 and
981 2971 190 52 eleven
1208 2973 160 52 other
1404 2974 218 66 stories,
1658 2974 74 66 by
1768 2972 169 70 Luigi
185 2976 1967 128 Pirandello;

417 3051 314 52 translated
786 3050 74 66 by
912 3050 225 52 Arthur
1188 3052 111 51 and
1351 3051 219 52 Henrie
1622 3053 224 67 Mayne.
1923 3055 258 68 London,

184 3131 156 53 John
366 3132 156 51 Lane
553 3132 170 64 [1934]

259 3200 582 50 v p., 1 l., 308 p. 19 cm .
261 3260 214 40 “Stories
506 3259 208 40 selected
746 3258 128 38 from
903 3258 319 39 Pirandello’s
1252 3260 151 39 series
1434 3259 50 40 of
1515 3260 216 39 volumes
1764 3260 210 42 ‘Novelle
2005 3273 86 37 per
2123 3276 63 28 un

190 3316 182 40 anno’.”

192 3371 1991 51 © 1c. May 5, 1934; A ad int. 18930: pubd. Mar. 9; L. Pirandello, Rome.
272 3431 277 49 (34-28776)

185 3533 258 66 Placzek,
480 3532 316 64 Siegfried,
833 3534 172 49 1866-

261 3607 1926 71 Erotik und schaffen, von dr. Siegfried Placzek … Berlin
191 3688 113 51 und
333 3688 173 67 Köln,
532 3686 71 53 A.
633 3686 230 52 Marcus
888 3686 44 48 &
962 3685 66 52 E.
1056 3685 222 69 Weber,
1310 3689 150 50 1934.

262 3761 78 44 vii,
371 3760 99 50 225,
503 3760 52 49 [1]
589 3769 42 37 p.
692 3758 55 40 23½cm.

264 3814 305 43 “Literatur”
588 3825 8 29 :
633 3824 44 38 p.
713 3812 216 42 220-222.

195 3871 1992 51 © Apr. 1, 1934; 1c. July 3; A-Foreign 25047; A. Marcus & E. Weber's
264 3933 177 46 verlag.
500 3928 278 50 (34-28597)
