2350 4196
0 0 0 0 147
160 462 365 66 Carmelites,
556 466 138 50 New
730 463 254 54 Orleans.

286 539 1865 67 … Rule, statutes and ceremonial of the Out sisters
164 617 352 69 (Tourieres)
556 623 56 48 to
640 618 66 52 be
736 618 268 53 observed
1033 618 59 51 in
1120 618 93 52 the
1241 618 368 53 monasteries
1638 617 63 53 of
1730 619 94 52 the
1853 617 298 56 Discalced

150 695 349 54 Carmelites.
581 695 154 66 [New
760 694 257 68 Orleans,
1040 693 306 55 Louisiana
1369 693 264 70 printing
1655 711 297 52 company,
1976 703 16 21 c
1998 699 152 65 1933]

225 769 65 47 78,
330 771 54 47 [1]
421 780 41 37 p.
523 771 170 45 plates.
755 769 54 39 19
813 771 43 20 cm
863 802 6 6 .

159 836 1993 51 © Dec. 28, 1933; 2c. Jan. 20, 1934; aff. Jan. 19; A 68925; Discalced
226 898 285 39 Carmelites
543 899 50 37 of
623 899 116 38 New
772 897 216 46 Orleans,
1021 898 116 37 New
1171 897 216 40 Orleans.
1460 897 250 47 (34-2632)

156 1011 328 56 Cervantes
510 1014 318 66 Saavedra,
859 1015 220 63 Miguel
1110 1016 87 63 de,
1230 1016 326 51 1547-1616.

221 1091 73 52 El
326 1091 292 67 ingenioso
692 1092 192 67 hidalgo
917 1093 130 50 Don
1081 1091 232 67 Quijote
1345 1092 67 52 de
1443 1093 54 50 la
1529 1091 267 67 Mancha,
1827 1091 73 67 by
1932 1091 220 68 Miguel

152 1170 67 51 de
255 1169 306 53 Cervantes
599 1169 288 54 Saavedra;
955 1170 187 52 edited
1176 1170 140 51 with
1350 1169 407 67 introduction,
1790 1174 176 62 notes,
151 1187 1978 127 exercises,

337 1247 1814 68 and vocabulary by Daniel da Cruz … and J. W. Kuhne
210 1325 1936 68 … illustrations by Gustave Doré. Boston, New York [etc.]
152 1404 766 67 Alhm and Bacon [ c 1934]
220 1477 1081 49 xv, 201 p., 1 l., 66 p. front., plates. 19 cm.
158 1544 1994 52 © Jan. 30, 1934; 2c. Feb. 8; aff. Feb. 5; A 70170: Daniel da Cruz and
222 1607 42 39 J.
297 1608 70 38 W.
400 1608 188 46 Kuhne,
624 1607 199 46 Oxford,
858 1606 50 40 O.
974 1602 67 52 [©
1075 1617 104 28 new
1213 1609 193 45 matter]
1480 1606 251 48 (34-2607)

154 1725 160 66 Clay,
345 1724 242 57 Cassius
617 1725 330 66 Marcellus,
978 1729 169 49 1895-

224 1803 119 53 The
381 1802 283 67 mainstay
704 1803 62 51 of
803 1802 304 53 American
1143 1801 432 53 individualism;
1646 1819 30 33 a
1714 1819 203 50 survey
1956 1800 63 52 of
2056 1801 93 53 the

153 1880 151 52 farm
336 1882 272 67 question,
639 1880 74 68 by
748 1880 228 54 Cassius
1007 1879 78 53 M.
1124 1878 157 70 Clay.
1352 1879 136 53 New
1526 1878 177 70 York,
1737 1879 120 52 The
150 1879 1973 134 Macmillan

276 1977 294 49 company.
600 1961 148 49 1934.

219 2029 680 50 xiii p., 1 l., 269 p. 20½ cm .
223 2088 156 40 “Most
404 2088 51 40 of
481 2089 82 39 the
587 2088 123 40 book
735 2098 100 29 was
861 2087 197 41 -written
1085 2088 164 40 before
1276 2089 80 39 the
1383 2090 333 46 development
1744 2090 49 38 of
1821 2091 80 38 the
1931 2090 111 39 1932
148 2101 1979 85 political

330 2145 267 48 campaign.
655 2146 144 39 Parts
829 2146 50 38 of
908 2147 186 38 several
1125 2146 226 46 chapters
1382 2156 125 29 were
1538 2148 250 38 rewritten
1820 2149 93 38 and
1947 2150 199 44 chapter

220 2201 796 49 VII added in July, 1933.”—Pref.
220 2261 247 40 “Selected
499 2260 200 48 reading
730 2259 112 40 list”:
904 2271 41 37 p.
978 2259 216 41 263-264.

155 2331 1659 52 © Feb. 6, 1934; 2c. and aff. Feb. 7; A 69333; Macmillan co.
227 2392 250 48 (34-2842)

152 2510 315 66 Clements,
494 2512 202 53 James
724 2510 243 65 Bagley,
1000 2514 169 49 1869-

216 2587 1923 69 History of Irwin county, by J. B. Clements … [Atlanta,
147 2669 176 51 Foote
349 2670 45 49 &
421 2667 212 52 Davies
661 2685 97 48 co.,
785 2673 18 20 c
809 2669 150 63 1932]

218 2739 1831 50 539 p. front. (port.) illus. (inch ports.) maps (part fold.) 23 cm.
219 2798 331 48 Frontispiece
587 2798 340 47 accompanied
964 2798 60 46 by
1060 2795 113 49 leaf,
1211 2799 83 38 not
1332 2798 225 39 included
1594 2798 49 38 in
1682 2799 81 39 the
1800 2797 189 49 paging,
2029 2799 117 39 with

148 2856 290 48 descriptive
467 2858 118 37 text.

220 2912 355 48 “Marriages”:
629 2923 43 37 p.
726 2911 260 49 [214]-414;
1042 2910 231 40 “Pioneer
1321 2910 216 41 families
1587 2912 51 39 of
1688 2910 260 50 originally
1998 2912 149 39 Irwin

148 2971 231 47 county”:
415 2981 42 37 p.
494 2968 248 51 [492]-537.

154 3040 50 51 ©
240 3044 109 38 Feb.
383 3042 68 46 15,
487 3041 139 46 1932;
663 3041 65 39 2c.
765 3041 94 38 and
896 3038 79 41 aff.
1013 3040 109 40 Feb.
1158 3039 67 47 12,
1261 3039 140 47 1934;
1440 3040 39 38 A
1515 3040 168 46 69395;
1723 3041 42 39 J.
1802 3042 50 37 B.
1891 3041 256 40 Clements,

220 3101 167 44 Ocilla,
421 3100 85 39 Ga.
577 3097 250 49 (34-2853)

153 3217 261 61 Clifford,
444 3216 243 55 Charles
714 3216 66 54 L.

280 3290 1866 71 … Too many boats. Boston, Little, Brown, and company,
151 3374 148 50 1934.

220 3439 623 53 4 p. l., [3]-314 p. 20 cm .
156 3499 50 51 ©
242 3504 108 38 Feb.
386 3502 68 46 16,
490 3500 138 40 1934;
667 3500 64 39 2c.
768 3500 94 38 and
898 3499 81 39 aff.
1016 3499 109 40 Feb.
1162 3499 79 46 17;
1281 3499 40 38 A
1355 3499 169 41 69521;
1564 3500 48 40 C.
1650 3501 49 39 L.
1736 3501 217 40 Clifford.
223 3501 1907 106 Philadelphia.
505 3555 248 49 (34-2903)

153 3679 228 63 College
412 3682 280 49 entrance
722 3673 402 55 examination
1153 3675 200 55 board.

151 3750 1978 150 … The reading of the Comprehensive examination in English;
330 3853 73 34 an
441 3831 249 68 analysis
728 3829 65 55 of
831 3831 98 52 the
966 3831 337 67 procedures
1345 3830 271 55 followed
1656 3833 212 68 during
1908 3834 93 53 the
2042 3833 109 54 five

149 3909 1980 136 reading periods from 1929 through 1933 [by] Carl C. Brigham … associate
793 3993 300 63 secretary,
1154 3987 227 70 College
1442 3993 263 50 entrance
1764 3991 382 55 examination
