2350 4196
1156 4008 99 50 260

213 390 207 64 Claire,
450 391 210 55 Mabel.

280 467 123 51 The
425 469 236 51 modern
686 470 159 51 salad
877 470 111 51 and
1017 470 211 52 dessert
1254 470 172 65 book;
1457 469 296 67 including
1781 487 256 48 canapes,
2065 469 131 52 hors

210 543 1986 71 d’oeuvres, sandwiches, appetizers and party suggestions … by
209 620 191 54 Mabel
430 622 202 55 Claire.
710 624 137 51 New
877 623 177 67 York,
1085 624 324 67 Greenberg
1441 659 12 32 [
1459 631 15 20 c
1481 628 150 62 1933]

284 691 85 42 304
396 703 43 37 p.
469 694 108 40 incl.
607 695 169 46 plates.
838 695 54 39 21
896 698 43 20 cm
945 729 8 7 .

217 746 50 51 ©
300 752 113 46 Apr.
446 752 68 46 24,
548 751 113 40 1933;
724 752 66 39 2c.
825 753 120 39 Mar.
980 753 67 40 12.
1082 752 112 40 1934;
1259 753 78 39 aff.
1373 754 120 37 Mar.
1530 752 54 39 10;
1647 752 40 38 A
1721 750 168 47 69815;
1929 750 272 48 Greenberg

285 808 248 46 publisher.
579 808 90 39 inc.
741 808 248 47 (34-5420)

215 879 222 67 Clover,
468 883 235 53 Samuel
732 884 272 64 Travers,
1037 887 168 49 1859-

218 954 1961 151 A pioneer heritage, by Sam T. Clover … Los Angeles, Saturday night publishing company, 1932.
284 1106 1915 51 5 p. l., 291 p. front., illus. (coat of arms) plates (1 double) ports.
211 1163 54 40 23½
298 1166 44 20 cm
347 1196 8 8 .

282 1222 138 46 Maps
453 1232 60 28 on
542 1221 361 48 lining-papers.

283 1279 41 38 A
346 1278 266 48 biography
635 1279 51 39 of
709 1279 143 39 Allan
875 1280 242 46 Hancock,
1142 1291 27 28 a
1191 1281 293 38 descendant
1509 1280 51 39 of
1584 1282 93 37 two
1704 1279 355 48 distinguished
213 1278 1971 98 California
401 1335 235 49 pioneers,
667 1336 156 40 Count
851 1336 203 48 Agostin
1083 1337 278 46 Haraszthy
1392 1338 95 38 and
1516 1337 161 46 Major
1706 1337 165 46 Henry
1902 1337 242 41 Hancock.

218 1393 51 51 ©
296 1398 116 38 Nov.
442 1397 57 38 16,
537 1396 113 39 1932;
707 1397 65 38 2c.
801 1397 94 38 and
924 1396 79 39 aff.
1033 1397 107 39 Jan.
1169 1397 66 38 31.
1265 1395 140 47 1934;
1435 1396 43 38 A
1505 1394 140 41 70603;
1706 1395 50 40 G.
1787 1396 144 38 Allan
1959 1394 243 47 Hancock,

284 1454 92 39 Los
403 1454 217 46 Angeles.
693 1452 249 48 (34-5440)

217 1525 292 68 Coleman,
539 1529 300 53 Laurence
870 1529 149 63 Vail,
1053 1532 168 49 1893-

283 1601 1921 72 Historic house museums, by Laurence Vail Coleman … with
214 1702 30 32 a
275 1681 301 68 directory.
641 1682 399 69 Washington,
1070 1683 72 52 D.
1175 1682 78 67 C.,
1285 1682 123 52 The
1436 1680 306 54 American
1773 1679 338 56 association
2140 1677 65 55 of

213 1777 299 49 museums,
544 1762 151 50 1933.

284 1833 83 47 xii,
398 1833 83 40 187
510 1844 42 37 p.
613 1832 163 49 front.,
805 1834 170 48 plates,
1007 1844 122 38 map.
1190 1833 55 39 23½
1279 1837 43 19 cm
1326 1866 8 7 .

285 1890 139 49 Maps
460 1902 58 30 on
552 1891 359 49 lining-papers.

291 1949 127 41 “The
455 1948 116 41 bulk
608 1949 51 40 of
696 1950 81 40 the
814 1950 121 40 book
970 1949 319 49 constitute[s]
1329 1960 27 28 a
1394 1949 198 40 manual
1629 1948 78 40 for
1743 1950 164 47 people
1944 1949 263 40 concerned

218 2006 122 41 with
385 2006 321 49 establishing
753 2018 52 29 or
854 2006 372 49 administering
1271 2007 201 39 historic
1522 2008 147 39 house
214 2006 1977 99 museums.”—Foreword.

288 2121 311 49 “Directory”:
663 2133 41 37 p.
740 2121 215 40 113-159.

290 2180 372 49 Bibliography:
692 2191 44 37 p.
768 2179 213 40 160-165.

219 2235 51 51 ©
299 2240 110 38 Feb.
438 2239 38 40 5,
505 2238 113 39 1934;
675 2237 65 39 2c.
771 2237 94 39 and
893 2236 81 40 aff.
1003 2237 109 39 Feb.
1143 2237 50 37 21;
1253 2237 40 37 A
1322 2236 141 40 69530;
1522 2238 156 39 Amer.
1711 2248 113 29 assn.
1867 2239 50 39 of
1945 2247 257 30 museums.

297 2295 278 48 (34-27050)

218 2371 291 64 Coleman,
538 2372 129 62 Roy
695 2372 88 63 V.,
813 2373 170 50 1885-

288 2446 187 67 Roger
513 2446 239 52 Ludlow
789 2447 55 51 in
886 2446 290 66 chancery,
1216 2445 70 69 by
1326 2445 64 51 R.
1431 2445 68 53 V.
1542 2445 280 54 Coleman.
1897 2444 308 69 Westport,

220 2524 195 67 Conn.,
444 2527 151 54 1934.

284 2596 55 38 41
373 2606 57 38 p.,
465 2596 25 38 1
547 2628 8 8 l.
617 2596 27 38 21½
705 2598 44 21 cm
754 2628 8 8 .

283 2652 280 41 Half-title:
588 2653 41 39 A
653 2663 148 37 paper
825 2654 114 38 read
964 2653 163 40 before
1155 2654 79 39 the
1260 2653 313 41 Connecticut
1596 2653 253 41 historical
1876 2654 194 46 society.

287 2710 91 41 “Of
403 2710 99 40 this
527 2710 183 40 edition
738 2709 85 40 199
851 2710 156 46 copies
1036 2710 122 39 have
1184 2711 116 38 been
1327 2711 191 47 printed
1545 2711 127 39 from
1702 2715 111 44 type
1841 2712 50 39 of
1919 2711 157 40 which
2106 2711 96 39 this

215 2766 43 42 is
289 2768 203 39 number
522 2766 128 41 197.”

220 2824 51 51 ©
300 2829 119 38 Mar.
449 2829 37 39 7.
514 2828 114 39 1934;
683 2826 64 40 2c.
778 2828 94 38 and
901 2827 79 39 aff.
1009 2826 120 38 Mar.
1159 2825 23 40 9;
1239 2826 41 38 A
1307 2825 168 48 70574;
1508 2827 55 39 R.
1591 2828 54 39 V.
1675 2827 239 47 Coleman,
1944 2828 259 44 Westport,

288 2884 145 40 Conn.
504 2883 249 48 (34-5439)

218 2958 302 56 Columbia
553 2958 349 64 university.
977 2958 208 54 School
1212 2960 67 63 of
1310 2960 123 51 law.
1508 2960 243 52 Alumni
1779 2959 354 55 association.

286 3035 301 56 Columbia
621 3038 110 50 law
766 3036 254 68 register,
1059 3038 150 64 1933,
1246 3036 301 67 published
1584 3037 74 67 by
1694 3035 239 53 Alumni
215 3035 1967 131 association
386 3114 63 52 of
498 3114 95 53 the
643 3115 137 51 Law
831 3114 190 52 school
1071 3113 63 53 of
1184 3113 299 55 Columbia
1534 3115 335 67 university,
1920 3114 139 52 with
2110 3114 95 52 the

217 3192 362 68 cooperation
631 3192 62 52 of
745 3192 238 52 Alumni
1035 3191 321 53 federation
1408 3193 62 52 of
1521 3192 299 55 Columbia
1874 3192 333 67 university,

215 3271 127 66 inc.,
387 3271 112 51 and
542 3271 94 52 the
682 3270 336 54 Committee
1065 3288 72 34 on
1180 3272 228 66 general
1454 3272 310 68 catalogue.
1844 3270 139 53 New
2033 3271 174 65 York,

213 3348 71 52 N.
315 3349 72 51 Y.
464 3351 130 49 [c1933]

285 3419 637 50 4 p. l., 11-229 p. 23½ cm .
286 3478 128 40 Lists
441 3478 67 39 all
535 3478 152 49 living
712 3477 184 41 alumni.
968 3479 59 46 cf.
1055 3478 128 41 Pref.

219 3532 51 51 ©
299 3538 112 38 Dec.
440 3537 67 44 14,
537 3536 111 39 1933;
708 3536 65 39 2c.
804 3536 108 39 Feb.
943 3536 67 40 23.
1041 3536 113 39 1934;
1213 3535 78 40 aff.
1325 3537 107 38 Feb.
1464 3538 82 45 24;
1579 3539 39 37 A
1649 3537 142 40 69584;
1850 3537 194 39 Alumni
2076 3546 112 31 assn.

290 3593 50 39 of
364 3593 80 40 the
469 3593 115 39 Law
609 3593 161 39 school
796 3593 51 39 of
872 3592 246 40 Columbia
1148 3592 125 39 univ.,
1316 3593 116 39 New
1458 3594 142 40 York.
1677 3592 249 49 (34-5331)

215 3653 201 63 Davis,
444 3653 256 54 Thomas
730 3653 331 64 Frederick,
1095 3653 168 53 1877-

286 3729 54 50 A
370 3729 380 67 genealogical
779 3729 195 52 record
1004 3729 63 51 of
1096 3729 95 52 the
1220 3728 196 69 Davis,
1448 3729 211 54 Swann
1692 3731 110 51 and
1836 3729 193 55 Cabell
217 3729 1963 129 families
381 3806 62 52 of
482 3806 183 53 North
708 3805 265 54 Carolina
1015 3806 111 53 and
1170 3805 284 68 Virginia,
1495 3807 73 67 by
1610 3807 246 53 Thomas
1898 3805 305 54 Frederick

215 3882 1143 69 Davis … [Jacksonville, Fla., c 1934]
