2350 4196
1162 4005 129 49 1268

306 452 23 34 1
440 483 6 6 p.,
485 451 53 38 27
561 461 42 36 p.
664 451 113 39 28cm.
854 452 123 47 (The
1003 451 217 40 Catholic
1243 449 271 45 university
1540 450 51 39 of
1613 449 233 40 America.
1900 448 322 41 Educational

238 506 1096 49 research monographs … vol. VIII, no. 3)
312 564 134 39 “List
469 564 51 39 of
545 564 222 40 readers”:
823 575 43 37 p.
893 565 38 38 2.

245 630 46 50 ©
319 635 124 39 June
469 635 66 39 15.
562 634 140 41 1934:
733 635 64 40 2c.
825 636 125 40 June
1049 647 7 28 18:
1088 635 78 40 aff.
1195 635 124 39 June
1346 633 81 40 29:
1455 635 37 37 A
1521 633 167 40 74064:
1720 633 221 40 Catholic
1967 635 257 39 education

307 700 147 36 press.
530 691 277 49 (34-32167)

235 796 204 63 Franz,
469 797 237 55 Arnulf.

307 873 119 51 The
471 891 122 34 new
640 874 147 52 wine
827 874 163 66 book,
1033 874 75 66 by
1155 872 221 52 Arnulf
1420 873 218 66 Franz;
1688 872 377 53 information
2114 873 110 51 and

237 950 305 52 directions
595 951 95 52 for
739 951 237 68 making
1025 952 144 51 wine
1220 949 154 53 from
1422 968 222 50 grapes,
1697 950 223 64 raisins,
1973 967 253 50 oranges,

236 1028 227 66 berries,
490 1030 112 53 and
629 1028 156 54 fresh
810 1048 65 34 or
897 1030 161 52 dried
1085 1029 161 52 fruit.
1321 1028 111 52 Los
1456 1028 265 67 Angeles,
1751 1027 192 66 Calif.,
1967 1028 256 53 Western

237 1105 274 68 beverage
540 1107 363 67 corporation
940 1109 190 65 [c1934]

311 1180 57 39 vi.
399 1181 54 38 57
482 1189 41 37 p.
581 1180 126 39 illus.
796 1180 113 40 18½cm.

314 1236 254 40 Conforms
609 1239 50 36 in
700 1247 27 28 a
769 1237 193 46 general
1007 1247 105 36 way
1156 1239 46 36 to
1247 1236 113 38 ‘Das
1401 1244 121 30 neue
1564 1233 264 41 weinbuch'
1872 1235 60 46 by
1975 1234 250 41 Friedrich

243 1294 151 38 Sauer
421 1293 155 39 which
605 1303 99 29 was
732 1292 252 48 published
1013 1293 47 38 in
1092 1292 239 47 Germany
1357 1292 48 38 in
1434 1289 127 42 1920.
1619 1291 60 46 cf.
1710 1290 272 40 Foreword.

315 1349 159 39 “First
504 1349 255 39 American
789 1349 182 41 edition
1000 1348 154 40 1934.”

241 1412 51 51 ©
315 1417 113 45 May
451 1420 38 36 1.
513 1416 139 41 1934:
678 1416 66 43 2c.
770 1420 92 37 and
886 1417 78 40 aff.
989 1420 119 44 Aug.
1133 1417 55 38 14:
1238 1417 39 38 A
1305 1415 142 40 74527:
1502 1416 223 40 Western
1748 1416 234 46 beverage
309 1423 1897 89 corporation.
497 1473 275 49 (34-32011)

237 1579 193 62 Gault,
461 1580 198 63 Edgar
688 1581 274 53 Howard.

369 1655 1857 69 … Seasonals in department store merchandising, by Edgar
244 1732 1982 69 H. Gault … Ann Arbor, University of Michigan, School of
242 1812 249 51 business
541 1811 479 52 administration.
1069 1813 225 51 Bureau
1345 1811 63 53 of
1453 1812 253 51 business
1752 1811 274 65 research,
2076 1813 150 50 1934.

313 1885 24 38 3
382 1896 41 36 p.
487 1916 8 7 l.,
555 1883 54 41 83
654 1895 41 37 p.
757 1885 178 47 diagrs.
995 1884 143 48 22½cm.
1223 1884 298 49 ([Michigan.
1596 1884 295 47 University.
1966 1883 169 42 School
2179 1887 49 39 of

244 1942 218 39 business
494 1941 410 39 administration.
967 1941 192 40 Bureau
1193 1941 49 40 of
1274 1942 219 40 business
1526 1942 239 47 research]

1827 1941 246 49 Michigan
241 1944 1969 94 business
379 1998 197 41 studies,
633 1998 91 40 vol.
810 2030 6 13 VI,
845 2009 73 29 no.
947 1999 49 43 4)

345 2055 1882 48 "Monthly departmental figures … have been made the basis for
247 2114 193 38 indexes
470 2113 49 38 of
549 2113 218 39 seasonal
800 2111 576 41 variation.”—Author's
1406 2116 124 37 note.

245 2165 51 50 ©
324 2170 117 38 Aug.
470 2171 65 36 11.
565 2167 138 40 1934:
735 2167 63 37 2c.
828 2169 92 37 and
950 2167 80 39 aff.
1059 2168 116 44 Aug.
1204 2167 79 39 28:
1315 2168 45 37 A
1384 2168 167 39 74694:
1583 2168 280 39 University
1891 2170 50 38 of
1970 2168 256 40 Michigan.

324 2224 276 48 (34-32000)

238 2331 174 61 Gray,
445 2331 133 52 Carl
606 2328 272 56 William.

309 2405 1860 69 Fundamentals of chemistry, by Carl William Gray …
243 2483 1981 67 Claude W. Sandifur … [and] Howard J. Hanna … Rev. and
240 2564 105 50 enl.
381 2562 83 52 ed.
540 2562 232 65 Boston,
807 2561 138 53 New
980 2561 163 52 York
1181 2568 136 61 [etc.]
1356 2563 320 68 Houghton
1712 2564 203 52 Mifflin
1952 2582 236 50 company

243 2642 191 64 [c1934]

312 2713 95 46 xiv,
438 2712 87 40 650
551 2723 43 37 p.
655 2712 82 39 col.
769 2711 163 47 front.,
963 2712 126 39 illus.
1121 2712 130 47 (incl.
1283 2715 173 46 ports.)
1498 2715 172 40 double
1702 2715 109 46 tab.,
1847 2714 176 49 diagrs.
2084 2716 143 40 19½cm.

312 2770 149 39 Table
492 2780 57 28 on
581 2768 333 47 lining-paper.

316 2826 317 39 "References
669 2824 78 39 for
785 2824 227 47 reading"
1052 2831 49 33 at
1139 2827 88 38 end
1265 2827 51 39 of
1353 2837 129 30 some
1521 2827 50 39 of
1611 2829 80 39 the
1729 2828 225 47 chapters;
244 2828 1968 102 Bibliography:
454 2893 39 36 p.
527 2880 246 50 [632]-633.

247 2934 51 50 ©
327 2937 124 46 Sept.
476 2936 67 38 15.
567 2935 139 45 1934;
733 2934 64 40 2c.
828 2934 124 48 Sept.
979 2935 80 40 24:
1089 2935 79 41 aff.
1198 2935 126 48 Sept.
1348 2936 82 47 22;
1458 2938 42 37 A
1523 2937 170 47 75474;
1723 2938 46 40 C.
1798 2938 70 39 W.
1896 2938 142 47 Gray,
314 2937 1898 96 Hollywood.
494 2993 155 39 Calif,
683 2993 93 37 and
807 2992 180 39 Claude
1017 2992 70 40 W.
1123 2991 245 44 Sandifur.
1399 2995 157 39 North
1586 2994 297 41 Hollywood.
1917 2993 142 41 Calif.

325 3049 275 38 (34-32018)

239 3153 359 63 Hopkinson,
629 3154 136 51 Mrs.
796 3153 186 51 Marie
1011 3153 187 56 Ruan.

313 3230 163 50 Anne
504 3227 63 53 of
595 3228 297 67 England;
920 3228 95 51 the
1042 3228 319 71 biography
1390 3230 65 53 of
1481 3251 31 33 a
1538 3238 164 62 great
1728 3249 193 51 queen,
1948 3232 74 69 by
2051 3232 78 53 M.
2160 3232 68 52 R.

244 3305 367 66 Hopkinson;
649 3305 138 51 with
821 3305 212 52 sixteen
1071 3306 391 55 illustrations.
1533 3309 137 52 New
1707 3308 180 68 York,
1921 3309 120 53 The
244 3309 1961 127 Macmillan
473 3400 295 49 company,
802 3384 148 50 1934.

317 3456 94 40 xvi.
439 3454 83 41 383
549 3465 41 36 p.
652 3456 160 39 front.,
844 3463 74 37 pl.,
949 3458 146 42 ports.
1155 3454 114 42 23cm.

316 3510 344 47 Bibliography:
722 3521 42 36 p.
796 3510 212 40 364-365.

255 3562 44 50 ©
332 3569 125 44 Sept.
486 3568 65 39 18.
582 3568 138 39 1934:
751 3571 62 35 2c.
842 3569 93 36 and
964 3567 79 42 aff.
1077 3567 124 47 Sept.
1229 3569 81 40 19:
1340 3572 40 35 A
1408 3570 169 41 74993:
1608 3572 61 39 M.
1749 3604 6 5 R.
1786 3572 296 47 Hopkinson.
318 3573 1895 89 London.
497 3624 275 39 (34-81954)

246 3726 184 64 Hyde,
465 3729 222 62 George
724 3730 79 61 E.,
835 3731 170 48 1882-

316 3805 116 50 The
482 3806 238 50 Pawnee
770 3805 253 51 Indians,
1100 3816 77 55 pt.
1229 3811 46 46 2.
1388 3813 287 49 1680-1770.
1753 3813 89 65 By
1892 3812 216 65 George
2160 3813 65 50 E.

308 3900 34 46 Hy
349 3883 81 49 de.
507 3883 240 55 Denver,
781 3882 115 54 Col.,
945 3884 52 49 J.
1030 3885 124 50 Van
1187 3887 167 52 Male,
1387 3890 146 49 1934.
