2350 4196
1109 3994 98 50 803

184 356 183 66 Pearl,
403 358 322 64 Raymond,
759 355 169 56 1879-

254 435 119 52 The
401 442 258 60 ancestry
686 434 64 55 of
773 436 95 52 the
892 434 331 68 long-lived,
1248 434 74 67 by
1350 434 303 67 Raymond
1679 433 171 54 Pearl
1876 434 111 52 and
2016 434 156 52 Ruth

182 511 1968 146 DeWitt Pearl … Baltimore, The Johns Hopkins press; London,
338 591 75 52 H.
442 590 265 68 Milford,
735 590 226 56 Oxford
987 588 316 68 university
1329 608 172 48 press,
1531 593 148 50 1934.

261 660 1741 51 2 p. l., ix-xiii, 168 p. incl. tables, diagrs. front. (port.) 23 cm .
259 719 329 48 Frontispiece
617 721 337 47 accompanied
985 721 58 45 by
1070 720 153 45 guard
1252 720 135 38 sheet
1415 718 118 40 with
1561 718 291 48 descriptive
1880 719 297 47 letterpress.

186 772 50 52 ©
268 778 114 46 May
410 777 68 47 28,
510 777 140 47 1934;
682 778 67 39 2c.
781 779 94 38 and
907 777 80 41 aff.
1020 777 128 39 June
1175 778 51 45 1;
1260 777 42 38 A
1331 777 170 46 72547;
1537 776 54 39 R.
1624 776 158 47 Pearl,
1812 776 282 40 Baltimore.

263 834 278 48 (34-17616)

182 923 238 65 Redder,
449 924 289 67 Beatrice,
769 927 82 51 ed.

262 999 109 69 Big
411 1000 148 53 Bear
601 1019 327 50 panorama,
969 999 187 55 edited
1199 1019 69 49 oy
1311 1000 259 52 Beatrice
1613 999 251 66 Pedder;
1909 998 268 54 Kenneth
190 1078 193 52 Bouck

429 1079 110 52 and
587 1079 212 54 Robert
846 1078 288 70 Warfield,
1178 1078 251 55 business
1474 1095 309 50 managers.
1868 1076 116 69 Big
2028 1076 149 55 Bear
187 1156 142 67 lake,

360 1156 191 68 Calif.,
580 1157 115 68 Big
720 1157 147 56 Bear
895 1156 138 69 high
1063 1157 187 55 school
1284 1191 11 34 [
1302 1164 16 20 c
1325 1159 133 48 1934
1464 1190 13 34 ]

257 1230 82 37 111
371 1239 43 37 p.
473 1228 128 41 illus.
661 1230 55 39 23½
749 1231 42 21 cm
798 1262 8 7 .

257 1286 313 48 Advertising
599 1290 206 36 matter:
841 1298 40 37 p.
913 1286 185 42 85-111.

185 1343 51 52 ©
274 1348 111 47 Apr.
424 1347 68 47 25,
531 1347 139 46 1934;
711 1347 66 41 2c.
814 1348 113 46 Apr.
964 1345 82 48 30;
1088 1346 81 41 aff.
1207 1347 114 47 May
1358 1347 54 39 23;
1479 1347 39 38 A
1556 1345 171 48 72489;
1768 1346 92 48 Big
1897 1347 128 38 Bear
2063 1347 118 47 high

254 1405 175 47 school,
455 1404 117 39 Pine
597 1405 144 47 Knot,
769 1404 142 41 Calif.
983 1403 278 49 (34-17660)

180 1495 174 64 Read,
388 1493 255 55 William
675 1493 354 65 Alexander,
1064 1496 168 50 1869-

252 1572 237 52 Florida
535 1573 378 67 place-names
958 1572 63 52 of
1067 1572 211 52 Indian
1324 1572 189 67 origin
1559 1571 112 53 and
1720 1570 283 55 Seminole
180 1589 1972 113 personal

367 1649 1810 69 names, by William A. Read … Baton Rouge, Louisiana
177 1734 143 46 state
352 1727 317 69 university
703 1746 173 50 press,
912 1730 151 51 1934.

250 1800 1876 50 5 p. l., v, 83 p. 23 cm . (Half-title: Louisiana state university studies …
199 1868 71 29 [no.
300 1860 96 47 11])

256 1916 131 39 “List
415 1916 50 39 of
493 1915 324 48 publications
843 1919 125 37 most
995 1916 278 47 frequently
1301 1915 280 41 consulted”:
1640 1926 44 38 p.
1731 1915 70 50 [80]

184 1969 51 51 ©
263 1974 113 46 May
399 1974 38 45 1,
463 1973 140 46 1934;
630 1973 66 39 2c.
724 1973 125 39 June
872 1974 53 45 4;
954 1972 81 41 aff.
1063 1973 123 39 June
1211 1973 53 39 23;
1322 1973 41 38 A
1387 1972 170 48 73179;
1588 1972 263 40 Louisiana
1879 1975 128 38 state
2033 1972 144 48 univ.,

254 2030 157 39 Baton
442 2029 178 48 Rouge,
652 2030 81 39 La.
805 2030 279 48 (34-17361)

180 2120 236 62 Record,
448 2120 236 54 Samuel
713 2120 220 63 James,
964 2124 169 49 1881-

246 2196 427 54 Identification
712 2197 63 54 of
813 2198 92 54 the
945 2197 231 54 timbers
1215 2197 64 55 of
1317 2199 314 67 temperate
1669 2198 187 53 North
1893 2196 285 67 America,

179 2276 294 68 including
515 2279 267 65 anatomy
824 2277 112 52 and
978 2276 211 52 certain
1232 2275 260 69 physical
1533 2276 320 68 properties
1894 2274 64 54 of
1998 2274 179 68 wood,

179 2353 1995 147 by Samuel J. Record … New York, J. Wiley & sons, inc.; London, Chapman & Hall, limited, 1934.
247 2505 1420 50 ix, 196 p., 1 l. front., illus., VI pl. 23½ cm . $3.00
248 2564 131 39 Each
416 2564 132 48 plate
584 2563 341 46 accompanied
962 2564 60 47 by
1058 2564 100 39 leaf
1193 2563 120 40 with
1349 2562 291 50 descriptive
1676 2565 298 47 letterpress.

249 2621 50 39 “I
326 2622 125 39 have
475 2620 196 40 written
698 2620 98 40 this
822 2621 121 39 book
970 2623 48 38 to
1044 2621 187 46 replace
1256 2632 80 36 my
1362 2620 362 41 Identification
1752 2621 51 41 of
1828 2621 80 41 the
1934 2620 241 41 economic

179 2679 158 40 woods
368 2677 51 40 of
449 2678 82 39 the
563 2677 178 41 United
776 2678 162 40 States
979 2677 152 46 (John
1161 2676 155 49 Wiley
1346 2678 37 40 &
1413 2687 125 40 sons,
1570 2678 106 48 inc.,
1708 2678 77 40 1st
1814 2678 71 41 ed.
1917 2677 127 49 1912,
2078 2689 96 30 rev.

176 2737 71 38 ed.
276 2733 161 50 1918),
468 2734 156 40 which
656 2734 42 40 is
728 2745 108 29 now
866 2737 83 37 out
977 2735 54 39 of
1059 2733 368 50 print.”—Pref.

248 2792 174 40 “Notes
451 2793 94 39 and
575 2789 329 42 references”:
934 2802 41 37 p.
1004 2790 227 48 139-172;
1263 2791 236 41 “General
1527 2790 301 42 references”:
1887 2803 43 37 p.
1959 2792 215 41 173-178.

183 2845 52 52 ©
261 2850 125 39 June
412 2849 38 47 5,
477 2848 140 47 1934;
643 2849 66 40 2c.
737 2849 96 39 and
860 2848 81 40 aff.
969 2848 125 40 June
1121 2848 51 48 8;
1200 2849 41 39 A
1267 2848 171 49 72689;
1471 2850 44 41 S.
1543 2850 43 39 J.
1615 2850 200 48 Record,
1844 2850 121 40 New
1989 2850 187 40 Haven.

260 2906 280 48 (34-17598)

171 2993 215 67 Ritter,
420 2998 137 52 Mrs.
592 2998 173 61 Mary
796 2996 317 64 (Beimett)
1157 2999 168 50 1860-

245 3073 159 53 More
438 3074 141 52 than
612 3075 134 68 gold
780 3074 61 52 in
875 3073 343 70 California,
1253 3078 327 65 1849-1933,
1614 3076 74 67 by
1721 3075 170 67 Mary
1925 3076 248 50 Bennett
173 3152 207 53 Ritter.
447 3152 296 68 Berkeley,
775 3152 194 67 Calif.,
1005 3156 148 50 1933.

245 3224 28 42 6
300 3236 44 39 p.
409 3257 9 17 l.,
448 3225 173 41 11-451
648 3237 44 38 p.
753 3226 53 40 23
812 3228 43 21 cm
860 3257 8 9 .

245 3284 75 38 An
351 3284 401 48 autobiography.

181 3336 51 52 ©
270 3342 111 39 Dec.
418 3342 68 46 11,
524 3341 140 47 1933;
704 3342 66 39 2c.
810 3342 95 39 and
942 3341 80 40 aff.
1062 3342 124 40 June
1224 3343 68 47 13,
1332 3343 140 47 1934;
1513 3344 41 38 A
1590 3343 170 47 72756;
1802 3344 61 40 M.
1903 3344 55 39 B.
1997 3341 176 49 Ritter,

247 3399 247 46 Berkeley,
528 3397 143 41 Calif.
746 3398 279 48 (34-17631)

173 3472 242 67 Roesch,
447 3473 266 65 Rudolph
750 3474 244 66 George,
1030 3478 169 50 1894-

244 3552 162 52 Your
441 3552 313 67 invention,
790 3553 154 51 what
979 3559 59 46 to
1075 3553 71 54 do
1183 3554 140 53 with
1361 3554 64 67 it,
1462 3554 231 53 written
1726 3553 75 68 by
1839 3554 68 52 R.
1947 3553 222 69 George

173 3629 232 53 Roesch.
477 3629 295 69 Syracuse,
803 3631 68 53 N.
906 3631 90 67 Y.,
1028 3632 216 53 Roesch
1276 3634 45 50 &
1352 3632 317 67 associates,
1702 3633 126 66 inc.,
1860 3638 18 21 c
1883 3635 148 49 1934.

241 3706 24 37 1
292 3714 40 38 p.
396 3736 8 16 l.,
430 3704 58 39 60
510 3714 42 38 p.
613 3703 58 39 22½
701 3705 43 22 cm
749 3734 8 9 .

241 3758 203 49 Caption
467 3759 120 40 title.

240 3814 373 50 Bibliography:
645 3827 43 37 p.
720 3816 155 40 57-58.

178 3867 50 51 ©
257 3873 112 46 May
397 3872 68 46 18,
493 3872 140 46 1934;
664 3872 64 39 2c.
759 3873 94 39 and
880 3872 80 40 aff.
991 3874 79 38 May
1130 3874 82 46 24;
1243 3875 40 37 A
1311 3873 170 48 72490;
1513 3873 53 40 R.
1599 3873 50 41 G.
1681 3874 200 47 Roesch,
1915 3873 250 49 Syracuse,

243 3929 55 40 N.
328 3929 52 38 Y.
456 3928 278 48 (34-17313)
