2350 4196
1141 4013 60 50 694

229 372 195 54 North
457 379 236 52 eastern
724 385 269 61 reporter.
1065 383 164 55 Cases
1264 384 211 67 argued
1510 384 111 52 and
1652 385 349 55 determined
2030 390 61 51 in
2121 390 94 52 the

301 451 273 69 Supreme
618 460 185 49 courts
845 457 66 52 of
954 459 166 66 Ohio,
1165 459 242 68 Illinois,
1450 460 265 69 Indiana,
1757 466 457 67 Massachusetts,

298 529 309 69 Appellate
641 540 161 46 court
834 535 62 51 of
930 535 263 70 Indiana,
1230 539 110 52 and
1378 539 204 54 Courts
1618 541 61 51 of
1716 544 231 65 appeals
1981 544 62 51 of
2078 545 137 52 New

298 608 161 52 York
485 611 110 51 and
623 611 166 68 Ohio,
815 614 138 50 with
977 613 107 67 key
1108 615 234 52 number
1370 617 375 54 annotations,
1822 638 48 33 v.
1934 625 79 47 188.
297 621 1893 136 Jannary-March,
739 692 147 48 1934.

965 690 81 54 St.
1088 693 162 67 Paul,
1289 695 161 53 West
1487 695 335 69 publishing
1859 716 95 48 co.,
1996 702 147 49 1934.

303 760 117 39 xxii.
450 760 116 39 1014
590 771 44 37 p.
690 762 117 39 26cm.

233 811 51 51 ©
312 817 115 46 May
452 818 37 38 1.
518 817 138 46 1934;
685 819 66 38 2c.
781 819 124 38 June
933 820 80 46 20;
1044 820 81 41 aff.
1155 821 124 39 June
1305 822 81 46 21;
1415 823 39 37 A
1484 823 166 46 72919;
1682 825 136 39 West
1844 826 107 46 pub.
1982 837 64 28 co.

224 904 250 65 Ozanne,
504 906 268 65 Jacques.

297 982 277 67 Regional
604 1002 231 49 surveys
866 985 65 52 of
960 985 163 53 adult
1150 986 298 53 education;
1510 1007 29 33 a
1572 983 204 54 review
1809 986 278 65 prepared
2122 984 92 53 for

226 1059 94 53 the
370 1061 307 53 American
728 1063 336 52 association
1118 1062 91 54 for
1264 1063 159 52 adult
1477 1061 316 67 education,
1845 1062 74 67 by
1972 1063 240 67 Jacques

227 1135 1817 73 Ozanne … New York, American association for adult
224 1138 1963 132 education
529 1220 116 62 [c1934]

290 1289 58 40 48
375 1299 42 37 p.
476 1288 118 41 20cm.

295 1345 260 48 “Regional
581 1355 200 38 surveys
808 1347 49 38 of
882 1347 138 39 adult
1045 1344 282 45 education”:
1383 1357 40 36 p.
1451 1346 158 41 41-45.

229 1397 49 51 ©
312 1403 114 45 May
456 1404 67 44 17,
558 1402 112 40 1934;
731 1403 66 38 2c.
832 1404 92 38 and
959 1403 81 40 aff.
1073 1402 113 48 May
1219 1403 53 39 31;
1336 1403 40 37 A
1407 1402 143 40 71855;
1610 1402 157 41 Amer.
1803 1413 124 29 assn,
1963 1403 79 38 for
2074 1403 139 40 adult

292 1458 268 40 education.
637 1458 277 49 (34-15284)

218 1545 211 56 Pacific
481 1552 270 64 reporter.
842 1549 217 54 Second
1109 1548 183 52 series.
1381 1549 167 54 Cases
1601 1549 213 67 argued

1866 1549 112 52 and
287 1547 1896 134 determined
502 1626 60 52 in
590 1627 93 52 the
711 1632 186 47 courts
924 1627 62 51 of
1011 1627 268 66 Arizona,
1309 1624 341 68 California,
1680 1627 299 59 Colorado,
2006 1628 200 65 Idaho,

288 1704 242 64 Kansas,
556 1706 296 64 Montana,
880 1704 251 53 Nevada.
1162 1706 135 51 New
1325 1706 240 63 Mexico,
1594 1704 337 67 Oklahoma,
1963 1705 244 66 Oregon,

286 1782 175 67 Utah,
486 1780 401 69 Washington,
911 1783 326 67 Wyoming,
1267 1782 136 52 with
1429 1782 108 66 key
1562 1782 237 52 number
1829 1783 376 52 annotations,

286 1878 49 32 v.
383 1861 64 49 29
482 1860 125 65 (2d)
697 1860 218 65 March,
962 1862 149 48 1934.
1194 1860 81 54 St.
1321 1861 163 57 Paul,
1527 1862 158 51 West
1732 1860 331 67 publishing
2108 1879 96 47 co.,

288 1941 147 48 1934.

288 2012 95 45 xvi,
414 2010 113 40 1209
559 2021 41 37 p.
660 2011 113 39 26cm.

222 2064 49 51 ©
304 2070 77 38 May
445 2067 68 46 28,
546 2067 138 40 1934;
719 2067 64 39 2c.
818 2067 124 39 June
972 2066 82 42 20;
1089 2066 79 39 aff.
1203 2067 123 38 June
1358 2066 49 39 21:
1474 2067 39 37 A
1545 2066 168 41 72920:
1749 2066 137 39 West
1914 2065 107 47 pub.
2056 2077 65 28 co.

215 2199 118 52 The
363 2199 289 63 “pop-up”
684 2198 340 65 Cinderella,
1052 2197 295 68 including
1376 2199 218 51 Hansel
1624 2197 111 53 and
1766 2199 211 65 Gretel,

282 2195 1895 137 Goldilocks
486 2277 110 51 and
648 2275 95 52 the
791 2275 156 52 three
997 2275 178 66 bears,
1224 2273 446 68 Puss-in-boots;
1724 2274 137 51 with
1913 2274 288 68 “pop-up”

278 2355 380 53 illustrations
690 2355 75 65 by
801 2353 226 51 Harold
1064 2355 65 50 B.
1164 2352 193 53 Lentz.
1432 2353 138 52 New
1607 2352 180 66 York,
1821 2354 144 51 Blue
2000 2353 199 53 ribbon

279 2432 190 68 books,
500 2434 105 49 inc.
645 2433 170 65 [c1933]

288 2507 67 46 95,
388 2508 53 47 [1]
471 2517 42 37 p.
542 2506 108 39 incl.
677 2506 163 45 front.,
868 2505 128 39 illus.
1026 2504 135 48 (part
1187 2505 110 47 col.)
1361 2505 144 41 22½cm.

286 2563 286 40 Illustrated
599 2561 347 48 lining-papers
975 2562 49 38 in
1053 2562 167 40 colors.

219 2615 49 51 ©
307 2620 100 39 Oct.
442 2619 67 46 15,
545 2618 139 42 1933;
723 2618 65 39 2c.
824 2618 110 47 Apr.
972 2618 38 40 9,
1047 2618 137 40 1934;
1224 2617 80 41 aff.
1342 2619 125 38 June
1504 2620 49 44 7;
1593 2619 40 37 A
1669 2616 167 48 71994;
1877 2619 119 38 Blue
2034 2617 167 40 ribbon

281 2677 159 38 books,
486 2676 88 39 inc.
642 2669 65 55 [©
752 2675 140 39 black
935 2674 94 39 and
1072 2673 146 40 white
1260 2673 340 48 illustrations,
1644 2676 187 39 colored
1876 2676 90 38 end
2010 2683 186 39 papers,

285 2734 188 38 colored
508 2742 175 38 pop-up
717 2730 340 45 illustrations,
1092 2731 59 46 by
1187 2731 185 38 Harold
1407 2732 73 47 B.,
1496 2731 149 39 Lentz
1680 2732 94 39 and
1810 2734 104 37 text
1949 2741 53 29 as
2038 2730 159 41 edited

280 2791 60 45 by
371 2790 130 38 Ruth
533 2789 129 39 Lane]
753 2787 277 47 (34-15306)

208 2878 287 63 Prescott,
527 2876 252 56 William
809 2876 295 65 Hickling,
1137 2879 321 53 1796-1859.

285 2955 119 50 The
429 2956 263 64 conquest
717 2953 62 51 of
803 2952 237 67 Mexico,
1068 2953 73 67 by
1168 2951 255 54 William
1452 2953 74 51 H.
1558 2953 254 51 Prescott;
1871 2951 138 51 with

215 2949 1953 138 illustrations
482 3031 74 66 by
583 3029 176 53 Keith
786 3029 335 52 Henderson
1146 3029 111 54 and
1286 3049 70 32 an
1382 3030 383 53 introduction
1797 3030 73 66 by
1902 3028 132 54 Carl
2063 3028 130 52 Van

216 3109 203 52 Doren.
485 3107 135 53 New
650 3106 175 67 York,
854 3107 118 50 The
1002 3106 205 54 Junior
1236 3107 235 68 literary
1500 3106 179 68 guild,
1711 3109 146 49 1934.

281 3180 131 47 xxix,
445 3179 83 39 594
557 3190 41 36 p.
659 3180 126 38 illus.
845 3178 143 40 23½cm.

282 3238 138 46 Maps
456 3246 58 28 on
547 3236 358 47 lining-papers.

282 3294 99 38 The
419 3293 106 39 first
562 3294 110 47 part
711 3293 49 38 of
799 3293 81 39 the
917 3292 205 47 original
1162 3292 144 43 work,
1347 3304 59 28 on
1444 3294 146 40 Aztec
1628 3293 308 42 civilization,
1976 3296 95 37 and
2108 3294 81 39 the

214 3351 130 39 third
379 3353 124 45 part,
541 3360 56 28 on
633 3349 82 39 the
750 3358 165 30 career
948 3349 51 38 of
1035 3349 167 41 Cortez
1237 3348 251 49 following
1523 3351 80 39 the
1639 3351 241 47 conquest,
1916 3352 122 38 have
2072 3351 115 39 been

215 3407 200 40 omitted
442 3407 124 39 from
599 3405 97 41 this
722 3405 133 40 book.
914 3407 59 46 cf.
1003 3405 179 39 Introd.

211 3465 50 50 ©
287 3469 125 39 June
436 3469 37 37 1.
500 3467 112 38 1934;
666 3467 65 38 2c.
759 3466 112 45 May
898 3464 54 38 22;
1008 3464 81 39 aff.
1117 3464 122 39 June
1267 3466 24 38 7;
1347 3466 40 37 A
1414 3465 141 39 72694;
1612 3465 173 41 Junior
1812 3467 202 45 literary
2041 3464 146 49 guild.

281 3521 67 53 [©
378 3521 341 50 introduction]
792 3519 278 49 (34-15460)

203 3614 166 51 Prior,
421 3613 291 61 Loveday.

275 3690 54 51 A
367 3691 107 49 law
513 3693 136 46 unto
687 3687 348 64 themselves,
1075 3705 27 32 a
1143 3686 109 52 tale
1291 3686 62 51 of
1391 3688 94 51 old
1522 3687 254 66 Austria,
1811 3689 75 64 by
1923 3685 266 66 Loveday

206 3768 182 51 Prior.
465 3767 230 54 Boston,
732 3764 192 61 Little,
961 3764 225 55 Brown,
1222 3765 110 50 and
1368 3782 294 49 company,
1702 3767 147 49 1934.

279 3837 639 52 5 p. l ., [3]-354 p. 21½cm.
212 3893 50 51 ©
299 3898 126 38 June
459 3896 39 41 8.
534 3895 139 40 1934;
711 3895 66 38 2c.
813 3895 95 38 and
943 3893 80 39 aff.
1062 3894 125 39 June
1222 3893 51 40 9;
1312 3894 39 37 A
1389 3893 167 41 73013:
1595 3895 50 37 L.
1684 3894 50 38 F.
1773 3894 223 45 Loveday
2033 3893 154 43 Prior,

274 3953 199 44 Oxford,
500 3951 232 48 England.
803 3949 277 47 (34-15305)
