2350 4196
1100 3999 131 54 1757

172 365 288 65 Repplier,
490 368 219 64 Agnes,
741 373 169 49 1858-

248 442 188 67 Agues
476 444 195 66 Irwin,
710 462 27 32 a
779 441 337 70 biography,
1153 442 72 69 by
1263 441 192 68 Agnes
1492 441 289 69 Repplier.
1858 438 308 56 Published

177 520 175 52 under
384 521 96 53 the
512 523 254 65 auspices
795 521 64 54 of
890 522 93 51 the
1017 522 190 66 Agnes
1239 520 111 53 and
1384 519 198 69 Sophy
1614 518 198 56 Dallas
1848 519 178 53 Irwin

176 537 1969 112 memorial
410 597 174 66 fund;
625 598 365 68 frontispiece
1027 597 245 69 portrait
1305 598 73 68 by
1415 596 211 55 Cecilia
1661 598 211 51 Beaux.
1938 596 229 55 Garden

179 674 149 67 City,
353 674 66 53 N.
451 676 85 59 Y.,
563 675 351 68 Doubleday,
937 676 191 51 Doran
1156 677 44 50 &
1224 692 295 50 company,
1545 676 126 66 inc.,
1699 678 147 48 1934.

243 746 1116 49 vi p., 2 l., 3-125 p. front, (port.) 21 ½ cm.
244 803 162 39 “First
433 804 226 40 edition.”

176 874 49 51 ©
259 879 114 38 Nov.
406 879 38 40 7.
476 878 138 40 1934:
649 880 65 38 2c.
748 880 92 38 and
873 891 79 26 aff.
988 880 108 38 Dec.
1129 880 51 39 3:
1217 879 38 38 A
1288 879 167 40 77415:
1541 879 247 46 Doubleday,
1823 880 165 38 Doran
2022 879 33 39 &
2089 889 80 35 co.,

243 935 86 39 inc.
403 935 220 46 (33-275)

173 1036 302 66 Riesbeck,
508 1040 218 52 Ernest
754 1039 273 55 William.

240 1112 110 53 Air
378 1114 415 70 conditioning,
821 1113 400 54 fundamental
1250 1114 330 68 principles,
1608 1114 277 68 practical
173 1114 1972 130 installations

361 1191 1808 71 and ozone facts, by E. W. Riesbeck … Chicago, The
172 1268 608 55 Goodheart-Willcox
811 1288 298 50 company,
1140 1269 127 69 inc.,
1301 1273 151 49 1934.

247 1340 938 54 9 p. l., 352 p. illus., diagrs. 19½cm.
245 1397 72 41 On
343 1410 139 29 cover:
537 1400 87 38 Air
648 1400 331 48 conditioning
1006 1401 94 39 and
1127 1410 144 30 ozone
1298 1399 140 41 facts.

178 1467 50 52 ©
256 1472 111 39 Dec.
395 1472 36 40 5.
462 1473 14 37 3
489 1472 111 40 934;
628 1473 62 38 2c.
722 1472 93 39 and
843 1472 79 40 aff.
952 1473 108 38 Dec.
1091 1472 51 45 8;
1173 1472 39 38 A
1239 1472 142 39 78467;
1439 1472 505 41 Goodlieart-Willcox
1973 1484 80 35 co.,
2084 1474 87 39 inc.

255 1529 220 47 (35-213)

174 1633 245 64 Rogers,
453 1631 160 54 Elzia
641 1632 148 63 Guy.

249 1707 1925 69 Streaks of sunrise, by E. G. Rogers … Murfreesboro, Tenn.,
179 1786 416 66 News-journal
624 1786 333 68 publishing
985 1805 75 33 co.
1096 1788 191 64 [c1934]

248 1860 756 49 1 p. l., v-vii, 9-127 p. 21cm.
245 1919 182 39 Poems.

180 1987 50 50 ©
258 1992 108 38 Dec.
394 1991 66 39 15.
487 1989 139 40 1934:
654 1991 63 36 2c.
746 1989 107 39 Dec.
882 1988 81 45 20;
993 1988 78 39 aff.
1101 1989 106 38 Dec-
1236 1986 79 40 19:
1345 1989 39 37 A
1410 1987 133 40 77791;
1610 1989 49 38 E.
1689 1989 50 39 G.
1769 1990 196 46 Rogers.
1994 1990 180 46 Chapel

250 2046 114 43 Hill,
394 2048 145 38 Tenn.
612 2045 220 48 (35-229)

182 2151 448 67 [Schaumburg,
666 2151 140 52 Paul
843 2151 174 52 Erich
1047 2151 197 51 Bruno
1277 2149 276 66 Richard,
1593 2156 171 48 1884—

249 2230 151 52 Volk
439 2229 85 52 bei
566 2230 98 50 der
704 2228 177 52 arbeit;
955 2246 195 33 roman
1189 2228 95 53 des
1324 2228 306 51 deutschen
1669 2229 190 51 Volkes
1901 2247 106 34 von

178 2230 1998 145 Bismarck bis Hitler, von Pani Burg [ pseud .] bd. III. Der weg ins
179 2388 168 51 reich.
423 2387 114 52 Mit
572 2390 66 47 20
675 2385 503 67 zeitgenössischen
1216 2384 240 52 bildern.
1532 2383 256 69 Leipzig,
1826 2386 76 51 H.
177 2385 1975 133 Fikentscher
422 2469 116 62 [1934]

248 2550 943 52 317 p. front., plates, ports. 19 ½ cm.
183 2607 1992 52 © Oct. 11, 1934: 1c. Dec. 1 9; A -Foreign 26476; H. Fikentscher verlag.
242 2767 1934 67 … School administration in the twentieth century, edited by
252 2853 155 51 Jesse
444 2854 65 49 B.
548 2849 180 53 Sears.
804 2845 280 54 Stanford
1124 2845 347 66 University,
1507 2845 194 62 Calif.,
1737 2845 282 54 Stanford
252 2846 1898 149 university

502 2944 180 50 press;
715 2924 257 52 London,
1005 2925 75 51 H.
1114 2918 263 60 Milford,
1411 2923 229 54 Oxford
1673 2925 315 65 university
2022 2943 155 48 press

300 3012 132 48 [c1934]

252 3076 1169 54 83 p. 1 9½. ( Stanford pamphlets, no. 4)
284 3130 1895 49 "Five addresses … given at Stanford university on June 6, 1933, in
184 3189 1995 48 honor of Professor Fllwood Patterson Cubberley … Colleagues and
182 3256 191 38 friends
407 3250 294 45 throughout
739 3249 80 38 the
854 3249 203 44 country
1093 3247 237 45 arranged
1367 3246 77 38 for
1479 3257 23 26 a
1543 3246 92 45 day
1671 3246 95 38 and
1802 3245 202 45 evening
2042 3250 46 36 to
2126 3248 53 37 he

184 3303 724 56 spent in his honor."—p. [6]
531 3361 558 44 CONTENTS—Twentieth-century
1132 3359 356 46 developments
1533 3357 47 39 in
1624 3360 128 37 state
1795 3360 159 38 school
185 3360 1977 104 administration.
467 3423 57 41 by

569 3420 46 37 F.
658 3420 67 36 W.
768 3415 784 45 Thomas.—Twentieth-century
1595 3414 357 48 developments
1995 3417 46 38 in
2084 3418 95 42 city

184 3482 160 40 school
395 3474 411 44 administration,
854 3474 59 45 by
963 3474 40 37 J.
1109 3503 6 6 M.
1169 3471 746 48 Gwinn—Twentieth-century
185 3474 1978 104 developments
382 3536 47 38 in
470 3533 222 40 research
734 3530 46 39 in

820 3531 156 37 school
1022 3527 409 41 administration,
1473 3528 58 45 by
1572 3528 41 39 J.
1656 3529 56 37 K.
186 3529 1975 108 Norton.—Twentieth-century
572 3588 357 46 developments
972 3586 48 38 in
1064 3586 79 39 the

1183 3583 395 41 administration
1622 3584 52 39 of
1716 3586 194 38 teacher
1952 3586 227 47 training,

185 3655 59 44 by
273 3653 50 36 R.
354 3651 67 37 W.
458 3642 815 44 Swetman.—Twentieth-century
1306 3641 163 39 trends
1498 3641 48 37 in
1575 3641 80 39 the
1685 3640 226 49 teaching
1937 3643 51 38 of
2020 3644 160 39 school

186 3705 412 45 administration,
638 3703 59 45 by
738 3702 45 37 C.
828 3702 59 37 M.
929 3699 219 39 Hill.—A
1189 3709 226 36 response
1454 3700 47 37 to
1542 3709 144 35 many
1727 3700 168 41 toasts,
1938 3700 58 47 by
2039 3702 49 37 F.
2132 3701 46 39 P.

185 3766 279 43 Cubberley.

189 3834 50 51 ©
276 3838 116 38 Nov.
425 3835 68 38 16.
557 3831 111 39 1934;
705 3829 64 38 2c.
806 3828 94 38 and
936 3825 78 39 aff.
1050 3825 115 39 Nov.
1200 3825 81 40 27;
1319 3824 40 38 A
1394 3824 169 39 77353;
1602 3825 159 39 Board
1800 3826 51 39 of
1886 3828 209 39 trustees
2129 3829 52 39 of

256 3895 81 39 the
371 3890 182 40 Leland
590 3884 233 43 Stanford
856 3883 166 47 junior
1054 3880 142 47 univ.,
1234 3880 234 40 Stanford
1504 3880 294 48 University,
1837 3882 141 40 Calif.

267 3947 219 43 (35-276)
