2350 4196
1150 4007 98 48 308

206 376 233 64 Hirsch,
472 376 202 65 Alcan,
709 379 171 49 1885-

274 448 1916 70 Industrialized Russia, by Alcan Hirsch … with preface by
204 529 253 53 Maurice
485 529 247 52 Hindus.
809 528 134 51 New
978 527 175 67 York,
1181 527 119 52 The
1335 527 285 54 Chemical
1653 526 221 67 catalog
1903 543 291 52 company,

203 610 125 58 inc.,
362 610 149 48 1934.

272 690 45 36 x,
343 677 172 41 11-309
541 688 43 37 p.
635 677 164 48 front.,
827 677 126 39 illus.
984 675 131 46 (incl.
1140 680 162 44 ports.,
1328 678 160 47 maps)
1550 677 55 39 21
1608 680 43 20 cm
1658 711 8 8 .

276 736 188 39 “Books
489 735 50 39 in
568 735 202 47 English
798 735 146 38 about
975 735 79 38 the
1085 734 152 39 soviet
1268 734 202 42 union”:
1503 745 41 37 p.
1573 733 229 49 274-285;
1837 735 67 38 “A
1932 735 83 40 list
2047 735 49 39 of
204 743 1971 90 recent

335 793 266 47 important
624 791 197 40 articles
844 802 60 28 on
928 791 81 39 the
1032 789 154 41 soviet
1210 791 173 39 union”:
1438 802 41 37 p.
1505 791 215 41 286-290.

207 863 50 51 ©
291 868 119 37 Mar.
443 868 68 45 17,
544 865 139 40 1934;
719 865 66 38 2c.
819 865 95 37 and
947 874 81 28 aff.
1063 864 120 39 Mar.
1216 863 80 47 19;
1332 864 42 38 A
1405 863 168 47 70730;
1612 863 243 40 Chemical
1889 863 194 47 catalog
2112 874 82 35 co.,

273 924 89 39 inc.
437 921 249 49 (34-5946)

207 1029 157 64 Holt,
394 1029 223 61 Henry.

276 1106 119 50 The
432 1104 227 53 sinister
696 1103 249 65 shadow,
982 1121 30 32 a
1051 1119 121 36 case
1208 1101 92 53 for
1337 1104 297 65 Inspector
1672 1102 202 66 Silver,
1915 1103 61 54 C.
2016 1104 47 53 I.
2105 1105 89 64 D.,

204 1183 139 52 New
385 1181 274 55 Scotland
698 1181 145 66 yard
905 1179 92 68 [by]
1044 1181 202 66 Henry
1287 1181 160 51 Holt.
1524 1180 232 54 Garden
1799 1179 150 69 City,
1991 1182 68 52 N.
2105 1182 89 66 Y.,

204 1260 142 52 Pub.
385 1258 92 53 for
513 1260 119 51 The
671 1258 189 55 Crime
896 1258 145 66 club,
1075 1257 123 67 inc.,
1232 1258 73 66 by
1341 1258 355 66 Doubleday,
1734 1260 198 50 Doran
1968 1261 46 49 &

204 1277 1966 127 company,
403 1338 105 52 inc.
546 1370 12 33 [
564 1343 16 21 c
586 1340 150 62 1934]

278 1406 888 50 4 p. l., vii-viii p., 1 l., 321 p. 19½cm.
280 1466 162 40 “First
470 1464 225 42 edition.”

209 1533 1988 51 © Mar. 21, 1934; 2c. and aff. Mar. 24; A 69978; H. Holt, Hythe, Kent,
276 1594 234 46 England.
583 1591 248 48 (34-5972)

206 1696 266 64 Jenkins,
504 1694 326 65 Elizabeth,
864 1695 170 53 1907-

275 1773 255 66 Harriet,
555 1773 74 66 by
657 1772 300 53 Elizabeth
984 1772 255 54 Jenkins.
1302 1773 230 53 Garden
1560 1772 150 67 City,
1737 1774 68 51 N.
1837 1775 86 64 Y.,

206 1773 1965 145 Doubleday,
361 1853 198 51 Doran
587 1854 45 50 &
657 1868 296 48 company,
982 1850 124 66 inc.,
1136 1854 148 49 1934.

277 1922 526 49 4 p. l., 299 p. 20 cm .
280 1980 159 40 “First
470 1979 225 41 edition.”

209 2034 1992 51 © Mar. 21, 1934; 2c. and aff. Mar. 24; A 70804; Doubleday, Doran &
281 2106 78 34 co.,
390 2095 89 38 inc.
554 2093 249 48 (34-6050)

202 2196 222 66 Kelley,
455 2196 190 52 Leslie
677 2198 79 63 C.,
785 2197 171 51 1887-

278 2274 119 53 The
422 2279 162 62 great
607 2273 163 67 plan;
800 2291 26 32 a
856 2273 269 66 complete
1153 2277 395 62 arrangement
1575 2271 93 52 for
1695 2290 70 34 an
1792 2271 278 53 economic
2096 2271 102 53 life

209 2348 1988 70 that will be fair to everybody, by Leslie C. Kelley … San
209 2428 318 67 Francisco,
556 2428 172 54 Calif.
806 2431 151 64 [c1934]

278 2500 55 39 64
353 2510 42 37 p.
456 2500 55 39 19
515 2502 43 20 cm
563 2533 7 8 .

211 2557 1989 50 © Feb. 26, 1934; 2c. and aff. Mar. 12; A 70627; L. C. Kelley, San
278 2617 271 40 Francisco.
622 2616 249 47 (34-5945)

211 2719 355 66 Lindbergh,
600 2720 245 53 Charles
873 2723 256 60 August,
1164 2722 324 51 1859-1924.

282 2796 159 51 Your
471 2802 236 61 country
741 2801 56 46 at
829 2814 116 33 Avar
978 2796 108 52 and
1121 2796 154 52 what
1305 2795 255 68 happens
1590 2801 56 46 to
1679 2814 108 49 you
1820 2794 152 55 after
2003 2816 32 33 a
2066 2814 134 48 war,

209 2874 71 69 by
316 2873 232 54 Charles
580 2874 69 51 A.
682 2874 348 68 Lindbergh,
1061 2892 68 35 sr.
1206 2872 421 70 Philadelphia,
1658 2866 286 60 Dorrance
1978 2875 44 49 &
208 2890 1968 129 cornpany,
408 2954 106 50 inc.
734 2985 12 34 [c1934]

279 3024 85 39 215
393 3034 41 37 p.
495 3023 162 46 front.,
690 3025 169 46 plates,
889 3025 147 46 ports.
1096 3023 55 39 19½cm.

278 3081 260 39 Published
567 3080 50 40 in
643 3081 113 39 1917
785 3082 151 39 under
967 3081 106 39 title:
1130 3081 123 46 Why
1280 3080 42 40 is
1349 3091 121 37 your
1498 3085 202 45 country
1730 3085 50 37 at
1811 3094 102 28 war
1941 3085 94 38 and
2067 3085 128 38 what

209 3138 215 46 happens
452 3139 48 37 to
528 3148 92 36 you
650 3137 130 39 after
808 3138 79 39 the
916 3148 114 36 war,
1058 3138 94 38 and
1181 3138 183 38 related
1393 3139 227 46 subjects.

212 3194 1987 51 © Mar. 1, 1934; 2c. Mar. 1; aff. Mar. 16; A 70732; J. S. Hibbert and
281 3255 68 39 W.
379 3256 50 38 E.
458 3254 214 47 Quigley,
702 3253 335 47 Minneapolis.
1103 3248 66 52 [©
1196 3253 330 40 introduction
1553 3256 95 38 and
1676 3255 327 39 illustrations
2032 3257 168 43 except

276 3311 329 47 frontispiece]
680 3309 247 49 (34-5947)

208 3413 283 64 Marquis,
525 3414 147 64 Don,
709 3412 171 53 1878-

274 3490 223 66 Archys
531 3489 104 54 life
669 3489 64 52 of
763 3490 328 65 Mehitabel,
1123 3489 74 67 by
1228 3489 130 51 Don
1392 3490 284 67 Marquis;
1714 3490 377 53 illustrations
2123 3491 73 65 by

206 3567 220 68 George
472 3567 327 51 Herriman.
876 3566 230 54 Garden
1154 3565 150 69 City,
1350 3566 67 53 N.
1466 3567 90 66 Y.,
1600 3566 356 68 Doubleday,
2001 3568 197 52 Doran

204 3648 45 49 &
280 3662 296 49 company,
607 3644 123 65 inc.,
764 3647 147 48 1933.

276 3715 1246 50 viii p., 1 l., 182 p. front., illus., plates. 20 cm .
277 3775 161 38 Verse.

211 3826 1983 51 © Dec. 28, 1933; 2c. and aff. Mar. 9, 1934; A 70722; Doubleday, Doran
279 3887 36 39 &
341 3898 82 35 co.,
452 3887 88 40 inc.
609 3882 66 53 [©
707 3886 326 39 illustrations
1063 3887 59 38 by
1153 3886 180 46 George
1362 3885 277 49 Herriman]

288 3943 248 47 (34-6067)
