2350 4296
1083 3998 131 50 1185

160 351 282 66 Addison,
475 353 200 54 James
707 354 251 64 Thayer,
993 357 169 50 1887-

236 429 121 52 The
397 446 127 51 way
562 428 65 52 of
668 429 223 68 Christ;
937 448 30 34 a
1010 429 146 53 book
1196 429 94 53 for
1332 448 193 51 young
1566 429 244 69 readers,
1852 431 74 69 by
1969 431 194 56 James

165 505 226 58 Thayer
430 506 280 53 Addison.
788 508 215 52 Boston
1043 508 111 51 and
1196 508 139 52 New
1376 507 181 69 York,
1598 508 319 68 Houghton
1959 508 203 53 Mifflin

163 601 297 51 company,
494 587 149 49 1934.

236 656 64 48 xi,
332 657 83 40 163
445 667 42 37 p.
549 657 56 40 18
608 660 14 20 cm
657 689 6 6 .

236 713 272 47 “Readings
544 715 94 38 and
675 714 437 47 prayers.”—Pref.

238 769 69 40 “A
342 771 83 40 list
459 771 51 40 of
546 772 361 39 recommended
942 771 162 40 books,
1141 771 236 48 prepared
1415 772 60 45 by
1515 771 120 40 Miss
1670 770 211 42 Mildred
1921 771 213 42 Hewitt”:

166 835 41 37 p.
243 826 214 44 161-163.

168 882 50 51 ©
243 886 117 48 Aug.
386 886 67 41 28.
479 886 113 39 1934;
646 888 66 38 2c.
739 889 93 37 and
856 886 80 40 aff.
965 887 124 47 Sept.
1114 888 53 38 4;
1195 888 38 37 A
1260 887 167 41 75131;
1492 920 7 8 J.
1526 888 50 39 T.
1604 888 229 47 Addison,
1861 886 301 52 Cambridge,

235 943 144 41 Mass.
452 943 279 48 (34-30706)

160 1061 314 53 American
508 1062 226 64 society
768 1063 94 51 for
896 1063 227 62 testing
1156 1061 323 57 materials.

292 1138 1807 70 … Supplement [1934] to Book of A. S. T. M. standards …
160 1216 427 70 Philadelphia,
642 1221 117 52 Pa.,
813 1219 306 51 American
1173 1219 210 66 society
1436 1219 97 51 for
1584 1221 214 66 testing
1848 1220 310 68 materials,

158 1304 15 20 c
180 1299 149 50 1934.

233 1370 758 49 4 p. l., 216 p. diagrs. 23 cm .
165 1424 1997 54 © Sept. 26, 1934; 2c. Oct. 1: aff. Oct. 9; A 75701: Amer. soc. for testing
231 1485 265 41 materials.

156 1600 250 67 Anders,
437 1603 203 53 James
671 1603 317 64 Meschter,
1022 1605 169 51 1854-

228 1676 1934 73 Meditations in verse, by James M. Anders … Published by
158 1757 95 53 the
300 1756 221 54 friends
567 1756 64 53 of
675 1757 193 54 James
911 1756 80 53 M.
1038 1756 243 54 Anders.
1369 1756 446 69 [Philadelphia,
1862 1755 297 55 Bradford

159 1833 145 54 book
334 1853 297 50 company,
663 1841 18 21 c
686 1838 151 64 1934]

232 1907 816 52 [107] p. front. (port.) 23½ cm .
164 1964 50 51 ©
245 1968 126 48 Sept.
399 1969 68 46 18,
495 1968 140 41 1934;
665 1968 65 39 2c.
759 1968 95 39 and
882 1968 78 39 aff.
994 1967 127 48 Sept.
1149 1968 45 38 21:
1261 1968 38 38 A
1328 1968 169 41 76011;
1528 1968 246 39 Bradford
1805 1969 71 37 bk.
1907 1978 64 29 co,

244 2023 279 49 (34-30860)

152 2143 181 64 Asch,
367 2143 258 65 Shalom,
664 2146 169 49 1880-

233 2217 316 70 Salvation,
576 2219 75 68 by
681 2218 230 55 Sholem
939 2218 184 68 Asch;
1154 2218 316 54 translated
1497 2219 76 69 by
1599 2217 179 55 Willa
1810 2218 113 53 and
1952 2217 209 54 Edwin

159 2295 172 56 Muir.
393 2298 139 52 New
560 2296 180 68 York,
767 2296 69 55 G.
863 2297 66 53 P.
955 2296 298 54 Putnam’s
1279 2315 148 50 sons,
1456 2298 150 55 1934.

229 2368 626 50 4 p. l., 3-332 p. 21½ cm .
232 2427 161 41 “First
422 2427 228 41 edition.”

162 2483 50 51 ©
244 2487 127 48 Sept.
397 2486 69 50 21,
493 2486 140 41 1934;
664 2488 64 38 2c.
758 2487 95 39 and
883 2487 78 39 aff.
996 2486 127 47 Sept.
1152 2486 54 39 26;
1265 2487 39 38 A
1331 2486 170 47 76130;
1534 2487 52 39 G.
1617 2487 50 40 P.
1697 2484 251 41 Putnam’s
1978 2496 125 31 sons.

240 2542 279 51 (34-30866)

157 2659 311 67 Atkinson,
500 2662 138 52 Mrs.
677 2661 251 52 Eleanor
959 2660 429 65 (Stackhouse)
1433 2663 170 50 1863-

227 2737 120 53 The
372 2738 127 52 how
529 2737 112 53 and
671 2738 131 68 why
829 2736 247 68 library;
1107 2736 147 54 little
1283 2736 287 69 questions
1597 2736 131 54 that
1755 2737 127 53 lead
1908 2740 59 49 to
1998 2740 164 66 great

158 2811 2003 74 discoveries, by Mrs. Eleanor Atkinson … advisory editor,
157 2890 2003 151 Lyon N. Richardson … artist, Harlan Farnum … cover designs, Geraldine Virginia Dearborn. Includes an explanation
159 3048 63 51 of
265 3049 94 53 the
402 3048 315 69 beginning
764 3048 113 52 and
921 3047 385 54 brotherhood
1353 3046 64 55 of
1464 3046 109 55 life
1616 3066 60 35 as
1725 3065 168 51 every
1937 3047 225 54 mother

160 3127 197 53 wishes
387 3128 100 50 her
519 3126 153 52 child
704 3130 58 49 to
791 3124 169 54 know
990 3126 75 67 it;
1098 3144 31 34 a
1161 3123 118 71 trip
1311 3126 221 53 around
1562 3126 97 53 the
1692 3125 210 68 world;
1938 3125 224 70 picture

158 3203 161 55 visits
358 3209 58 48 to
458 3205 95 51 the
593 3208 162 64 great
796 3203 310 53 industries
1148 3203 111 53 and
1302 3203 264 54 intimate
1607 3203 246 69 insights
1899 3204 120 53 into
2064 3204 97 53 the

162 3299 150 36 ways
372 3282 63 53 of
490 3299 146 50 men,
696 3281 260 68 animals,
1015 3281 176 67 birds,
1252 3281 237 69 flowers,
1547 3281 224 69 insects,
1831 3281 155 54 wind
2048 3281 112 54 and

157 3362 261 52 weather.
488 3359 328 67 Cleveland,
843 3358 87 68 O.,
960 3358 121 53 The
1108 3359 65 52 L.
1204 3359 56 54 J.
1292 3359 247 54 Bullard
1569 3377 79 36 co.
1687 3391 14 35 [
1703 3365 18 22 c
1727 3360 153 64 1934]

234 3433 25 39 3
283 3441 41 32 v.
385 3434 162 44 front.,
573 3432 126 40 illus.
731 3431 135 48 (part
892 3432 110 48 col.)
1034 3431 158 49 plates
1221 3431 135 48 (part
1382 3432 111 49 col.)
1530 3442 137 38 maps
1696 3432 47 48 (1
1772 3432 196 49 double)
2018 3431 55 41 24½
2107 3434 44 22 cm
2155 3464 9 10 .

231 3488 160 51 Paged
423 3488 353 47 continuously.

164 3544 1998 55 © Aug. 16, 1934; 2c·. each Sept. 4: aff. Sept. 15; A 74950; L. J. Bullard
231 3617 65 30 co.
361 3606 276 49 [Copyright
679 3605 40 37 is
756 3604 204 39 claimed
998 3615 61 28 on
1094 3612 104 32 new
1236 3604 194 48 matter]
1505 3603 278 47 (34-30699)

156 3707 207 64 Ayres,
396 3708 172 62 Ruby
599 3705 268 65 Mildred,
902 3707 171 53 1883-

292 3780 1871 74 … Much loved … Garden City, N. Y., Doubleday, Doran &
162 3882 94 47 co.,
283 3865 126 53 inc.,
440 3866 151 49 1934.

233 3919 545 67 3 p. l., 306 p. 19½ cm .
