2350 4196
1163 4018 96 48 130

276 458 163 41 “First
472 459 217 48 printing
725 460 261 40 December
1023 460 153 40 1933.”

275 516 278 41 Half-title:
590 518 100 38 The
725 517 240 40 couriers:
1006 519 78 38 the
1119 517 199 41 Charles
1354 520 53 38 B.
1442 518 205 40 Voorhis
1682 519 150 39 series
1865 519 51 39 of
1950 518 241 42 Overland

204 578 48 36 to
277 574 80 39 the
382 573 189 48 Pacific,
596 584 24 29 a
647 571 619 52 narrative-documentary
1285 573 187 49 history
1498 575 49 39 of
1574 575 79 40 the
1676 580 137 43 great
1839 577 173 45 epochs
2036 577 50 40 of
2111 576 80 41 the

205 629 80 42 far
310 632 148 48 West,
485 632 161 41 edited
675 631 58 47 by
761 633 184 39 Archer
971 632 170 39 Butler
1169 630 222 43 Hulbert.

208 682 1982 59 © Dec. 23. 1933; 2c. Feb. 7. 1934; aff. Feb. 6; A 70180; A. B. Hulbert,
273 748 235 41 Colorado
547 746 212 49 Springs,
799 748 96 39 Col.
967 746 249 49 (34-2435)

207 852 262 53 Indiana.
545 853 182 56 Laws,
757 858 238 45 statutes,
1045 858 98 46 etc.

277 928 331 52 Annotated
647 929 248 52 Indiana
934 932 254 53 statutes.
1231 931 151 54 1933,
1421 927 332 69 containing
1792 929 75 53 all
1908 935 116 46 acts
2063 929 61 52 of
2164 948 30 32 a

209 1010 226 64 general
470 1008 112 51 and
613 1006 193 68 public
838 1011 199 48 nature
1069 1008 60 51 in
1163 1006 152 54 force
1353 1005 329 68 September
1715 1009 43 56 1,
1795 1010 150 50 1933,

212 1006 1956 146 including
352 1086 115 51 also
506 1086 96 51 the
642 1090 144 47 state
826 1084 110 52 and
977 1083 218 53 federal
1236 1083 417 62 constitutions,
1694 1091 161 47 court
1893 1086 147 52 rules
2083 1086 111 50 and

210 1163 213 53 certain
463 1163 237 52 selected
741 1162 219 52 federal
998 1163 154 54 laws,
1191 1163 76 52 all
1307 1162 336 67 completely
1683 1164 323 51 annotated.
209 1163 1963 130 Edited

377 1242 74 65 by
497 1240 286 53 Harrison
832 1242 207 53 Burns,
1088 1239 217 53 revised
1353 1240 74 67 by
1475 1240 305 67 Benjamin
1830 1242 64 49 F.
1940 1242 255 52 Watson.

209 1313 1963 149 This edition by the publisher’s editorial staff … v. 3 [Probate code]
602 1395 416 69 Indianapolis,
1053 1395 121 52 The
1208 1395 442 54 Bobbs-Merrill
1684 1413 278 49 company
2003 1429 11 33 [
2020 1404 17 19 c
2043 1399 148 64 1934]

278 1470 61 40 iv.
367 1472 78 36 441
481 1481 41 36 p.
581 1469 54 39 26
640 1471 42 21 cm
689 1500 6 6 .

213 1518 1903 56 © Jan. 19, 1934; 2c. Jan. 27: aff. Feb. 5: A 70136: Bobbs-Merrill co.
211 1630 244 64 Justice,
482 1628 254 56 William
765 1630 78 52 M.

281 1707 175 52 Tears
482 1706 112 52 and
621 1704 262 68 laughter
912 1705 111 50 and
1053 1701 158 55 other
1238 1718 207 51 poems,
1474 1700 71 67 by
1574 1697 258 54 William
1859 1697 77 51 M.
1967 1696 231 54 Justice.

217 1783 214 69 [Berea,
459 1783 133 66 Kyj
625 1781 176 54 Berea
832 1781 207 66 college
1067 1797 153 49 press
1253 1813 12 32 [
1270 1785 18 21 c
1294 1780 150 64 1934]

279 1851 924 51 4 p. l., 13-103 p. front. (port.) 23½cm.
214 1913 51 50 ©
296 1916 107 39 Jan.
431 1915 69 40 31.
529 1915 140 40 1934;
702 1912 65 42 2c.
798 1914 94 38 and
922 1913 80 38 aff.
1033 1912 110 39 Feb.
1173 1911 50 47 5;
1257 1911 40 37 A
1325 1910 169 45 69317;
1527 1910 71 39 W.
1629 1910 62 37 M.
1723 1907 198 47 Justice,
1953 1905 247 46 Pikeville,

280 1974 89 46 Ky.
445 1971 248 49 (34-2481)

212 2075 255 65 Kriebel,
495 2075 177 52 Alvin
701 2073 218 56 Cassel.

214 2140 1965 153 The psychology of success, by Alvin C. Kriebel … [Downingtown,
512 2228 97 53 Pa.,
657 2227 120 52 The
805 2226 270 53 Hadfield
1104 2242 171 49 press]
1309 2230 17 21 c
1331 2225 148 49 1934.

285 2301 56 39 58
372 2311 41 37 p.
475 2300 53 39 18½
563 2302 44 20 cm
612 2332 7 7 .

216 2359 51 51 ©
296 2362 109 38 Feb.
432 2363 38 38 1.
497 2360 139 41 1934;
667 2359 64 40 2c.
760 2360 92 38 and
881 2358 80 40 aff.
992 2358 107 38 Feb.
1129 2357 49 44 5;
1209 2357 39 37 A
1277 2355 167 40 70133:
1476 2355 52 38 A.
1559 2354 47 40 C.
1636 2352 211 41 Kriebel.
1876 2351 214 43 Chester,
2120 2352 80 37 Pa.

298 2416 248 48 (34-2466)

214 2521 232 64 Lanier,
477 2521 205 61 Henry
710 2517 304 65 Wysham,
1050 2518 170 51 1873-

282 2596 70 52 A.
399 2597 65 50 B.
512 2596 188 65 Frost,
745 2595 95 51 the
884 2592 304 53 American
1235 2589 366 69 sportsman’s
1651 2589 184 67 artist,
1881 2588 75 68 by
2002 2586 202 69 Henry

213 2664 1893 78 Wysham Lanier … New York, The Derrydale press [ c 1933]
284 2736 1811 57 3 p. l., v-xvi p., 1 l., 154 p., 1 l. front., illus., plates, ports. 31 cm .
285 2794 1497 52 “Nine hundred and fifty copies … have been printed.”
218 2858 50 52 ©
295 2862 116 38 Nov.
438 2862 67 38 22.
532 2860 113 40 1933;
703 2859 65 41 2c.
796 2859 95 38 and
917 2858 79 39 aff.
1026 2858 110 38 Feb.
1163 2857 23 38 2:
1243 2856 40 37 A
1310 2855 141 39 69287;
1509 2855 60 39 H.
1596 2854 70 39 W.
1695 2852 190 45 Lanier,
1914 2852 118 38 New
2058 2850 144 40 York.

294 2918 249 48 (34-2547)

218 3023 240 63 Larsen,
492 3020 259 63 Gunnar,
787 3021 169 50 1900-

346 3084 1856 78 … To mistenkelige personer; roman. Oslo, Gyldendal, 1933.
285 3173 84 39 212
398 3183 42 36 p.
498 3171 55 39 20
557 3173 43 20 cm
606 3203 6 6 .

218 3218 1986 60 © Nov. 17. 1933; 1c. Dec. 27; A-Foreign 23248; Gyldendal norsk
285 3286 172 47 forlag.
529 3282 247 49 (34-3484)

219 3376 223 63 Lattin,
468 3374 255 52 Thomas
751 3372 67 54 E.

287 3449 311 53 Profitable
629 3453 146 46 meat
811 3446 238 66 cutting,
1080 3445 74 67 by
1187 3444 246 51 Thomas
1467 3442 67 51 E.
1567 3441 201 52 Lattin
1803 3440 112 52 and
1948 3437 155 56 John
2137 3438 66 51 B.

219 3526 231 55 Carson.
516 3527 97 50 4th
646 3525 81 52 ed.
796 3523 230 66 Toledo,
1057 3522 86 66 O.,
1171 3520 272 52 National
1473 3519 188 52 school
1693 3517 64 52 of
1788 3521 151 48 meat
1967 3514 238 68 cutting,

219 3607 330 64 inc. [ c 1934]
288 3674 500 52 367, [1] p. illus. 20½cm.
294 3733 153 41 Blank
476 3741 146 38 pages
651 3731 77 38 for
761 3725 369 43 “Memoranda”
1174 3723 248 50 (365-367)

291 3789 160 41 “Meat
476 3790 79 38 for
580 3796 141 35 every
747 3783 247 41 occasion”:
1053 3793 41 36 p.
1124 3779 214 42 297-345.

290 3844 227 48 “Helpful
544 3841 323 49 publications
892 3840 77 39 for
996 3840 80 38 the
1104 3838 129 40 meat
1258 3835 253 40 retailer”:
1540 3845 43 37 p.
1610 3833 98 43 293.

224 3890 1983 61 © Jan. 18, 1934; 2c. Jan. 19: aff. Jan. 31: A 70072; Natl. school of meat
289 3961 199 46 cutting,
531 3960 88 38 inc.
690 3954 249 51 (34—2556)
