2350 4196
1143 4004 100 50 782

216 378 256 63 Kirwan,
505 380 257 53 Patrick.

346 457 1825 66 … Black exchange. New York, The Vanguard press [ c 1934]
291 528 25 39 5
344 537 41 36 p.
413 530 44 46 l.,
485 529 143 40 3-307
657 540 41 36 p.
788 528 26 40 19½
846 532 43 20 cm
896 561 7 7 .

221 581 50 51 ©
305 585 125 40 June
461 586 69 40 22.
562 585 114 40 1934
694 597 8 28 :
737 586 66 40 2c.
838 587 94 38 and
960 585 83 40 aff.
1079 586 123 39 June
1235 585 81 47 26;
1352 585 40 39 A
1425 584 168 48 73227;
1630 586 263 46 Vanguard
1926 594 148 39 press,
2107 586 90 39 inc.

297 642 276 47 (34-17241)

212 731 247 67 Knight,
490 734 302 63 Marjorie.

287 810 119 52 The
438 811 282 66 Japanese
752 812 241 65 garden;
1031 829 79 48 or,
1142 812 120 52 The
1296 810 132 52 four
1460 810 170 52 white
1663 809 242 67 pebbles,
1936 811 74 66 by
213 812 1959 142 Marjorie

407 887 255 68 Knight;
716 888 325 52 illustrated
1091 889 74 66 by
1218 888 232 55 Clinton
1502 888 243 67 Knight.
1832 890 137 51 New
2022 888 178 67 York,

220 964 956 69 E. P. Dutton & co., inc. [ c 1934]
290 1037 83 40 171
400 1048 43 37 p.
471 1038 108 40 incl.
608 1038 161 48 front.,
797 1040 143 46 illus.,
969 1040 170 46 plates.
1197 1037 58 40 20½
1286 1039 43 21 cm
1334 1069 8 9 .

289 1093 286 41 Illustrated
605 1095 361 48 lining-papers.

291 1149 160 42 “First
481 1150 223 42 edition.”

221 1203 50 51 ©
300 1208 126 39 June
449 1208 69 47 21,
545 1208 139 47 1934;
713 1209 65 39 2c.
808 1210 93 38 and
929 1208 79 40 aff.
1037 1209 125 39 June
1188 1209 54 38 22
1262 1219 7 35 ;
1300 1209 41 37 A
1365 1207 142 41 72939
1524 1218 9 37 ;
1565 1209 50 37 E.
1645 1208 50 40 P.
1723 1209 190 39 Dutton
1936 1208 37 40 &
2000 1218 81 37 co.,
2109 1209 90 40 inc.

298 1265 277 47 (34-17243)

212 1355 203 64 Lamb,
446 1356 271 56 Edward.

285 1433 119 52 The
442 1433 249 67 planned
725 1450 269 51 economy
1030 1433 61 52 in
1128 1433 178 53 soviet
1341 1432 225 68 Russia,
1601 1433 74 68 by
1712 1432 252 53 Edward
2002 1432 196 54 Lamb.

216 1510 1501 68 Philadelphia, Dorrance & company, inc. [ c 1934]
288 1583 83 41 193
393 1594 42 37 p.
497 1584 148 40 front.
709 1583 58 41 19½
796 1586 44 21 cm
846 1617 8 8 .

287 1640 245 41 “Selected
553 1640 363 48 bibliography”
936 1652 9 28 :
978 1651 42 37 p.
1043 1640 212 41 191-193.

221 1694 51 51 ©
305 1698 124 39 June
461 1698 67 46 15,
561 1697 139 42 1934;
734 1698 67 39 2c.
835 1698 124 39 June
989 1699 80 44 15;
1106 1697 79 41 aff.
1220 1698 124 39 June
1377 1698 81 46 21;
1494 1699 40 37 A
1566 1697 169 47 73138;
1770 1698 247 40 Dorrance
2051 1698 37 39 &
2117 1708 83 38 co.,

287 1755 89 39 inc.
447 1755 277 47 (34-17251)

214 1845 201 64 Lamb,
446 1846 164 55 Jack.

286 1923 149 51 How
464 1928 58 49 to
553 1925 160 50 catch
746 1923 54 51 ol
807 1924 9 24 5
847 1924 156 53 John
1035 1925 156 64 Bass,
1222 1922 74 68 by
1330 1923 147 54 Jack
1508 1923 196 52 Lamb.
1803 1924 141 51 [Fort
1973 1924 223 64 Worth,

217 2001 151 67 Tex.,
398 2007 16 20 c
420 2004 150 63 1934]

288 2073 281 47 cover-title,
599 2074 68 45 51,
698 2074 54 48 [1]
783 2084 42 37 p.
884 2073 128 39 illus.
1042 2073 131 48 (incl.
1201 2073 149 47 port.)
1418 2072 54 40 19
1475 2075 44 21 cm
1525 2105 8 9 .

221 2126 49 52 ©
305 2132 113 45 May
449 2131 68 45 24,
552 2130 138 40 1934;
725 2130 67 41 2c.
826 2131 94 38 and
954 2129 80 41 aff.
1069 2130 122 39 June
1224 2131 53 45 4;
1314 2130 40 38 A
1388 2129 168 48 72617;
1591 2130 41 39 J.
1668 2130 162 41 Lamb.
1865 2129 120 40 Fort
2015 2129 184 39 Worth.

300 2187 277 48 (34-17078)

212 2265 343 63 Lampman,
586 2264 120 52 Ben
734 2264 146 55 Hur.

285 2341 119 52 The
432 2347 189 60 tramp
650 2342 236 65 printer,
912 2340 285 52 sometime
1224 2341 375 66 journeyman
1626 2340 63 53 of
1714 2341 96 51 the
1836 2340 147 51 little
217 2341 1954 130 hometown
401 2437 205 49 papers
638 2418 61 50 in
733 2420 139 65 days
906 2419 125 50 that
1067 2436 151 35 come
1250 2436 72 33 no
1355 2435 172 50 more,
1559 2419 75 65 by
1668 2420 122 50 Ben
1822 2418 132 51 Hur

216 2419 1954 130 Lampman.
437 2496 296 66 Portland,
765 2496 116 66 Or.,
907 2495 141 53 Pub.
1077 2496 75 66 by
1176 2496 95 53 the
1298 2495 411 67 Metropolitan
1737 2514 171 48 press,
1935 2494 140 54 with
2102 2495 94 51 the

217 2571 333 55 Craftsman
576 2573 290 67 syndicate
894 2573 379 67 cooperating,
1302 2577 148 49 1934.

289 2645 826 48 58 p., 1 l. incl. illus., pl. 26 cm .
290 2702 22 17 “…
395 2703 108 40 first
525 2703 191 47 printed
741 2712 55 29 as
819 2712 28 29 a
873 2702 268 46 three-part
1165 2702 144 39 serial
1336 2703 48 37 in
1412 2704 81 38 the
1521 2701 193 48 Sunday
1745 2701 270 47 Oregonian
220 2711 1959 87 magazine

358 2757 1839 49 section. Drawings by Ralph Lee … An edition of five hundred
219 2815 260 42 numbered
510 2816 157 46 copies
699 2825 99 30 was
830 2816 151 45 made,
1014 2814 212 40 whereof
1256 2816 98 39 this
1385 2816 41 38 is
1455 2814 202 41 number
1684 2813 98 41 49.”

217 2868 51 51 ©
298 2872 125 40 June
450 2872 68 45 16,
547 2871 139 42 1934;
717 2872 66 40 2c.
811 2872 93 39 and
934 2871 80 41 aff.
1045 2872 125 39 June
1197 2872 81 47 22;
1310 2873 40 38 A
1379 2872 168 47 72946;
1580 2873 54 39 B.
1665 2873 60 39 H.
1755 2872 278 47 Lampman,
286 2870 1895 105 Portland,
444 2929 76 40 Or.
593 2929 277 47 (34-17277)

209 3002 310 63 Lombard,
552 3005 281 56 Norman.
869 3007 168 48 1884-

281 3079 1914 69 Monetary statesmanship, by Norman Lombard … New
213 3158 161 52 York
404 3160 111 51 and
541 3159 256 66 London,
828 3159 229 67 Harper
1085 3162 45 49 &
1156 3159 274 67 brothers,
1461 3161 151 51 1934.

283 3231 50 40 ix
359 3243 57 37 p.,
445 3232 25 38 2
534 3263 8 14 l.,
569 3230 142 41 3-203
737 3243 44 37 p.
841 3231 55 40 26½
929 3234 43 20 cm
977 3264 8 8 .

285 3289 160 41 “First
481 3289 227 41 edition.”

286 3345 1910 51 “Running parallel to the author’s text … [are] expressions of other
215 3403 202 46 writers,
448 3414 86 37 pro
565 3404 94 38 and
691 3413 99 32 con.
824 3403 95 39 and
952 3403 135 39 other
1121 3403 216 40 relevant
1368 3404 605 41 material.”—Foreword.

284 3459 243 42 “Selected
556 3459 361 49 bibliography”
938 3470 8 29 :
978 3470 42 38 p.
1051 3458 212 42 193-195.

216 3515 50 51 ©
296 3519 123 40 June
446 3519 68 45 18,
543 3518 112 39 1934
673 3529 8 29 ;
710 3518 65 38 2'c.
805 3518 124 38 June
956 3515 81 42 19:
1068 3516 79 39 aff.
1177 3517 124 39 June
1329 3518 81 46 20;
1442 3519 40 38 A
1506 3518 170 48 72877;
1708 3519 192 47 Harper
1928 3519 34 39 &
1989 3519 122 38 bros.

295 3575 276 48 (34-17288)

206 3649 304 65 McAuley,
543 3652 171 61 Mary
747 3648 193 65 Faith,
977 3648 168 54 1875-

279 3726 333 54 Economies
642 3726 61 52 in
735 3726 167 65 food;
936 3726 263 66 quantity
1231 3727 210 67 recipes
1476 3728 169 67 using
1675 3727 342 68 evaporated
2050 3725 141 53 milk

216 3802 1974 70 [by] M. Faith McAuley [and] Mary Adele Wood … Chicago,
209 3880 111 67 Ill.,
346 3882 121 52 The
491 3881 335 67 University
853 3880 62 54 of
944 3880 249 68 Chicago
1223 3898 154 50 press
1452 3885 150 63 [c1934]
