2350 4196
1165 4011 95 49 118

562 478 171 38 CONTENTS.—The
772 478 169 46 theory
980 478 50 38 of
1069 479 77 38 art
1183 478 48 38 in
1272 476 188 40 Asia.—
1464 476 199 39 Meister
1703 474 255 40 Eckhart's
1996 475 122 38 view
2158 475 50 40 of

216 538 1992 46 art. — Reactions to art in India. — Aesthetic of the Ś ukran ī tis ā ra. —
216 603 1983 108 Paroksa.—Ā bh ā sa. —Origin and use of images in India.—Notes.—Sanskrit glossary.—List of Chinese characters.—Bibliography (p. [235]-245)
224 717 50 51 ©
301 722 107 38 Jan.
434 720 68 48 29,
528 720 114 40 1934;
696 721 65 39 2c.
789 720 108 39 Feb.
923 721 52 46 2;
1004 720 78 39 aff.
1111 721 106 38 Feb.
1246 722 54 37 17;
1355 720 40 38 A
1449 718 140 46 69297;
1619 718 254 39 President
1901 718 94 38 and
2020 716 188 40 fellows

293 777 50 40 of
371 779 229 38 Harvard
628 778 190 46 college,
849 777 297 47 Cambridge,
1176 778 145 39 Mass.
1393 775 249 48 (34-2311)

225 879 230 66 Cowan,
485 881 153 53 John
669 880 300 65 Franklin,
1004 884 169 49 1854-

292 958 126 67 Boy
448 957 391 69 campaigners
872 958 62 52 of
965 957 97 68 ’61,
1094 977 31 33 a
1153 963 155 63 story
1339 957 61 52 of
1431 957 96 53 the
1556 956 343 68 patriotism,
1928 955 96 51 the
2053 953 159 53 valor

224 1036 110 51 and
367 1036 94 52 the
494 1054 136 50 very
660 1036 283 52 manhood
974 1036 62 52 of
1065 1037 95 51 the
1191 1036 179 68 youth
1403 1036 124 51 who
1557 1035 211 68 fought
1799 1053 72 33 on
1898 1034 137 52 both
2065 1034 147 51 sides

224 1115 56 49 in
311 1114 95 52 the
437 1113 124 54 first
593 1114 302 69 campaign
926 1114 62 53 of
1018 1115 96 52 the
1143 1125 150 41 “war
1323 1115 248 51 between
1602 1112 224 67 states”,
1857 1113 73 67 by
1960 1112 156 54 John
2146 1113 65 50 F.

224 1191 240 67 Cowan;
507 1193 139 51 with
687 1192 188 68 jacket
914 1193 199 67 design
1151 1194 33 50 by
1263 1192 225 53 Harold
1531 1192 133 54 Cue.
1740 1193 233 65 Boston,
2010 1192 90 52 W.
2142 1191 71 51 A.

222 1271 190 52 Wilde
444 1289 277 50 company
800 1273 151 64 [c1933]

290 1343 87 40 320
397 1355 42 37 p.
499 1343 149 41 front.
710 1344 56 40 19½
797 1346 43 21 cm
845 1377 8 7 .

226 1399 50 51 ©
307 1404 125 46 Sept.
461 1403 23 38 5,
525 1402 111 40 1933;
693 1402 64 39 2c.
787 1403 107 38 Jan.
921 1402 68 46 23,
1017 1401 113 39 1934;
1186 1401 80 39 aff.
1295 1402 109 38 Feb.
1432 1401 25 40 9;
1514 1402 40 38 A
1579 1401 143 40 70203;
1843 1435 7 6 W.
1878 1401 53 41 A.
1960 1401 157 40 Wilde
2145 1411 66 31 co.

304 1459 248 48 (34-2344)

225 1566 169 63 Dart,
423 1565 214 54 Rufus.

296 1642 121 52 The
446 1642 401 67 puppet-show
882 1660 72 33 on
985 1642 95 51 the
1113 1644 288 64 Potomac,
1434 1642 71 64 by
1541 1641 189 52 Rufus
1763 1643 151 51 Dart
1996 1684 8 7 II.
2075 1641 138 52 New

227 1719 178 67 York,
431 1721 68 51 R.
525 1722 78 50 M.
631 1720 275 52 McBride
934 1724 43 48 &
1004 1737 294 50 company,
1329 1722 149 50 1934.

292 1793 578 48 6 p. l., 3-266 p. 21 cm .
227 1846 51 51 ©
309 1851 106 38 Jan.
448 1851 38 45 5,
517 1850 139 40 1934;
690 1850 64 39 2c.
787 1850 108 38 Feb.
928 1850 80 40 21;
1044 1849 79 40 aff.
1157 1850 107 39 Feb.
1297 1849 80 46 19;
1412 1850 42 37 A
1483 1849 168 41 70320;
1687 1850 187 38 Burton
1905 1848 157 47 Kline,
2096 1850 117 38 New

294 1907 238 47 Rochelle,
560 1905 54 40 N.
645 1905 51 40 Y.

227 1995 336 65 Dickinson,
591 1996 220 53 Robert
840 1997 209 63 Latou,
1080 2000 169 48 1861-

357 2071 1855 69 … The single woman; a medical study in sex education, by
227 2150 211 53 Robert
483 2150 183 53 Latou
716 2149 309 53 Dickinson
1077 2149 109 51 and
1235 2150 152 54 Lura
1438 2149 192 57 Beam.
1714 2149 331 68 Baltimore,
2092 2150 122 53 The

232 2227 277 54 Williams
539 2229 44 49 &
614 2226 248 53 Wilkins
892 2245 290 50 company,
1216 2229 148 50 1934.

295 2299 97 47 xix,
422 2298 87 40 469
535 2310 41 36 p.
635 2298 126 40 illus.
821 2299 52 39 23½
907 2300 43 21 cm
957 2333 7 7 .
1032 2299 227 47 (Medical
1290 2304 188 43 aspects
1508 2301 51 38 of
1586 2302 179 38 human
1794 2301 237 47 fertility;
2064 2300 147 41 series

228 2356 157 39 issued
413 2357 59 46 by
498 2357 81 39 the
604 2356 229 39 National
863 2356 271 40 committee
1162 2367 59 28 on
1247 2358 238 38 maternal
1515 2358 180 44 health,
1726 2358 113 45 inc.)

297 2413 145 40 “This
471 2414 121 39 book
621 2413 249 39 continues
901 2414 80 38 the
1010 2414 144 45 study
1182 2413 49 39 of
1261 2414 82 38 the
1371 2424 82 29 sex
1483 2416 258 38 education
1768 2416 50 39 of
1848 2426 179 29 women
2058 2416 153 47 begun

225 2471 48 39 in
309 2472 53 37 ‘A
396 2471 241 39 thousand
673 2469 572 47 marriages'.”—Introd.

227 2528 51 51 ©
309 2533 108 39 Jan.
446 2531 68 41 12,
545 2530 113 40 1934;
716 2531 65 39 2c.
813 2531 94 38 and
938 2529 80 39 aff.
1049 2529 108 39 Jan.
1185 2529 81 46 26;
1299 2530 42 38 A
1370 2528 168 48 69200;
1571 2532 243 39 Williams
1844 2531 34 39 &
1907 2532 208 39 Wilkins
2146 2542 66 28 co.

306 2589 249 48 (34-2471)

230 2679 197 63 Duffy,
456 2679 104 52 Joe
588 2678 189 64 Mexo,
809 2681 168 48 1881-

295 2753 225 69 Duffy’s
547 2756 275 51 standard
847 2755 292 67 positions,
1167 2759 79 62 pt.
1275 2760 43 45 1.
1384 2756 275 68 Showing
1682 2757 94 51 the
1801 2775 209 50 proper
228 2757 1960 129 method
333 2834 62 52 of
426 2833 283 68 handling
740 2834 254 66 endings.
1065 2831 294 56 Classified
1393 2834 58 50 in
1486 2835 212 53 themes
1731 2840 58 46 to
1822 2835 264 67 simplify
2116 2835 95 51 the

227 2909 1843 71 task for the students … Chicago, Ill. , J. M. Duffy, 1934.
293 2988 54 37 41
378 2997 40 36 p.
478 2987 127 37 illus.
664 2984 57 40 19
720 2987 44 20 cm
772 3017 7 7 .

297 3039 69 40 On
396 3049 167 30 cover:
595 3038 249 40 Checkers.

229 3097 50 50 ©
311 3101 108 38 Jan.
450 3100 67 41 27,
549 3099 138 40 1934;
721 3099 66 38 2c.
819 3098 108 38 Feb.
959 3099 51 44 1;
1045 3097 79 39 aff.
1158 3097 106 39 Jan.
1294 3097 58 40 30;
1410 3098 40 38 A
1483 3098 166 42 70071;
1685 3100 41 39 J.
1760 3101 59 37 M.
1854 3099 161 47 Duffy.

303 3156 248 48 (34-2249)

231 3246 300 65 Edwards,
560 3247 134 54 Leo.

295 3321 1856 69 Jerry Todd and the Flying flapdoodle, by Leo Edwards …
228 3400 321 52 illustrated
575 3402 74 66 by
672 3402 139 50 Bert
838 3400 154 68 Saig.
1067 3400 136 51 New
1228 3400 176 64 York,
1429 3400 231 54 Grosset
1684 3404 44 49 &
1751 3401 235 67 Dunlap
2017 3434 11 33 [
2036 3407 16 20 c
2059 3405 132 47 1934
2197 3433 10 32 ]

299 3473 79 43 vii,
403 3473 84 39 244
512 3484 41 37 p.
606 3474 162 45 front.,
796 3473 168 48 plates.
1019 3472 82 41 194
1106 3475 13 20 cm
1154 3504 7 7 .
1233 3473 87 38 [His
1345 3472 142 48 Jerry
1516 3475 132 39 Todd
1675 3476 163 47 series]

298 3531 110 48 Map
431 3543 60 28 on
512 3531 358 48 lining-papers.

227 3585 51 50 ©
307 3590 109 39 Feb.
445 3591 37 44 5,
511 3589 138 46 1934;
679 3590 66 38 2c.
775 3589 109 39 Feb.
912 3587 50 46 8;
994 3587 80 39 aff.
1105 3588 107 38 Feb.
1243 3588 49 40 7;
1323 3588 42 38 A
1391 3587 142 40 69347;
1593 3589 198 40 Grosset
1820 3590 36 39 &
1882 3591 207 46 Dunlap,
2118 3590 91 39 inc.

302 3646 248 47 (34-2425)

227 3733 357 62 Ergebnisse
636 3736 97 51 der
785 3735 369 67 allgemeinen
1201 3735 329 67 pathologie
1576 3738 117 51 und
1742 3738 467 68 pathologischen

295 3813 1888 145 anatomie des menschen und der tiere; begründet von O. Lubarsch … und R. von Ostertag …; hrsg. von W. Hueck …
