<alto xmlns="http://www.loc.gov/standards/alto/ns-v3#" xmlns:xlink="http://www.w3.org/1999/xlink" xmlns:xsi="http://www.w3.org/2001/XMLSchema-instance" xsi:schemaLocation="http://www.loc.gov/standards/alto/ns-v3# http://www.loc.gov/alto/v3/alto-3-0.xsd"><Description>
<MeasurementUnit>pixel</MeasurementUnit>
<sourceImageInformation>
<fileName>1934_v1_Part1.pdf</fileName>
</sourceImageInformation>
<OCRProcessing ID="IdOcr">
<ocrProcessingStep>
<processingDateTime>2019-01-10</processingDateTime>
<processingSoftware>
<softwareCreator>ABBYY</softwareCreator>
<softwareName>ABBYY Recognition Server</softwareName>
<softwareVersion>4.0</softwareVersion>
</processingSoftware>
</ocrProcessingStep>
</OCRProcessing>
</Description>
<Styles>
<ParagraphStyle ID="StyleId-FFFFFFFF-FFFF-FFFF-FFFF-FFFFFFFFFFFF-" ALIGN="Left" LEFT="0." RIGHT="0." FIRSTLINE="0."/>
<ParagraphStyle ID="StyleId-521E1FC6-FE7E-43A4-90E6-A9B61626A263-" ALIGN="Right" LEFT="0." RIGHT="0." FIRSTLINE="0." LINESPACE="13.30000019"/>
<ParagraphStyle ID="StyleId-639B624E-F6F5-47B6-BB1D-34E64B53022F-" ALIGN="Left" LEFT="0." RIGHT="0." FIRSTLINE="-27." LINESPACE="13.43999958"/>
<ParagraphStyle ID="StyleId-100905F9-D385-406B-A5BD-ED5B8FD85431-" ALIGN="Left" LEFT="0." RIGHT="0." FIRSTLINE="0."/>
<ParagraphStyle ID="StyleId-7C9F9BA2-EF3A-4B7F-8486-CCC7B7F49B39-" ALIGN="Left" LEFT="0." RIGHT="0." FIRSTLINE="-27." LINESPACE="18.71999931"/>
<ParagraphStyle ID="StyleId-350780E3-60F2-4605-88F5-BB54F9B87091-" ALIGN="Block" LEFT="0." RIGHT="0." FIRSTLINE="-27." LINESPACE="18.71999931"/>
<ParagraphStyle ID="StyleId-90B16C58-D795-4C77-9B89-30378C515D40-" ALIGN="Left" LEFT="0." RIGHT="0." FIRSTLINE="0." LINESPACE="14.39999962"/>
<ParagraphStyle ID="StyleId-17090E09-AFAF-4086-BD9B-4E99FAE6B057-" ALIGN="Right" LEFT="0." RIGHT="0." FIRSTLINE="-27." LINESPACE="14.39999962"/>
<ParagraphStyle ID="StyleId-8B87B633-89DB-4D72-B1FC-26E4ABD680BC-" ALIGN="Left" LEFT="0." RIGHT="0." FIRSTLINE="-27." LINESPACE="18.47999954"/>
<ParagraphStyle ID="StyleId-42DA7417-CA90-4D71-A57B-06556C38D752-" ALIGN="Left" LEFT="0." RIGHT="0." FIRSTLINE="0." LINESPACE="13.30000019"/>
<ParagraphStyle ID="StyleId-D8EE2A7E-42AE-4E35-98DB-F0F935637AA0-" ALIGN="Block" LEFT="0." RIGHT="0." FIRSTLINE="0." LINESPACE="6.599999905"/>
<ParagraphStyle ID="StyleId-33CD3121-D4F5-43B6-BA96-6382D166E6B8-" ALIGN="Left" LEFT="0." RIGHT="0." FIRSTLINE="0." LINESPACE="15.5"/>
<ParagraphStyle ID="StyleId-1CE52AFA-C319-4DD9-B4B1-F0EBFA2B3F0B-" ALIGN="Block" LEFT="0." RIGHT="0." FIRSTLINE="-21." LINESPACE="18.71999931"/>
<ParagraphStyle ID="StyleId-B74F1B65-92F1-49C5-A5FA-D20442F031F2-" ALIGN="Left" LEFT="0." RIGHT="0." FIRSTLINE="0." LINESPACE="17.70006076"/>
<ParagraphStyle ID="StyleId-79E2924A-215C-40B7-B577-7236BFBAA25E-" ALIGN="Center" LEFT="0." RIGHT="0." FIRSTLINE="0." LINESPACE="7.199999809"/>
</Styles>
<Layout>
<Page ID="Page738" PHYSICAL_IMG_NR="738" HEIGHT="4196" WIDTH="2350">
<TopMargin HEIGHT="370" WIDTH="2350" VPOS="0" HPOS="0">
</TopMargin>
<LeftMargin HEIGHT="3615" WIDTH="193" VPOS="370" HPOS="0">
</LeftMargin>
<RightMargin HEIGHT="3615" WIDTH="149" VPOS="370" HPOS="2201">
</RightMargin>
<BottomMargin HEIGHT="211" WIDTH="2350" VPOS="3985" HPOS="0">
<TextBlock ID="Page738_Block1" HEIGHT="66" WIDTH="111" VPOS="3998" HPOS="1130" LANG="en-US" STYLEREFS="StyleId-A4F71EDC-BB4C-41F7-AD71-E73660515E72-">
<TextLine HEIGHT="54" WIDTH="99" VPOS="4004" HPOS="1136">
<String CONTENT="738" HEIGHT="54" WIDTH="99" VPOS="4004" HPOS="1136"/>
</TextLine>
</TextBlock>
</BottomMargin>
<PrintSpace HEIGHT="3615" WIDTH="2008" VPOS="370" HPOS="193">
<TextBlock ID="Page738_Block2" HEIGHT="3615" WIDTH="2008" VPOS="370" HPOS="193" CS="1" STYLEREFS="StyleId-6EB434C2-7CF2-4B68-9718-39EEB6DF0387-">
<TextLine HEIGHT="107" WIDTH="1950" VPOS="445" HPOS="213" LANG="en-US" CS="1">
<String CONTENT="Error" HEIGHT="37" WIDTH="147" VPOS="450" HPOS="284"/>
<SP HEIGHT="42" WIDTH="24" VPOS="445" HPOS="432"/>
<String CONTENT="in" HEIGHT="42" WIDTH="49" VPOS="445" HPOS="457"/>
<SP HEIGHT="37" WIDTH="22" VPOS="459" HPOS="507"/>
<String CONTENT="printing:" HEIGHT="48" WIDTH="241" VPOS="448" HPOS="530"/>
<SP HEIGHT="36" WIDTH="27" VPOS="460" HPOS="772"/>
<String CONTENT="p." HEIGHT="36" WIDTH="41" VPOS="460" HPOS="800"/>
<SP HEIGHT="39" WIDTH="24" VPOS="451" HPOS="842"/>
<String CONTENT="223" HEIGHT="40" WIDTH="83" VPOS="451" HPOS="867"/>
<SP HEIGHT="47" WIDTH="23" VPOS="451" HPOS="951"/>
<String CONTENT="printed" HEIGHT="47" WIDTH="191" VPOS="451" HPOS="975"/>
<SP HEIGHT="37" WIDTH="24" VPOS="455" HPOS="1167"/>
<String CONTENT="upside" HEIGHT="47" WIDTH="167" VPOS="452" HPOS="1192"/>
<SP HEIGHT="38" WIDTH="24" VPOS="454" HPOS="1360"/>
<String CONTENT="down." HEIGHT="39" WIDTH="153" VPOS="454" HPOS="1385"/>
<SP HEIGHT="40" WIDTH="52" VPOS="454" HPOS="1539"/>
<String CONTENT="Corrected" HEIGHT="40" WIDTH="255" VPOS="454" HPOS="1592"/>
<SP HEIGHT="46" WIDTH="26" VPOS="457" HPOS="1848"/>
<String CONTENT="pages" HEIGHT="37" WIDTH="145" VPOS="466" HPOS="1875"/>
<SP HEIGHT="46" WIDTH="34" VPOS="456" HPOS="2021"/>
<String CS="1" CONTENT="(223-224)" HEIGHT="97" WIDTH="1950" VPOS="455" HPOS="213"/>
<SP HEIGHT="46" WIDTH="39" VPOS="506" HPOS="322"/>
<String CONTENT="laid" HEIGHT="39" WIDTH="100" VPOS="505" HPOS="362"/>
<SP HEIGHT="39" WIDTH="28" VPOS="505" HPOS="463"/>
<String CONTENT="in." HEIGHT="39" WIDTH="63" VPOS="505" HPOS="492"/>
</TextLine>
<TextLine HEIGHT="41" WIDTH="420" VPOS="561" HPOS="284" LANG="en-US">
<String CONTENT="Includes" HEIGHT="39" WIDTH="222" VPOS="562" HPOS="284"/>
<SP HEIGHT="28" WIDTH="31" VPOS="573" HPOS="507"/>
<String CONTENT="music." HEIGHT="41" WIDTH="165" VPOS="561" HPOS="539"/>
</TextLine>
<TextLine HEIGHT="54" WIDTH="1978" VPOS="632" HPOS="215" LANG="en-US" CS="1">
<String CONTENT="&#169;" HEIGHT="51" WIDTH="51" VPOS="632" HPOS="215"/>
<SP HEIGHT="51" WIDTH="27" VPOS="632" HPOS="267"/>
<String CONTENT="Oct." HEIGHT="40" WIDTH="100" VPOS="636" HPOS="295"/>
<SP HEIGHT="38" WIDTH="26" VPOS="637" HPOS="396"/>
<String CONTENT="10," HEIGHT="45" WIDTH="66" VPOS="636" HPOS="423"/>
<SP HEIGHT="44" WIDTH="27" VPOS="637" HPOS="490"/>
<String CONTENT="1933;" HEIGHT="40" WIDTH="139" VPOS="636" HPOS="518"/>
<SP HEIGHT="38" WIDTH="27" VPOS="636" HPOS="658"/>
<String CONTENT="2c." HEIGHT="40" WIDTH="65" VPOS="636" HPOS="686"/>
<SP HEIGHT="38" WIDTH="26" VPOS="637" HPOS="752"/>
<String CONTENT="Dec." HEIGHT="39" WIDTH="109" VPOS="637" HPOS="779"/>
<SP HEIGHT="38" WIDTH="26" VPOS="638" HPOS="889"/>
<String CONTENT="26:" HEIGHT="39" WIDTH="80" VPOS="638" HPOS="916"/>
<SP HEIGHT="29" WIDTH="30" VPOS="648" HPOS="997"/>
<String CS="1" CONTENT="aff."/>
<SP HEIGHT="38" WIDTH="26" VPOS="638" HPOS="1108"/>
<String CONTENT="Apr." HEIGHT="47" WIDTH="108" VPOS="638" HPOS="1135"/>
<SP HEIGHT="38" WIDTH="27" VPOS="638" HPOS="1244"/>
<String CONTENT="24," HEIGHT="46" WIDTH="68" VPOS="638" HPOS="1272"/>
<SP HEIGHT="44" WIDTH="27" VPOS="640" HPOS="1341"/>
<String CONTENT="1934;" HEIGHT="46" WIDTH="140" VPOS="638" HPOS="1369"/>
<SP HEIGHT="45" WIDTH="28" VPOS="639" HPOS="1510"/>
<!-- cceid C165BC9C-6C64-1014-8713-889FF4349C01 --><String CONTENT="A" HEIGHT="38" WIDTH="40" VPOS="639" HPOS="1539"/>
<SP HEIGHT="39" WIDTH="26" VPOS="639" HPOS="1580"/>
<String CONTENT="71417;" HEIGHT="46" WIDTH="166" VPOS="640" HPOS="1607"/>
<SP HEIGHT="46" WIDTH="28" VPOS="640" HPOS="1774"/>
<String CONTENT="Arsen" HEIGHT="40" WIDTH="155" VPOS="640" HPOS="1803"/>
<SP HEIGHT="38" WIDTH="26" VPOS="641" HPOS="1959"/>
<String CONTENT="Kahana" HEIGHT="40" WIDTH="207" VPOS="641" HPOS="1986"/>
</TextLine>
<TextLine HEIGHT="48" WIDTH="909" VPOS="693" HPOS="282" LANG="en-US">
<String CONTENT="Torossian," HEIGHT="46" WIDTH="273" VPOS="693" HPOS="282"/>
<SP HEIGHT="45" WIDTH="27" VPOS="694" HPOS="556"/>
<String CONTENT="Brooklyn." HEIGHT="45" WIDTH="259" VPOS="694" HPOS="584"/>
<SP HEIGHT="46" WIDTH="71" VPOS="695" HPOS="844"/>
<String CONTENT="(34-16165)" HEIGHT="47" WIDTH="275" VPOS="694" HPOS="916"/>
</TextLine>
<TextLine HEIGHT="67" WIDTH="1087" VPOS="794" HPOS="215" STYLEREFS="StyleId-93DCE279-BBA5-45D2-90B6-295AD33288F1-" LANG="en-US">
<String CONTENT="Bailey," HEIGHT="64" WIDTH="213" VPOS="794" HPOS="215"/>
<SP HEIGHT="62" WIDTH="31" VPOS="796" HPOS="429"/>
<String CONTENT="Henry" HEIGHT="63" WIDTH="204" VPOS="796" HPOS="461"/>
<SP HEIGHT="62" WIDTH="30" VPOS="797" HPOS="666"/>
<String CONTENT="Christopher," HEIGHT="65" WIDTH="402" VPOS="796" HPOS="697"/>
<SP HEIGHT="59" WIDTH="33" VPOS="802" HPOS="1100"/>
<String CONTENT="1878-" HEIGHT="52" WIDTH="168" VPOS="798" HPOS="1134"/>
</TextLine>
<TextLine HEIGHT="71" WIDTH="1913" VPOS="871" HPOS="282" STYLEREFS="StyleId-93DCE279-BBA5-45D2-90B6-295AD33288F1-" LANG="en-US">
<String CONTENT="Shadow" HEIGHT="55" WIDTH="246" VPOS="871" HPOS="282"/>
<SP HEIGHT="33" WIDTH="26" VPOS="890" HPOS="529"/>
<String CONTENT="on" HEIGHT="33" WIDTH="72" VPOS="890" HPOS="556"/>
<SP HEIGHT="47" WIDTH="24" VPOS="877" HPOS="629"/>
<String CONTENT="the" HEIGHT="51" WIDTH="94" VPOS="873" HPOS="654"/>
<SP HEIGHT="33" WIDTH="27" VPOS="891" HPOS="749"/>
<String CONTENT="wall" HEIGHT="51" WIDTH="130" VPOS="873" HPOS="777"/>
<SP HEIGHT="65" WIDTH="32" VPOS="875" HPOS="908"/>
<String CONTENT="[by]" HEIGHT="67" WIDTH="107" VPOS="874" HPOS="941"/>
<SP HEIGHT="64" WIDTH="31" VPOS="875" HPOS="1049"/>
<String LANG="fr" CONTENT="H." HEIGHT="51" WIDTH="74" VPOS="875" HPOS="1081"/>
<SP HEIGHT="54" WIDTH="31" VPOS="873" HPOS="1156"/>
<String CONTENT="C." HEIGHT="54" WIDTH="59" VPOS="873" HPOS="1188"/>
<SP HEIGHT="50" WIDTH="30" VPOS="875" HPOS="1248"/>
<String CONTENT="Bailey." HEIGHT="69" WIDTH="216" VPOS="872" HPOS="1279"/>
<SP HEIGHT="53" WIDTH="75" VPOS="872" HPOS="1496"/>
<String CONTENT="Garden" HEIGHT="54" WIDTH="228" VPOS="872" HPOS="1572"/>
<SP HEIGHT="53" WIDTH="29" VPOS="874" HPOS="1801"/>
<String CONTENT="City," HEIGHT="68" WIDTH="150" VPOS="874" HPOS="1831"/>
<SP HEIGHT="65" WIDTH="24" VPOS="875" HPOS="1982"/>
<String LANG="fr" CONTENT="N." HEIGHT="52" WIDTH="69" VPOS="875" HPOS="2007"/>
<SP HEIGHT="52" WIDTH="29" VPOS="875" HPOS="2077"/>
<String CONTENT="Y.," HEIGHT="66" WIDTH="88" VPOS="875" HPOS="2107"/>
</TextLine>
<TextLine HEIGHT="72" WIDTH="1986" VPOS="948" HPOS="209" STYLEREFS="StyleId-93DCE279-BBA5-45D2-90B6-295AD33288F1-" LANG="en-US">
<String CONTENT="Pub." HEIGHT="52" WIDTH="140" VPOS="950" HPOS="209"/>
<SP HEIGHT="54" WIDTH="27" VPOS="948" HPOS="350"/>
<String CONTENT="for" HEIGHT="53" WIDTH="91" VPOS="948" HPOS="378"/>
<SP HEIGHT="45" WIDTH="21" VPOS="955" HPOS="470"/>
<String CONTENT="the" HEIGHT="50" WIDTH="94" VPOS="950" HPOS="492"/>
<SP HEIGHT="54" WIDTH="25" VPOS="949" HPOS="587"/>
<String CONTENT="Crime" HEIGHT="54" WIDTH="188" VPOS="949" HPOS="613"/>
<SP HEIGHT="33" WIDTH="21" VPOS="970" HPOS="802"/>
<String CONTENT="club," HEIGHT="66" WIDTH="142" VPOS="952" HPOS="824"/>
<SP HEIGHT="66" WIDTH="22" VPOS="952" HPOS="967"/>
<String CONTENT="inc.," HEIGHT="67" WIDTH="124" VPOS="952" HPOS="990"/>
<SP HEIGHT="67" WIDTH="22" VPOS="952" HPOS="1115"/>
<String CONTENT="by" HEIGHT="67" WIDTH="72" VPOS="952" HPOS="1138"/>
<SP HEIGHT="66" WIDTH="23" VPOS="953" HPOS="1211"/>
<String CONTENT="Doubleday," HEIGHT="67" WIDTH="354" VPOS="951" HPOS="1235"/>
<SP HEIGHT="66" WIDTH="21" VPOS="952" HPOS="1590"/>
<String CONTENT="Doran" HEIGHT="53" WIDTH="197" VPOS="952" HPOS="1612"/>
<SP HEIGHT="50" WIDTH="21" VPOS="954" HPOS="1810"/>
<String CONTENT="&amp;" HEIGHT="50" WIDTH="46" VPOS="954" HPOS="1832"/>
<SP HEIGHT="50" WIDTH="20" VPOS="954" HPOS="1879"/>
<String CONTENT="company," HEIGHT="51" WIDTH="295" VPOS="969" HPOS="1900"/>
</TextLine>
<TextLine HEIGHT="66" WIDTH="314" VPOS="1027" HPOS="208" STYLEREFS="StyleId-93DCE279-BBA5-45D2-90B6-295AD33288F1-" LANG="en-US">
<String CONTENT="inc.," HEIGHT="66" WIDTH="127" VPOS="1027" HPOS="208"/>
<SP HEIGHT="61" WIDTH="38" VPOS="1032" HPOS="336"/>
<String CONTENT="1934." HEIGHT="50" WIDTH="147" VPOS="1031" HPOS="375"/>
</TextLine>
<TextLine HEIGHT="49" WIDTH="661" VPOS="1100" HPOS="281" LANG="en-US" CS="1">
<String CONTENT="viii" HEIGHT="39" WIDTH="86" VPOS="1100" HPOS="281"/>
<SP HEIGHT="48" WIDTH="27" VPOS="1100" HPOS="368"/>
<String CONTENT="p.," HEIGHT="36" WIDTH="56" VPOS="1112" HPOS="396"/>
<SP HEIGHT="44" WIDTH="31" VPOS="1103" HPOS="453"/>
<String CONTENT="1" HEIGHT="36" WIDTH="23" VPOS="1103" HPOS="485"/>
<SP/>
<String CS="1" CONTENT="l.,"/>
<SP/>
<String CONTENT="307" HEIGHT="41" WIDTH="84" VPOS="1100" HPOS="613"/>
<SP HEIGHT="46" WIDTH="27" VPOS="1103" HPOS="698"/>
<String CONTENT="p." HEIGHT="36" WIDTH="42" VPOS="1113" HPOS="726"/>
<SP HEIGHT="37" WIDTH="59" VPOS="1104" HPOS="769"/>
<String CONTENT="21" HEIGHT="37" WIDTH="53" VPOS="1104" HPOS="829"/>
<String STYLE="superscript" CONTENT="cm" HEIGHT="20" WIDTH="42" VPOS="1105" HPOS="887"/>
<String CONTENT="." HEIGHT="7" WIDTH="6" VPOS="1135" HPOS="936"/>
</TextLine>
<TextLine HEIGHT="46" WIDTH="778" VPOS="1158" HPOS="281" LANG="en-US">
<String CONTENT="Illustrated" HEIGHT="39" WIDTH="287" VPOS="1158" HPOS="281"/>
<SP HEIGHT="38" WIDTH="33" VPOS="1159" HPOS="569"/>
<String CONTENT="t.-p." HEIGHT="44" WIDTH="95" VPOS="1160" HPOS="603"/>
<SP HEIGHT="28" WIDTH="35" VPOS="1170" HPOS="699"/>
<String CONTENT="on" HEIGHT="29" WIDTH="57" VPOS="1169" HPOS="735"/>
<SP HEIGHT="37" WIDTH="32" VPOS="1159" HPOS="793"/>
<String CONTENT="2" HEIGHT="37" WIDTH="25" VPOS="1159" HPOS="826"/>
<SP HEIGHT="38" WIDTH="32" VPOS="1159" HPOS="852"/>
<String CONTENT="leaves." HEIGHT="39" WIDTH="174" VPOS="1160" HPOS="885"/>
</TextLine>
<TextLine HEIGHT="41" WIDTH="416" VPOS="1213" HPOS="283" LANG="en-US">
<String CONTENT="&#8220;First" HEIGHT="40" WIDTH="159" VPOS="1213" HPOS="283"/>
<SP HEIGHT="37" WIDTH="32" VPOS="1216" HPOS="443"/>
<String CONTENT="edition.&#8221;" HEIGHT="41" WIDTH="223" VPOS="1213" HPOS="476"/>
</TextLine>
<TextLine HEIGHT="52" WIDTH="1977" VPOS="1281" HPOS="217" LANG="en-US" CS="1">
<String CONTENT="&#169;" HEIGHT="51" WIDTH="50" VPOS="1281" HPOS="217"/>
<SP HEIGHT="51" WIDTH="32" VPOS="1281" HPOS="268"/>
<String CONTENT="June" HEIGHT="39" WIDTH="126" VPOS="1286" HPOS="301"/>
<SP HEIGHT="40" WIDTH="29" VPOS="1285" HPOS="428"/>
<String CONTENT="6." HEIGHT="39" WIDTH="37" VPOS="1285" HPOS="458"/>
<SP HEIGHT="37" WIDTH="31" VPOS="1287" HPOS="496"/>
<String CS="1" CONTENT="1934;" HEIGHT="40" WIDTH="114" VPOS="1285" HPOS="528"/>
<SP HEIGHT="46" WIDTH="32" VPOS="1286" HPOS="669"/>
<String CONTENT="2c." HEIGHT="39" WIDTH="66" VPOS="1286" HPOS="702"/>
<SP HEIGHT="28" WIDTH="32" VPOS="1297" HPOS="769"/>
<String CONTENT="and" HEIGHT="38" WIDTH="93" VPOS="1287" HPOS="802"/>
<SP HEIGHT="38" WIDTH="32" VPOS="1287" HPOS="896"/>
<String LANG="de" CONTENT="aff." HEIGHT="41" WIDTH="79" VPOS="1285" HPOS="929"/>
<SP HEIGHT="39" WIDTH="33" VPOS="1287" HPOS="1009"/>
<String CONTENT="June" HEIGHT="38" WIDTH="125" VPOS="1287" HPOS="1043"/>
<SP HEIGHT="37" WIDTH="29" VPOS="1288" HPOS="1169"/>
<String CONTENT="14;" HEIGHT="45" WIDTH="80" VPOS="1287" HPOS="1199"/>
<SP HEIGHT="46" WIDTH="34" VPOS="1286" HPOS="1280"/>
<!-- cceid C16626D6-6C64-1014-8713-889FF4349C01 --><String CONTENT="A" HEIGHT="38" WIDTH="40" VPOS="1286" HPOS="1315"/>
<SP HEIGHT="39" WIDTH="32" VPOS="1286" HPOS="1356"/>
<String CONTENT="72803;" HEIGHT="47" WIDTH="166" VPOS="1285" HPOS="1389"/>
<SP HEIGHT="46" WIDTH="35" VPOS="1286" HPOS="1556"/>
<String LANG="fr" CONTENT="H." HEIGHT="38" WIDTH="58" VPOS="1286" HPOS="1592"/>
<SP HEIGHT="40" WIDTH="33" VPOS="1286" HPOS="1651"/>
<String CONTENT="G." HEIGHT="40" WIDTH="46" VPOS="1286" HPOS="1685"/>
<SP HEIGHT="37" WIDTH="34" VPOS="1287" HPOS="1732"/>
<String CONTENT="Bailey," HEIGHT="48" WIDTH="182" VPOS="1285" HPOS="1767"/>
<SP HEIGHT="47" WIDTH="33" VPOS="1286" HPOS="1950"/>
<String CONTENT="London." HEIGHT="41" WIDTH="210" VPOS="1285" HPOS="1984"/>
</TextLine>
<TextLine HEIGHT="48" WIDTH="278" VPOS="1342" HPOS="293" LANG="en-US">
<String CONTENT="(34-16182)" HEIGHT="48" WIDTH="278" VPOS="1342" HPOS="293"/>
</TextLine>
<TextLine HEIGHT="68" WIDTH="912" VPOS="1441" HPOS="213" STYLEREFS="StyleId-963B4703-82D5-4738-89E1-32477A5C35B2-">
<String LANG="fr" CONTENT="Baisn&#233;e," HEIGHT="68" WIDTH="262" VPOS="1441" HPOS="213"/>
<SP HEIGHT="64" WIDTH="28" VPOS="1445" HPOS="476"/>
<String LANG="en-US" CONTENT="Jules" HEIGHT="53" WIDTH="165" VPOS="1444" HPOS="505"/>
<SP HEIGHT="52" WIDTH="26" VPOS="1445" HPOS="671"/>
<String LANG="en-US" CONTENT="Albert," HEIGHT="65" WIDTH="225" VPOS="1444" HPOS="698"/>
<SP HEIGHT="59" WIDTH="32" VPOS="1450" HPOS="924"/>
<String LANG="en-US" CONTENT="1879-" HEIGHT="52" WIDTH="168" VPOS="1447" HPOS="957"/>
</TextLine>
<TextLine HEIGHT="56" WIDTH="1851" VPOS="1518" HPOS="343" STYLEREFS="StyleId-93DCE279-BBA5-45D2-90B6-295AD33288F1-" LANG="en-US" CS="1">
<String CS="1" CONTENT="&#8230;"/>
<SP HEIGHT="52" WIDTH="41" VPOS="1520" HPOS="343"/>
<String CONTENT="France" HEIGHT="53" WIDTH="215" VPOS="1520" HPOS="385"/>
<SP HEIGHT="33" WIDTH="34" VPOS="1539" HPOS="601"/>
<String CONTENT="and" HEIGHT="51" WIDTH="111" VPOS="1522" HPOS="636"/>
<SP HEIGHT="51" WIDTH="32" VPOS="1522" HPOS="748"/>
<String CONTENT="the" HEIGHT="51" WIDTH="93" VPOS="1521" HPOS="781"/>
<SP HEIGHT="35" WIDTH="35" VPOS="1539" HPOS="875"/>
<String CONTENT="establishment" HEIGHT="53" WIDTH="420" VPOS="1521" HPOS="911"/>
<SP HEIGHT="48" WIDTH="35" VPOS="1525" HPOS="1332"/>
<String CONTENT="of" HEIGHT="53" WIDTH="61" VPOS="1520" HPOS="1368"/>
<SP HEIGHT="54" WIDTH="34" VPOS="1520" HPOS="1430"/>
<String CONTENT="the" HEIGHT="53" WIDTH="93" VPOS="1521" HPOS="1465"/>
<SP HEIGHT="52" WIDTH="35" VPOS="1520" HPOS="1559"/>
<String CONTENT="American" HEIGHT="52" WIDTH="301" VPOS="1520" HPOS="1595"/>
<SP HEIGHT="54" WIDTH="37" VPOS="1518" HPOS="1897"/>
<String CONTENT="Catholic" HEIGHT="54" WIDTH="259" VPOS="1518" HPOS="1935"/>
</TextLine>
<TextLine HEIGHT="70" WIDTH="1977" VPOS="1595" HPOS="216" STYLEREFS="StyleId-93DCE279-BBA5-45D2-90B6-295AD33288F1-" LANG="en-US">
<String CONTENT="hierarchy;" HEIGHT="68" WIDTH="325" VPOS="1596" HPOS="216"/>
<SP HEIGHT="58" WIDTH="40" VPOS="1604" HPOS="542"/>
<String CONTENT="the" HEIGHT="54" WIDTH="94" VPOS="1598" HPOS="583"/>
<SP HEIGHT="36" WIDTH="41" VPOS="1616" HPOS="678"/>
<String CONTENT="myth" HEIGHT="66" WIDTH="158" VPOS="1599" HPOS="720"/>
<SP HEIGHT="52" WIDTH="40" VPOS="1599" HPOS="879"/>
<String CONTENT="of" HEIGHT="51" WIDTH="62" VPOS="1600" HPOS="920"/>
<SP HEIGHT="51" WIDTH="42" VPOS="1599" HPOS="983"/>
<String CONTENT="French" HEIGHT="52" WIDTH="215" VPOS="1599" HPOS="1026"/>
<SP HEIGHT="52" WIDTH="39" VPOS="1599" HPOS="1242"/>
<String CONTENT="interference" HEIGHT="53" WIDTH="371" VPOS="1598" HPOS="1282"/>
<SP HEIGHT="65" WIDTH="52" VPOS="1599" HPOS="1654"/>
<String CONTENT="(1783-1784)" HEIGHT="70" WIDTH="362" VPOS="1595" HPOS="1707"/>
<SP HEIGHT="68" WIDTH="49" VPOS="1597" HPOS="2070"/>
<String CONTENT="by" HEIGHT="68" WIDTH="73" VPOS="1597" HPOS="2120"/>
</TextLine>
<TextLine HEIGHT="69" WIDTH="1975" VPOS="1675" HPOS="216" STYLEREFS="StyleId-93DCE279-BBA5-45D2-90B6-295AD33288F1-" LANG="en-US">
<String CONTENT="Jules" HEIGHT="53" WIDTH="159" VPOS="1675" HPOS="216"/>
<SP HEIGHT="52" WIDTH="30" VPOS="1675" HPOS="376"/>
<String LANG="fr" CONTENT="A." HEIGHT="52" WIDTH="68" VPOS="1675" HPOS="407"/>
<SP HEIGHT="51" WIDTH="32" VPOS="1676" HPOS="476"/>
<String LANG="fr" CONTENT="Baisn&#233;e." HEIGHT="54" WIDTH="248" VPOS="1675" HPOS="509"/>
<SP HEIGHT="50" WIDTH="67" VPOS="1676" HPOS="758"/>
<String CONTENT="Baltimore," HEIGHT="67" WIDTH="327" VPOS="1676" HPOS="826"/>
<SP HEIGHT="66" WIDTH="26" VPOS="1677" HPOS="1154"/>
<String CONTENT="The" HEIGHT="50" WIDTH="120" VPOS="1677" HPOS="1181"/>
<SP HEIGHT="52" WIDTH="28" VPOS="1676" HPOS="1302"/>
<String CONTENT="Johns" HEIGHT="54" WIDTH="182" VPOS="1676" HPOS="1331"/>
<SP HEIGHT="54" WIDTH="26" VPOS="1676" HPOS="1514"/>
<String CONTENT="Hopkins" HEIGHT="67" WIDTH="268" VPOS="1675" HPOS="1541"/>
<SP HEIGHT="48" WIDTH="28" VPOS="1695" HPOS="1810"/>
<String CONTENT="press," HEIGHT="51" WIDTH="172" VPOS="1693" HPOS="1839"/>
<SP HEIGHT="65" WIDTH="31" VPOS="1679" HPOS="2012"/>
<String CONTENT="1934." HEIGHT="47" WIDTH="147" VPOS="1678" HPOS="2044"/>
</TextLine>
<TextLine HEIGHT="50" WIDTH="788" VPOS="1745" HPOS="281" LANG="en-US" CS="1">
<String CONTENT="ix," HEIGHT="49" WIDTH="63" VPOS="1745" HPOS="281"/>
<SP HEIGHT="47" WIDTH="33" VPOS="1747" HPOS="345"/>
<String CONTENT="182" HEIGHT="41" WIDTH="84" VPOS="1746" HPOS="379"/>
<SP HEIGHT="48" WIDTH="30" VPOS="1746" HPOS="464"/>
<String CONTENT="p." HEIGHT="36" WIDTH="43" VPOS="1758" HPOS="495"/>
<SP HEIGHT="40" WIDTH="59" VPOS="1747" HPOS="539"/>
<String CS="1" CONTENT="front."/>
<SP HEIGHT="46" WIDTH="28" VPOS="1748" HPOS="747"/>
<String CONTENT="(port.)" HEIGHT="47" WIDTH="169" VPOS="1748" HPOS="776"/>
<SP HEIGHT="46" WIDTH="67" VPOS="1749" HPOS="946"/>
<String CS="1" CONTENT="23&#189;cm." HEIGHT="40" WIDTH="55" VPOS="1749" HPOS="1014"/>
</TextLine>
<TextLine HEIGHT="49" WIDTH="1383" VPOS="1804" HPOS="286" CS="1">
<String LANG="en-US" CONTENT="At" HEIGHT="39" WIDTH="63" VPOS="1804" HPOS="286"/>
<SP HEIGHT="38" WIDTH="24" VPOS="1805" HPOS="350"/>
<String LANG="en-US" CONTENT="head" HEIGHT="39" WIDTH="124" VPOS="1805" HPOS="375"/>
<SP HEIGHT="38" WIDTH="27" VPOS="1806" HPOS="500"/>
<String LANG="en-US" CONTENT="of" HEIGHT="39" WIDTH="50" VPOS="1804" HPOS="528"/>
<SP HEIGHT="40" WIDTH="26" VPOS="1804" HPOS="579"/>
<String LANG="en-US" CS="1" CONTENT="title:" HEIGHT="39" WIDTH="107" VPOS="1805" HPOS="606"/>
<SP HEIGHT="39" WIDTH="32" VPOS="1805" HPOS="740"/>
<String LANG="fr" CONTENT="Institut" HEIGHT="41" WIDTH="203" VPOS="1804" HPOS="773"/>
<SP HEIGHT="39" WIDTH="26" VPOS="1806" HPOS="977"/>
<String LANG="fr" CONTENT="fran&#231;ais" HEIGHT="48" WIDTH="217" VPOS="1804" HPOS="1004"/>
<SP HEIGHT="39" WIDTH="28" VPOS="1807" HPOS="1222"/>
<String LANG="fr" CONTENT="de" HEIGHT="38" WIDTH="56" VPOS="1807" HPOS="1251"/>
<SP HEIGHT="38" WIDTH="32" VPOS="1807" HPOS="1308"/>
<String LANG="en-US" CONTENT="Washington." HEIGHT="48" WIDTH="328" VPOS="1805" HPOS="1341"/>
</TextLine>
<TextLine HEIGHT="49" WIDTH="1908" VPOS="1860" HPOS="283" LANG="en-US">
<String CONTENT="Transcriptions" HEIGHT="48" WIDTH="393" VPOS="1860" HPOS="283"/>
<SP HEIGHT="29" WIDTH="29" VPOS="1872" HPOS="677"/>
<String CONTENT="of" HEIGHT="40" WIDTH="50" VPOS="1861" HPOS="707"/>
<SP HEIGHT="40" WIDTH="29" VPOS="1861" HPOS="758"/>
<String CONTENT="the" HEIGHT="39" WIDTH="80" VPOS="1862" HPOS="788"/>
<SP HEIGHT="38" WIDTH="28" VPOS="1863" HPOS="869"/>
<String CONTENT="documents" HEIGHT="38" WIDTH="277" VPOS="1863" HPOS="898"/>
<SP HEIGHT="28" WIDTH="30" VPOS="1873" HPOS="1176"/>
<String CONTENT="upon" HEIGHT="37" WIDTH="125" VPOS="1872" HPOS="1207"/>
<SP HEIGHT="27" WIDTH="32" VPOS="1874" HPOS="1333"/>
<String CONTENT="which" HEIGHT="41" WIDTH="156" VPOS="1861" HPOS="1366"/>
<SP HEIGHT="38" WIDTH="32" VPOS="1864" HPOS="1523"/>
<String CONTENT="this" HEIGHT="40" WIDTH="97" VPOS="1862" HPOS="1556"/>
<SP HEIGHT="28" WIDTH="30" VPOS="1874" HPOS="1654"/>
<String CONTENT="study" HEIGHT="44" WIDTH="143" VPOS="1865" HPOS="1685"/>
<SP HEIGHT="46" WIDTH="29" VPOS="1863" HPOS="1829"/>
<String CONTENT="is" HEIGHT="39" WIDTH="40" VPOS="1863" HPOS="1859"/>
<SP HEIGHT="39" WIDTH="30" VPOS="1863" HPOS="1900"/>
<String CONTENT="based" HEIGHT="40" WIDTH="146" VPOS="1863" HPOS="1931"/>
<SP HEIGHT="39" WIDTH="31" VPOS="1864" HPOS="2078"/>
<String CONTENT="are" HEIGHT="31" WIDTH="81" VPOS="1872" HPOS="2110"/>
</TextLine>
<TextLine HEIGHT="50" WIDTH="1974" VPOS="1917" HPOS="215" LANG="en-US" CS="1">
<String CONTENT="given" HEIGHT="48" WIDTH="137" VPOS="1917" HPOS="215"/>
<SP HEIGHT="29" WIDTH="22" VPOS="1929" HPOS="353"/>
<String CONTENT="at" HEIGHT="37" WIDTH="50" VPOS="1921" HPOS="376"/>
<SP HEIGHT="38" WIDTH="22" VPOS="1920" HPOS="427"/>
<String CONTENT="the" HEIGHT="39" WIDTH="80" VPOS="1919" HPOS="450"/>
<SP HEIGHT="29" WIDTH="22" VPOS="1929" HPOS="531"/>
<String CONTENT="end" HEIGHT="38" WIDTH="89" VPOS="1920" HPOS="554"/>
<SP HEIGHT="38" WIDTH="22" VPOS="1920" HPOS="644"/>
<String CONTENT="of" HEIGHT="40" WIDTH="50" VPOS="1918" HPOS="667"/>
<SP HEIGHT="40" WIDTH="18" VPOS="1918" HPOS="718"/>
<String CONTENT="chapters" HEIGHT="46" WIDTH="225" VPOS="1919" HPOS="737"/>
<SP HEIGHT="28" WIDTH="20" VPOS="1929" HPOS="963"/>
<String CS="1" CONTENT="II-V." HEIGHT="15" WIDTH="72" VPOS="1942" HPOS="1023"/>
<SP HEIGHT="40" WIDTH="54" VPOS="1919" HPOS="1096"/>
<String CONTENT="Chapter" HEIGHT="46" WIDTH="209" VPOS="1919" HPOS="1151"/>
<SP HEIGHT="27" WIDTH="21" VPOS="1930" HPOS="1361"/>
<String CS="1" CONTENT="VI"/>
<SP HEIGHT="38" WIDTH="23" VPOS="1919" HPOS="1432"/>
<String CONTENT="is" HEIGHT="40" WIDTH="39" VPOS="1919" HPOS="1456"/>
<SP HEIGHT="38" WIDTH="24" VPOS="1921" HPOS="1496"/>
<String CONTENT="devoted" HEIGHT="38" WIDTH="200" VPOS="1921" HPOS="1521"/>
<SP HEIGHT="38" WIDTH="22" VPOS="1921" HPOS="1722"/>
<String CONTENT="ro" HEIGHT="29" WIDTH="47" VPOS="1930" HPOS="1745"/>
<SP HEIGHT="29" WIDTH="23" VPOS="1930" HPOS="1793"/>
<String CONTENT="a" HEIGHT="28" WIDTH="23" VPOS="1931" HPOS="1817"/>
<SP HEIGHT="38" WIDTH="27" VPOS="1922" HPOS="1841"/>
<String CONTENT="brief" HEIGHT="40" WIDTH="125" VPOS="1920" HPOS="1869"/>
<SP HEIGHT="39" WIDTH="21" VPOS="1920" HPOS="1995"/>
<String CONTENT="survey" HEIGHT="37" WIDTH="172" VPOS="1930" HPOS="2017"/>
</TextLine>
<TextLine HEIGHT="49" WIDTH="1976" VPOS="1975" HPOS="216" LANG="en-US">
<String CONTENT="of" HEIGHT="39" WIDTH="51" VPOS="1975" HPOS="216"/>
<SP HEIGHT="40" WIDTH="32" VPOS="1975" HPOS="268"/>
<String CONTENT="six" HEIGHT="39" WIDTH="75" VPOS="1976" HPOS="301"/>
<SP HEIGHT="28" WIDTH="36" VPOS="1987" HPOS="377"/>
<String CONTENT="church" HEIGHT="40" WIDTH="180" VPOS="1975" HPOS="414"/>
<SP HEIGHT="38" WIDTH="34" VPOS="1976" HPOS="595"/>
<String CONTENT="historians" HEIGHT="40" WIDTH="265" VPOS="1975" HPOS="630"/>
<SP HEIGHT="28" WIDTH="34" VPOS="1986" HPOS="896"/>
<String CONTENT="who" HEIGHT="37" WIDTH="104" VPOS="1977" HPOS="931"/>
<SP HEIGHT="37" WIDTH="35" VPOS="1977" HPOS="1036"/>
<String CONTENT="have" HEIGHT="38" WIDTH="120" VPOS="1977" HPOS="1072"/>
<SP HEIGHT="36" WIDTH="36" VPOS="1987" HPOS="1193"/>
<String CONTENT="previously" HEIGHT="47" WIDTH="273" VPOS="1976" HPOS="1230"/>
<SP HEIGHT="45" WIDTH="37" VPOS="1978" HPOS="1504"/>
<String CONTENT="dealt" HEIGHT="40" WIDTH="130" VPOS="1977" HPOS="1542"/>
<SP HEIGHT="37" WIDTH="36" VPOS="1980" HPOS="1673"/>
<String CONTENT="with" HEIGHT="41" WIDTH="117" VPOS="1976" HPOS="1710"/>
<SP HEIGHT="38" WIDTH="34" VPOS="1979" HPOS="1828"/>
<String CONTENT="the" HEIGHT="39" WIDTH="81" VPOS="1978" HPOS="1863"/>
<SP HEIGHT="36" WIDTH="34" VPOS="1981" HPOS="1945"/>
<String CONTENT="topic" HEIGHT="47" WIDTH="126" VPOS="1977" HPOS="1980"/>
<SP HEIGHT="29" WIDTH="33" VPOS="1988" HPOS="2107"/>
<String CONTENT="of" HEIGHT="40" WIDTH="51" VPOS="1977" HPOS="2141"/>
</TextLine>
<TextLine HEIGHT="40" WIDTH="264" VPOS="2032" HPOS="216" LANG="en-US">
<String CONTENT="this" HEIGHT="40" WIDTH="97" VPOS="2032" HPOS="216"/>
<SP HEIGHT="39" WIDTH="32" VPOS="2033" HPOS="314"/>
<String CONTENT="book." HEIGHT="39" WIDTH="133" VPOS="2033" HPOS="347"/>
</TextLine>
<TextLine HEIGHT="49" WIDTH="698" VPOS="2088" HPOS="283" LANG="en-US" CS="1">
<String CS="1" CONTENT="Bibliography:" HEIGHT="48" WIDTH="345" VPOS="2089" HPOS="283"/>
<SP HEIGHT="36" WIDTH="35" VPOS="2100" HPOS="655"/>
<String CONTENT="p." HEIGHT="36" WIDTH="40" VPOS="2100" HPOS="691"/>
<SP HEIGHT="39" WIDTH="34" VPOS="2089" HPOS="732"/>
<String CONTENT="181-182." HEIGHT="41" WIDTH="214" VPOS="2088" HPOS="767"/>
</TextLine>
<TextLine HEIGHT="51" WIDTH="1890" VPOS="2161" HPOS="215" LANG="en-US" CS="1">
<String CONTENT="&#169;" HEIGHT="51" WIDTH="50" VPOS="2161" HPOS="215"/>
<SP HEIGHT="51" WIDTH="30" VPOS="2161" HPOS="266"/>
<String CONTENT="June" HEIGHT="38" WIDTH="127" VPOS="2166" HPOS="297"/>
<SP HEIGHT="39" WIDTH="22" VPOS="2165" HPOS="425"/>
<String CONTENT="2," HEIGHT="46" WIDTH="39" VPOS="2165" HPOS="448"/>
<SP HEIGHT="46" WIDTH="29" VPOS="2165" HPOS="488"/>
<String CS="1" CONTENT="1934;"/>
<SP HEIGHT="39" WIDTH="30" VPOS="2164" HPOS="658"/>
<String CONTENT="2c." HEIGHT="39" WIDTH="65" VPOS="2164" HPOS="689"/>
<SP HEIGHT="28" WIDTH="26" VPOS="2175" HPOS="755"/>
<String CONTENT="and" HEIGHT="38" WIDTH="94" VPOS="2165" HPOS="782"/>
<SP HEIGHT="38" WIDTH="29" VPOS="2165" HPOS="877"/>
<String CONTENT="aff." HEIGHT="39" WIDTH="78" VPOS="2163" HPOS="907"/>
<SP HEIGHT="38" WIDTH="31" VPOS="2164" HPOS="986"/>
<String CONTENT="June" HEIGHT="38" WIDTH="124" VPOS="2164" HPOS="1018"/>
<SP HEIGHT="39" WIDTH="28" VPOS="2163" HPOS="1143"/>
<String CS="1" CONTENT="8;" HEIGHT="39" WIDTH="26" VPOS="2163" HPOS="1172"/>
<SP HEIGHT="39" WIDTH="31" VPOS="2164" HPOS="1222"/>
<!-- cceid C16697D4-6C64-1014-8713-889FF4349C01 --><String CONTENT="A" HEIGHT="37" WIDTH="39" VPOS="2164" HPOS="1254"/>
<SP HEIGHT="38" WIDTH="29" VPOS="2164" HPOS="1294"/>
<String CONTENT="72683:" HEIGHT="41" WIDTH="167" VPOS="2163" HPOS="1324"/>
<SP HEIGHT="40" WIDTH="33" VPOS="2164" HPOS="1492"/>
<String CONTENT="Johns" HEIGHT="39" WIDTH="153" VPOS="2164" HPOS="1526"/>
<SP HEIGHT="38" WIDTH="28" VPOS="2165" HPOS="1680"/>
<String CONTENT="Hopkins" HEIGHT="48" WIDTH="220" VPOS="2163" HPOS="1709"/>
<SP HEIGHT="36" WIDTH="29" VPOS="2175" HPOS="1930"/>
<String CONTENT="press." HEIGHT="37" WIDTH="145" VPOS="2174" HPOS="1960"/>
</TextLine>
<TextLine HEIGHT="47" WIDTH="275" VPOS="2221" HPOS="292" LANG="en-US">
<String CONTENT="(34-16158)" HEIGHT="47" WIDTH="275" VPOS="2221" HPOS="292"/>
</TextLine>
<TextLine HEIGHT="65" WIDTH="891" VPOS="2323" HPOS="207" STYLEREFS="StyleId-963B4703-82D5-4738-89E1-32477A5C35B2-" LANG="en-US">
<String CONTENT="Barnsley," HEIGHT="63" WIDTH="303" VPOS="2325" HPOS="207"/>
<SP HEIGHT="62" WIDTH="33" VPOS="2326" HPOS="511"/>
<String CONTENT="Edward" HEIGHT="52" WIDTH="250" VPOS="2324" HPOS="545"/>
<SP HEIGHT="52" WIDTH="34" VPOS="2324" HPOS="796"/>
<String CONTENT="Roberts," HEIGHT="55" WIDTH="267" VPOS="2323" HPOS="831"/>
</TextLine>
<TextLine HEIGHT="66" WIDTH="1908" VPOS="2401" HPOS="279" STYLEREFS="StyleId-93DCE279-BBA5-45D2-90B6-295AD33288F1-" LANG="en-US" CS="1">
<String CONTENT="Historic" HEIGHT="53" WIDTH="257" VPOS="2401" HPOS="279"/>
<SP HEIGHT="50" WIDTH="34" VPOS="2404" HPOS="537"/>
<String CONTENT="Newtown," HEIGHT="61" WIDTH="308" VPOS="2404" HPOS="572"/>
<SP HEIGHT="64" WIDTH="33" VPOS="2401" HPOS="881"/>
<String CONTENT="by" HEIGHT="66" WIDTH="74" VPOS="2401" HPOS="915"/>
<SP HEIGHT="65" WIDTH="36" VPOS="2402" HPOS="990"/>
<String CONTENT="Edward" HEIGHT="52" WIDTH="248" VPOS="2401" HPOS="1027"/>
<SP HEIGHT="52" WIDTH="38" VPOS="2401" HPOS="1276"/>
<String CONTENT="R." HEIGHT="51" WIDTH="66" VPOS="2402" HPOS="1315"/>
<SP HEIGHT="50" WIDTH="38" VPOS="2403" HPOS="1382"/>
<String CS="1" CONTENT="Barnsley" HEIGHT="52" WIDTH="239" VPOS="2401" HPOS="1421"/>
<SP HEIGHT="33" WIDTH="45" VPOS="2419" HPOS="1699"/>
<String CS="1" CONTENT="&#8230;"/>
<SP HEIGHT="50" WIDTH="78" VPOS="2402" HPOS="1799"/>
<String CONTENT="Newtown." HEIGHT="52" WIDTH="309" VPOS="2402" HPOS="1878"/>
</TextLine>
<TextLine HEIGHT="50" WIDTH="146" VPOS="2484" HPOS="213" STYLEREFS="StyleId-93DCE279-BBA5-45D2-90B6-295AD33288F1-" LANG="en-US">
<String CONTENT="1934." HEIGHT="50" WIDTH="146" VPOS="2484" HPOS="213"/>
</TextLine>
<TextLine HEIGHT="50" WIDTH="1195" VPOS="2549" HPOS="285" LANG="en-US" CS="1">
<String CONTENT="5" HEIGHT="39" WIDTH="24" VPOS="2552" HPOS="285"/>
<SP HEIGHT="47" WIDTH="25" VPOS="2552" HPOS="310"/>
<String LANG="fr" CONTENT="p." HEIGHT="36" WIDTH="40" VPOS="2563" HPOS="336"/>
<SP HEIGHT="38" WIDTH="26" VPOS="2553" HPOS="377"/>
<String CS="1" CONTENT="l.,"/>
<SP HEIGHT="28" WIDTH="31" VPOS="2571" HPOS="447"/>
<String CONTENT="[13]-146" HEIGHT="48" WIDTH="202" VPOS="2551" HPOS="479"/>
<SP HEIGHT="47" WIDTH="24" VPOS="2551" HPOS="682"/>
<String CONTENT="p." HEIGHT="36" WIDTH="41" VPOS="2562" HPOS="707"/>
<SP HEIGHT="40" WIDTH="57" VPOS="2550" HPOS="749"/>
<String CONTENT="illus." HEIGHT="40" WIDTH="128" VPOS="2550" HPOS="807"/>
<SP HEIGHT="46" WIDTH="29" VPOS="2550" HPOS="936"/>
<String CONTENT="(incl." HEIGHT="47" WIDTH="130" VPOS="2549" HPOS="966"/>
<SP HEIGHT="36" WIDTH="28" VPOS="2561" HPOS="1097"/>
<String CONTENT="ports.)" HEIGHT="48" WIDTH="171" VPOS="2549" HPOS="1126"/>
<SP HEIGHT="46" WIDTH="67" VPOS="2549" HPOS="1298"/>
<String CONTENT="23" HEIGHT="39" WIDTH="54" VPOS="2551" HPOS="1366"/>
<String STYLE="superscript" CS="1" CONTENT="cm" HEIGHT="20" WIDTH="14" VPOS="2553" HPOS="1424"/>
<String CONTENT="." HEIGHT="6" WIDTH="6" VPOS="2584" HPOS="1474"/>
</TextLine>
<TextLine HEIGHT="49" WIDTH="1905" VPOS="2606" HPOS="286" LANG="en-US">
<String CONTENT="&#8220;A" HEIGHT="40" WIDTH="67" VPOS="2609" HPOS="286"/>
<SP HEIGHT="40" WIDTH="30" VPOS="2609" HPOS="354"/>
<String CONTENT="booklet" HEIGHT="40" WIDTH="189" VPOS="2608" HPOS="385"/>
<SP HEIGHT="44" WIDTH="32" VPOS="2611" HPOS="575"/>
<String CONTENT="prepared" HEIGHT="46" WIDTH="234" VPOS="2609" HPOS="608"/>
<SP HEIGHT="40" WIDTH="31" VPOS="2607" HPOS="843"/>
<String CONTENT="for" HEIGHT="39" WIDTH="77" VPOS="2607" HPOS="875"/>
<SP HEIGHT="35" WIDTH="31" VPOS="2610" HPOS="953"/>
<String CONTENT="the" HEIGHT="37" WIDTH="79" VPOS="2608" HPOS="985"/>
<SP HEIGHT="28" WIDTH="30" VPOS="2617" HPOS="1065"/>
<String CONTENT="celebration" HEIGHT="39" WIDTH="288" VPOS="2606" HPOS="1096"/>
<SP HEIGHT="29" WIDTH="33" VPOS="2617" HPOS="1385"/>
<String CONTENT="of" HEIGHT="39" WIDTH="49" VPOS="2607" HPOS="1419"/>
<SP HEIGHT="39" WIDTH="35" VPOS="2607" HPOS="1469"/>
<String CONTENT="the" HEIGHT="38" WIDTH="79" VPOS="2608" HPOS="1505"/>
<SP HEIGHT="39" WIDTH="33" VPOS="2607" HPOS="1585"/>
<String CONTENT="250th" HEIGHT="39" WIDTH="139" VPOS="2606" HPOS="1619"/>
<SP HEIGHT="38" WIDTH="32" VPOS="2607" HPOS="1759"/>
<String CONTENT="anniversary" HEIGHT="47" WIDTH="315" VPOS="2606" HPOS="1792"/>
<SP HEIGHT="35" WIDTH="32" VPOS="2618" HPOS="2108"/>
<String CONTENT="of" HEIGHT="40" WIDTH="50" VPOS="2606" HPOS="2141"/>
</TextLine>
<TextLine HEIGHT="47" WIDTH="1094" VPOS="2663" HPOS="214" LANG="en-US">
<String CONTENT="Newtown." HEIGHT="41" WIDTH="260" VPOS="2664" HPOS="214"/>
<SP HEIGHT="40" WIDTH="29" VPOS="2665" HPOS="475"/>
<String CONTENT="Bucks" HEIGHT="38" WIDTH="159" VPOS="2665" HPOS="505"/>
<SP HEIGHT="29" WIDTH="27" VPOS="2674" HPOS="665"/>
<String CONTENT="county" HEIGHT="45" WIDTH="175" VPOS="2665" HPOS="693"/>
<SP HEIGHT="46" WIDTH="42" VPOS="2664" HPOS="869"/>
<String CONTENT="Pennsylvania.&#8221;" HEIGHT="46" WIDTH="396" VPOS="2663" HPOS="912"/>
</TextLine>
<TextLine HEIGHT="107" WIDTH="1960" VPOS="2731" HPOS="213" LANG="en-US" CS="1">
<String CONTENT="&#169;" HEIGHT="51" WIDTH="53" VPOS="2731" HPOS="213"/>
<SP HEIGHT="51" WIDTH="31" VPOS="2731" HPOS="267"/>
<String CONTENT="June" HEIGHT="39" WIDTH="124" VPOS="2736" HPOS="299"/>
<SP HEIGHT="40" WIDTH="31" VPOS="2735" HPOS="424"/>
<String CONTENT="9." HEIGHT="40" WIDTH="38" VPOS="2735" HPOS="456"/>
<SP HEIGHT="38" WIDTH="32" VPOS="2737" HPOS="495"/>
<String CS="1" CONTENT="1934;"/>
<SP HEIGHT="40" WIDTH="35" VPOS="2735" HPOS="667"/>
<String CONTENT="2c." HEIGHT="40" WIDTH="64" VPOS="2735" HPOS="703"/>
<SP HEIGHT="31" WIDTH="35" VPOS="2744" HPOS="768"/>
<String CONTENT="and" HEIGHT="37" WIDTH="92" VPOS="2736" HPOS="804"/>
<SP HEIGHT="37" WIDTH="33" VPOS="2736" HPOS="897"/>
<String CONTENT="aff." HEIGHT="40" WIDTH="80" VPOS="2733" HPOS="931"/>
<SP HEIGHT="40" WIDTH="33" VPOS="2734" HPOS="1012"/>
<String CONTENT="June" HEIGHT="40" WIDTH="127" VPOS="2734" HPOS="1046"/>
<SP HEIGHT="39" WIDTH="27" VPOS="2735" HPOS="1174"/>
<String CONTENT="14:" HEIGHT="39" WIDTH="80" VPOS="2734" HPOS="1202"/>
<SP HEIGHT="39" WIDTH="35" VPOS="2734" HPOS="1283"/>
<!-- cceid C16701CA-6C64-1014-8713-889FF4349C01 --><String CONTENT="A" HEIGHT="39" WIDTH="40" VPOS="2734" HPOS="1319"/>
<SP HEIGHT="40" WIDTH="31" VPOS="2734" HPOS="1360"/>
<String CONTENT="73075;" HEIGHT="48" WIDTH="167" VPOS="2733" HPOS="1392"/>
<SP HEIGHT="46" WIDTH="36" VPOS="2735" HPOS="1560"/>
<String CONTENT="E." HEIGHT="39" WIDTH="52" VPOS="2735" HPOS="1597"/>
<SP HEIGHT="40" WIDTH="33" VPOS="2734" HPOS="1650"/>
<String CONTENT="R." HEIGHT="39" WIDTH="54" VPOS="2734" HPOS="1684"/>
<SP HEIGHT="38" WIDTH="33" VPOS="2735" HPOS="1739"/>
<String CONTENT="Barnsley," HEIGHT="46" WIDTH="249" VPOS="2734" HPOS="1773"/>
<SP HEIGHT="47" WIDTH="33" VPOS="2733" HPOS="2023"/>
<String CONTENT="Newtown," HEIGHT="104" WIDTH="1890" VPOS="2733" HPOS="283"/>
<SP HEIGHT="45" WIDTH="30" VPOS="2792" HPOS="424"/>
<String CONTENT="Pa." HEIGHT="39" WIDTH="80" VPOS="2792" HPOS="455"/>
<SP HEIGHT="46" WIDTH="71" VPOS="2792" HPOS="536"/>
<String CONTENT="(34-16118)" HEIGHT="47" WIDTH="276" VPOS="2791" HPOS="608"/>
</TextLine>
<TextLine HEIGHT="64" WIDTH="634" VPOS="2893" HPOS="210" STYLEREFS="StyleId-963B4703-82D5-4738-89E1-32477A5C35B2-" LANG="en-US">
<String CONTENT="Bode," HEIGHT="64" WIDTH="169" VPOS="2893" HPOS="210"/>
<SP HEIGHT="64" WIDTH="27" VPOS="2893" HPOS="380"/>
<String CONTENT="Rudolf," HEIGHT="64" WIDTH="235" VPOS="2893" HPOS="408"/>
<SP HEIGHT="59" WIDTH="30" VPOS="2898" HPOS="644"/>
<String CONTENT="1881-" HEIGHT="49" WIDTH="169" VPOS="2897" HPOS="675"/>
</TextLine>
<TextLine HEIGHT="73" WIDTH="1857" VPOS="2965" HPOS="335" STYLEREFS="StyleId-93DCE279-BBA5-45D2-90B6-295AD33288F1-" LANG="de" CS="1">
<String LANG="en-US" CS="1" CONTENT="&#8230;"/>
<SP HEIGHT="52" WIDTH="44" VPOS="2969" HPOS="335"/>
<String CONTENT="Aufgaben" HEIGHT="68" WIDTH="309" VPOS="2969" HPOS="380"/>
<SP HEIGHT="34" WIDTH="36" VPOS="2988" HPOS="690"/>
<String CONTENT="und" HEIGHT="51" WIDTH="115" VPOS="2971" HPOS="727"/>
<SP HEIGHT="51" WIDTH="39" VPOS="2971" HPOS="843"/>
<String CONTENT="ziele" HEIGHT="52" WIDTH="135" VPOS="2970" HPOS="883"/>
<SP HEIGHT="50" WIDTH="37" VPOS="2972" HPOS="1019"/>
<String CONTENT="der" HEIGHT="51" WIDTH="97" VPOS="2972" HPOS="1057"/>
<SP HEIGHT="33" WIDTH="37" VPOS="2990" HPOS="1155"/>
<String CONTENT="rhythmischen" HEIGHT="68" WIDTH="423" VPOS="2970" HPOS="1193"/>
<SP HEIGHT="49" WIDTH="38" VPOS="2989" HPOS="1617"/>
<String CONTENT="gymnastik;" HEIGHT="70" WIDTH="353" VPOS="2968" HPOS="1656"/>
<SP HEIGHT="66" WIDTH="42" VPOS="2968" HPOS="2010"/>
<String CONTENT="f&#252;nf" HEIGHT="55" WIDTH="139" VPOS="2965" HPOS="2053"/>
</TextLine>
<TextLine HEIGHT="68" WIDTH="1878" VPOS="3047" HPOS="206" STYLEREFS="StyleId-93DCE279-BBA5-45D2-90B6-295AD33288F1-" LANG="de">
<String CONTENT="abhandlungen." HEIGHT="66" WIDTH="453" VPOS="3048" HPOS="206"/>
<SP HEIGHT="47" WIDTH="75" VPOS="3051" HPOS="660"/>
<String CONTENT="3.," HEIGHT="64" WIDTH="64" VPOS="3051" HPOS="736"/>
<SP HEIGHT="48" WIDTH="37" VPOS="3067" HPOS="801"/>
<String CONTENT="erweiterte" HEIGHT="54" WIDTH="309" VPOS="3047" HPOS="839"/>
<SP HEIGHT="34" WIDTH="36" VPOS="3067" HPOS="1149"/>
<String CONTENT="aufl." HEIGHT="52" WIDTH="126" VPOS="3049" HPOS="1186"/>
<SP HEIGHT="51" WIDTH="73" VPOS="3049" HPOS="1313"/>
<String CONTENT="M&#252;nchen," HEIGHT="62" WIDTH="303" VPOS="3049" HPOS="1387"/>
<SP HEIGHT="62" WIDTH="35" VPOS="3049" HPOS="1691"/>
<String CONTENT="Beck," HEIGHT="66" WIDTH="169" VPOS="3047" HPOS="1727"/>
<SP HEIGHT="64" WIDTH="38" VPOS="3049" HPOS="1897"/>
<String CONTENT="1933." HEIGHT="49" WIDTH="148" VPOS="3049" HPOS="1936"/>
</TextLine>
<TextLine HEIGHT="50" WIDTH="609" VPOS="3120" HPOS="277" LANG="de" CS="1">
<String CONTENT="5" HEIGHT="39" WIDTH="26" VPOS="3121" HPOS="277"/>
<SP HEIGHT="47" WIDTH="27" VPOS="3121" HPOS="304"/>
<String CONTENT="p." HEIGHT="37" WIDTH="43" VPOS="3131" HPOS="332"/>
<SP HEIGHT="40" WIDTH="27" VPOS="3121" HPOS="376"/>
<String CS="1" CONTENT="l.,"/>
<SP HEIGHT="48" WIDTH="29" VPOS="3120" HPOS="450"/>
<String CONTENT="3-59," HEIGHT="48" WIDTH="126" VPOS="3120" HPOS="480"/>
<SP HEIGHT="30" WIDTH="36" VPOS="3140" HPOS="607"/>
<String CONTENT="[1]" HEIGHT="49" WIDTH="53" VPOS="3121" HPOS="644"/>
<SP HEIGHT="37" WIDTH="30" VPOS="3132" HPOS="698"/>
<String CONTENT="p." HEIGHT="36" WIDTH="43" VPOS="3132" HPOS="729"/>
<SP HEIGHT="39" WIDTH="57" VPOS="3122" HPOS="773"/>
<String CS="1" CONTENT="23&#189;cm." HEIGHT="39" WIDTH="55" VPOS="3121" HPOS="831"/>
</TextLine>
<TextLine HEIGHT="50" WIDTH="1639" VPOS="3175" HPOS="552" LANG="de" CS="1">
<String CS="1" CONTENT="CONTENTS.&#8212;Aufgaben" HEIGHT="47" WIDTH="314" VPOS="3177" HPOS="552"/>
<SP HEIGHT="28" WIDTH="23" VPOS="3188" HPOS="867"/>
<String CONTENT="und" HEIGHT="38" WIDTH="96" VPOS="3179" HPOS="891"/>
<SP HEIGHT="38" WIDTH="24" VPOS="3179" HPOS="988"/>
<String CONTENT="ziele" HEIGHT="40" WIDTH="116" VPOS="3177" HPOS="1013"/>
<SP HEIGHT="38" WIDTH="23" VPOS="3179" HPOS="1130"/>
<String CONTENT="der" HEIGHT="39" WIDTH="83" VPOS="3179" HPOS="1154"/>
<SP HEIGHT="28" WIDTH="24" VPOS="3188" HPOS="1238"/>
<String CONTENT="rhythmischen" HEIGHT="47" WIDTH="362" VPOS="3178" HPOS="1263"/>
<SP HEIGHT="36" WIDTH="24" VPOS="3189" HPOS="1626"/>
<String CONTENT="gymnastik" HEIGHT="49" WIDTH="276" VPOS="3176" HPOS="1651"/>
<SP HEIGHT="48" WIDTH="32" VPOS="3175" HPOS="1928"/>
<String CONTENT="(1913)" HEIGHT="48" WIDTH="161" VPOS="3175" HPOS="1961"/>
<SP HEIGHT="46" WIDTH="9" VPOS="3176" HPOS="2123"/>
<String CONTENT="&#8212;" HEIGHT="5" WIDTH="58" VPOS="3198" HPOS="2133"/>
</TextLine>
<TextLine HEIGHT="51" WIDTH="1982" VPOS="3232" HPOS="206" LANG="de">
<String CONTENT="Organische" HEIGHT="48" WIDTH="294" VPOS="3234" HPOS="206"/>
<SP HEIGHT="40" WIDTH="42" VPOS="3234" HPOS="501"/>
<String CONTENT="bewegung" HEIGHT="47" WIDTH="260" VPOS="3234" HPOS="544"/>
<SP HEIGHT="36" WIDTH="41" VPOS="3245" HPOS="805"/>
<String CONTENT="und" HEIGHT="39" WIDTH="97" VPOS="3235" HPOS="847"/>
<SP HEIGHT="40" WIDTH="41" VPOS="3234" HPOS="945"/>
<String CONTENT="berufsarbeit" HEIGHT="42" WIDTH="328" VPOS="3233" HPOS="987"/>
<SP HEIGHT="46" WIDTH="50" VPOS="3237" HPOS="1316"/>
<String CONTENT="(1919)&#8212;K&#246;rpererziehung" HEIGHT="51" WIDTH="683" VPOS="3232" HPOS="1367"/>
<SP HEIGHT="37" WIDTH="40" VPOS="3243" HPOS="2051"/>
<String CONTENT="und" HEIGHT="38" WIDTH="96" VPOS="3233" HPOS="2092"/>
</TextLine>
<TextLine HEIGHT="51" WIDTH="1984" VPOS="3287" HPOS="204" LANG="de">
<String CONTENT="kultur" HEIGHT="40" WIDTH="168" VPOS="3291" HPOS="204"/>
<SP HEIGHT="47" WIDTH="50" VPOS="3291" HPOS="373"/>
<String CONTENT="(1930)&#8212;Objektive" HEIGHT="49" WIDTH="488" VPOS="3289" HPOS="424"/>
<SP HEIGHT="29" WIDTH="39" VPOS="3301" HPOS="913"/>
<String CONTENT="und" HEIGHT="38" WIDTH="98" VPOS="3292" HPOS="953"/>
<SP HEIGHT="38" WIDTH="40" VPOS="3292" HPOS="1052"/>
<String CONTENT="subjektive" HEIGHT="47" WIDTH="271" VPOS="3291" HPOS="1093"/>
<SP HEIGHT="38" WIDTH="40" VPOS="3294" HPOS="1365"/>
<String CONTENT="leibeserziehung" HEIGHT="48" WIDTH="409" VPOS="3290" HPOS="1406"/>
<SP HEIGHT="50" WIDTH="50" VPOS="3288" HPOS="1816"/>
<String CONTENT="(1930)&#8212;Die" HEIGHT="48" WIDTH="321" VPOS="3287" HPOS="1867"/>
</TextLine>
<TextLine HEIGHT="50" WIDTH="1981" VPOS="3345" HPOS="205" LANG="de">
<String CONTENT="bewegung" HEIGHT="47" WIDTH="259" VPOS="3348" HPOS="205"/>
<SP HEIGHT="48" WIDTH="29" VPOS="3347" HPOS="465"/>
<String CONTENT="in" HEIGHT="39" WIDTH="50" VPOS="3347" HPOS="495"/>
<SP HEIGHT="39" WIDTH="30" VPOS="3348" HPOS="546"/>
<String CONTENT="der" HEIGHT="39" WIDTH="84" VPOS="3348" HPOS="577"/>
<SP HEIGHT="28" WIDTH="30" VPOS="3357" HPOS="662"/>
<String CONTENT="musik" HEIGHT="39" WIDTH="159" VPOS="3346" HPOS="693"/>
<SP HEIGHT="47" WIDTH="39" VPOS="3346" HPOS="853"/>
<String CONTENT="(1930)&#8212;Anhang:" HEIGHT="50" WIDTH="462" VPOS="3345" HPOS="893"/>
<SP HEIGHT="38" WIDTH="35" VPOS="3349" HPOS="1356"/>
<String CONTENT="Eine" HEIGHT="41" WIDTH="118" VPOS="3347" HPOS="1392"/>
<SP HEIGHT="37" WIDTH="32" VPOS="3351" HPOS="1511"/>
<String LANG="fr" CONTENT="th&#233;orie" HEIGHT="40" WIDTH="184" VPOS="3348" HPOS="1544"/>
<SP HEIGHT="39" WIDTH="30" VPOS="3348" HPOS="1729"/>
<String CONTENT="des" HEIGHT="38" WIDTH="83" VPOS="3348" HPOS="1760"/>
<SP HEIGHT="37" WIDTH="29" VPOS="3357" HPOS="1844"/>
<String CONTENT="ganges," HEIGHT="39" WIDTH="189" VPOS="3355" HPOS="1874"/>
<SP HEIGHT="37" WIDTH="31" VPOS="3354" HPOS="2064"/>
<String CONTENT="von" HEIGHT="30" WIDTH="90" VPOS="3354" HPOS="2096"/>
</TextLine>
<TextLine HEIGHT="41" WIDTH="513" VPOS="3403" HPOS="203">
<String LANG="fr" CONTENT="Honor&#233;" HEIGHT="41" WIDTH="198" VPOS="3403" HPOS="203"/>
<SP HEIGHT="41" WIDTH="31" VPOS="3403" HPOS="402"/>
<String LANG="de" CONTENT="de" HEIGHT="39" WIDTH="57" VPOS="3405" HPOS="434"/>
<SP HEIGHT="40" WIDTH="33" VPOS="3404" HPOS="492"/>
<String LANG="de" CONTENT="Balzac." HEIGHT="40" WIDTH="190" VPOS="3403" HPOS="526"/>
</TextLine>
<TextLine HEIGHT="51" WIDTH="1978" VPOS="3457" HPOS="209" LANG="de" CS="1">
<String CONTENT="&#169;" HEIGHT="50" WIDTH="50" VPOS="3458" HPOS="209"/>
<SP HEIGHT="50" WIDTH="33" VPOS="3458" HPOS="260"/>
<String CONTENT="May" HEIGHT="45" WIDTH="111" VPOS="3463" HPOS="294"/>
<SP HEIGHT="45" WIDTH="31" VPOS="3463" HPOS="406"/>
<String CONTENT="24," HEIGHT="44" WIDTH="67" VPOS="3462" HPOS="438"/>
<SP HEIGHT="43" WIDTH="33" VPOS="3463" HPOS="506"/>
<String CS="1" CONTENT="1933;" HEIGHT="40" WIDTH="112" VPOS="3460" HPOS="540"/>
<SP/>
<String CS="1" CONTENT="1c."/>
<SP/>
<String CONTENT="May" HEIGHT="46" WIDTH="112" VPOS="3461" HPOS="812"/>
<SP HEIGHT="47" WIDTH="30" VPOS="3460" HPOS="925"/>
<String CONTENT="1," HEIGHT="45" WIDTH="38" VPOS="3460" HPOS="956"/>
<SP HEIGHT="43" WIDTH="34" VPOS="3462" HPOS="995"/>
<String CS="1" CONTENT="1934;" HEIGHT="41" WIDTH="112" VPOS="3459" HPOS="1030"/>
<SP HEIGHT="34" WIDTH="17" VPOS="3471" HPOS="1169"/>
<!-- cceid C1676EE5-6C64-1014-8713-889FF4349C01 --><String LANG="fr" CONTENT="A" HEIGHT="38" WIDTH="39" VPOS="3461" HPOS="1204"/>
<String CONTENT="-Foreign" HEIGHT="48" WIDTH="267" VPOS="3460" HPOS="1245"/>
<SP HEIGHT="37" WIDTH="32" VPOS="3462" HPOS="1513"/>
<String CS="1" CONTENT="24504;" HEIGHT="39" WIDTH="142" VPOS="3460" HPOS="1546"/>
<SP HEIGHT="47" WIDTH="37" VPOS="3460" HPOS="1715"/>
<String CONTENT="C." HEIGHT="40" WIDTH="49" VPOS="3460" HPOS="1753"/>
<SP HEIGHT="39" WIDTH="32" VPOS="3460" HPOS="1803"/>
<String CONTENT="H." HEIGHT="40" WIDTH="59" VPOS="3460" HPOS="1836"/>
<SP HEIGHT="40" WIDTH="34" VPOS="3460" HPOS="1896"/>
<String CONTENT="Beck'sche" HEIGHT="40" WIDTH="256" VPOS="3457" HPOS="1931"/>
</TextLine>
<TextLine HEIGHT="49" WIDTH="1329" VPOS="3516" HPOS="274" LANG="de">
<String CONTENT="Verlagsbuchhandlung" HEIGHT="48" WIDTH="568" VPOS="3517" HPOS="274"/>
<SP HEIGHT="46" WIDTH="39" VPOS="3518" HPOS="843"/>
<String CONTENT="(Oskar" HEIGHT="48" WIDTH="179" VPOS="3516" HPOS="883"/>
<SP HEIGHT="38" WIDTH="30" VPOS="3517" HPOS="1063"/>
<String CONTENT="Beck)" HEIGHT="46" WIDTH="151" VPOS="3517" HPOS="1094"/>
<SP HEIGHT="47" WIDTH="78" VPOS="3517" HPOS="1246"/>
<String CONTENT="(34-16868)" HEIGHT="48" WIDTH="278" VPOS="3517" HPOS="1325"/>
</TextLine>
<TextLine HEIGHT="65" WIDTH="544" VPOS="3618" HPOS="201" STYLEREFS="StyleId-963B4703-82D5-4738-89E1-32477A5C35B2-">
<String LANG="fr" CONTENT="Boiron," HEIGHT="65" WIDTH="232" VPOS="3618" HPOS="201"/>
<SP HEIGHT="64" WIDTH="28" VPOS="3619" HPOS="434"/>
<String LANG="de" CONTENT="Adolphe." HEIGHT="64" WIDTH="282" VPOS="3619" HPOS="463"/>
</TextLine>
<TextLine HEIGHT="72" WIDTH="1858" VPOS="3691" HPOS="331" STYLEREFS="StyleId-93DCE279-BBA5-45D2-90B6-295AD33288F1-" LANG="de" CS="1">
<String CS="1" CONTENT="&#8230;"/>
<SP HEIGHT="52" WIDTH="46" VPOS="3695" HPOS="331"/>
<String CONTENT="Der" HEIGHT="52" WIDTH="117" VPOS="3695" HPOS="378"/>
<SP HEIGHT="33" WIDTH="43" VPOS="3714" HPOS="496"/>
<String CONTENT="vielsprachige" HEIGHT="69" WIDTH="409" VPOS="3693" HPOS="540"/>
<SP HEIGHT="51" WIDTH="41" VPOS="3695" HPOS="950"/>
<String CONTENT="hotel-angestellte;" HEIGHT="68" WIDTH="539" VPOS="3695" HPOS="992"/>
<SP HEIGHT="37" WIDTH="45" VPOS="3714" HPOS="1532"/>
<String CONTENT="vorwort" HEIGHT="47" WIDTH="245" VPOS="3700" HPOS="1578"/>
<SP HEIGHT="46" WIDTH="42" VPOS="3700" HPOS="1824"/>
<String CONTENT="von" HEIGHT="33" WIDTH="109" VPOS="3712" HPOS="1867"/>
<SP HEIGHT="53" WIDTH="41" VPOS="3691" HPOS="1977"/>
<String CONTENT="herrn" HEIGHT="52" WIDTH="170" VPOS="3691" HPOS="2019"/>
</TextLine>
<TextLine HEIGHT="70" WIDTH="1988" VPOS="3770" HPOS="199" STYLEREFS="StyleId-93DCE279-BBA5-45D2-90B6-295AD33288F1-">
<String LANG="de" CONTENT="J." HEIGHT="53" WIDTH="54" VPOS="3772" HPOS="199"/>
<SP HEIGHT="52" WIDTH="36" VPOS="3773" HPOS="254"/>
<String LANG="de" CONTENT="Walch." HEIGHT="53" WIDTH="216" VPOS="3772" HPOS="291"/>
<SP HEIGHT="50" WIDTH="74" VPOS="3773" HPOS="508"/>
<String LANG="fr" CONTENT="L&#8217;h&#244;telier" HEIGHT="53" WIDTH="305" VPOS="3771" HPOS="583"/>
<SP HEIGHT="49" WIDTH="34" VPOS="3790" HPOS="889"/>
<String LANG="de" CONTENT="polyglotte." HEIGHT="69" WIDTH="330" VPOS="3771" HPOS="924"/>
<SP HEIGHT="49" WIDTH="76" VPOS="3775" HPOS="1255"/>
<String LANG="en-US" CONTENT="The" HEIGHT="52" WIDTH="119" VPOS="3773" HPOS="1332"/>
<SP HEIGHT="52" WIDTH="33" VPOS="3773" HPOS="1452"/>
<String LANG="en-US" CONTENT="hotel" HEIGHT="51" WIDTH="152" VPOS="3773" HPOS="1486"/>
<SP HEIGHT="53" WIDTH="34" VPOS="3771" HPOS="1639"/>
<String LANG="en-US" CONTENT="keeper" HEIGHT="68" WIDTH="203" VPOS="3771" HPOS="1674"/>
<SP HEIGHT="50" WIDTH="34" VPOS="3788" HPOS="1878"/>
<String LANG="en-US" CONTENT="polyglot." HEIGHT="68" WIDTH="274" VPOS="3770" HPOS="1913"/>
</TextLine>
<TextLine HEIGHT="71" WIDTH="1981" VPOS="3847" HPOS="201" STYLEREFS="StyleId-93DCE279-BBA5-45D2-90B6-295AD33288F1-" LANG="de" CS="1">
<String CONTENT="El" HEIGHT="52" WIDTH="71" VPOS="3849" HPOS="201"/>
<SP HEIGHT="52" WIDTH="38" VPOS="3849" HPOS="273"/>
<String CONTENT="hotelero" HEIGHT="52" WIDTH="247" VPOS="3850" HPOS="312"/>
<SP HEIGHT="49" WIDTH="39" VPOS="3867" HPOS="560"/>
<String CONTENT="poliglota." HEIGHT="68" WIDTH="292" VPOS="3849" HPOS="600"/>
<SP HEIGHT="33" WIDTH="81" VPOS="3882" HPOS="893"/>
<String CONTENT="[Homburg" HEIGHT="69" WIDTH="318" VPOS="3849" HPOS="975"/>
<SP HEIGHT="49" WIDTH="38" VPOS="3869" HPOS="1294"/>
<String CONTENT="v." HEIGHT="33" WIDTH="52" VPOS="3869" HPOS="1333"/>
<SP HEIGHT="51" WIDTH="39" VPOS="3851" HPOS="1386"/>
<String CONTENT="d." HEIGHT="51" WIDTH="50" VPOS="3851" HPOS="1426"/>
<SP HEIGHT="51" WIDTH="38" VPOS="3851" HPOS="1477"/>
<String CONTENT="H&#246;he," HEIGHT="66" WIDTH="187" VPOS="3850" HPOS="1516"/>
<SP HEIGHT="67" WIDTH="40" VPOS="3849" HPOS="1704"/>
<String CONTENT="S." HEIGHT="54" WIDTH="55" VPOS="3849" HPOS="1745"/>
<SP HEIGHT="52" WIDTH="39" VPOS="3849" HPOS="1801"/>
<String CONTENT="de" HEIGHT="52" WIDTH="66" VPOS="3849" HPOS="1841"/>
<SP HEIGHT="52" WIDTH="37" VPOS="3849" HPOS="1908"/>
<String CS="1" CONTENT="Vylder]" HEIGHT="67" WIDTH="180" VPOS="3847" HPOS="2002"/>
</TextLine>
<TextLine HEIGHT="50" WIDTH="171" VPOS="3929" HPOS="199" STYLEREFS="StyleId-93DCE279-BBA5-45D2-90B6-295AD33288F1-" LANG="de">
<String STYLE="superscript" CONTENT="c" HEIGHT="20" WIDTH="18" VPOS="3932" HPOS="199"/>
<String CONTENT="1933." HEIGHT="50" WIDTH="150" VPOS="3929" HPOS="220"/>
</TextLine>
</TextBlock>
</PrintSpace>
</Page>
</Layout>
</alto>