2350 4296
1084 3996 97 49 889

145 355 298 65 Amiguet,
475 354 286 66 Philippe.

282 426 1852 72 … Le pasteur Martin; roman. Paris, Denoël et Steele [ c 1934 ]
221 502 719 49 3 p. l, 9-253 p., 1 l. 19 cm .
148 573 1991 52 © Feb. 2, 1934; 1c. June 12; A-Foreign 24808; Editions Denoël &
222 635 168 40 Steele.
464 634 279 47 (34-20039)

141 750 378 67 Armstrong,
552 751 304 53 Hamilton
890 751 160 65 Fish,
1085 753 168 49 1893-

142 827 1936 143 Europe between wars? By Hamilton Fish Armstrong … New York,
517 909 118 53 The
665 908 335 53 Macmillan
1029 924 295 50 company,
1355 909 149 51 1934.

216 983 25 38 5
269 993 42 37 p.
376 1012 8 16 l.,
413 983 83 37 115
526 992 42 37 p.
627 981 57 40 19½c
731 984 27 19 m
766 1012 6 9 .

148 1049 49 52 ©
225 1054 62 39 July
365 1052 67 45 10,
459 1052 140 46 1934;
626 1052 64 39 2c.
720 1053 95 38 and
842 1052 81 39 aff.
949 1051 115 47 July
1090 1052 80 45 11;
1200 1050 40 38 A
1267 1050 140 39 73383;
1465 1048 282 40 Macmillan
1774 1059 65 29 co.

224 1109 278 48 (34-20055)

144 1223 222 67 Ashby,
398 1225 187 53 Rubie
620 1226 346 62 Constance,
1004 1227 167 49 1899-

214 1303 118 54 Out
362 1307 148 48 went
539 1302 94 54 the
661 1308 182 63 taper,
872 1303 75 67 by
977 1303 69 51 R.
1080 1301 64 55 C.
1174 1301 217 67 Ashby.
1456 1300 137 52 New
1626 1299 180 67 York,
1835 1298 120 53 The
142 1297 1972 136 Macmillan
372 1399 280 50 company
767 1384 100 50 [c1934]

209 1453 85 41 320
328 1465 42 38 p.
432 1454 53 40 19½
519 1456 44 21 cm
567 1486 9 8 .

149 1523 50 50 ©
229 1527 115 47 July
370 1528 69 45 17,
467 1525 140 47 1934;
636 1527 67 39 2c.
732 1528 94 37 and
856 1525 79 40 aff.
966 1526 116 46 July
1108 1525 79 44 18;
1219 1525 40 38 A
1288 1523 170 47 73490;
1490 1523 282 41 Macmillan
1800 1536 65 28 co.

223 1583 279 48 (34-19668)

139 1697 241 67 Bagley,
407 1699 257 55 William
693 1699 311 64 Chandler,
1035 1702 168 50 1874-

210 1777 323 54 Education
573 1779 113 53 and
724 1783 288 63 emergent
1047 1796 160 48 man;
1251 1796 30 33 a
1319 1777 202 67 theory
1559 1776 63 52 of
1660 1776 298 52 education
2000 1775 139 52 with

140 1855 317 69 particular
514 1856 353 68 application
925 1862 59 46 to
1042 1856 193 68 public
1293 1854 300 54 education
1652 1855 58 51 in
1768 1856 94 51 the
1922 1854 218 55 United

142 1933 206 70 States,
373 1935 75 67 by
470 1935 261 55 William
760 1936 59 54 C.
846 1935 235 68 Bagley.
1158 1935 137 51 New
1321 1934 179 66 York,
1527 1936 62 50 T.
1620 1935 209 52 Nelson
1858 1933 111 52 and
1994 1951 145 41 sons,

143 2017 147 49 1934.

213 2088 95 47 xiv,
336 2086 85 42 238
449 2098 42 37 p.
548 2085 55 41 19½
636 2089 44 21 cm
684 2118 7 8 .
761 2086 299 50 (Half-title:
1088 2086 177 40 Nelson
1295 2085 259 40 education
1583 2084 174 47 series)

216 2144 343 48 “Suggestions
586 2144 79 40 for
693 2144 227 48 reading”
951 2147 50 36 at
1029 2144 89 40 end
1148 2143 50 39 of
1224 2143 116 40 each
1371 2143 214 47 chapter.

145 2198 50 52 ©
224 2203 126 39 June
376 2202 68 46 22,
472 2202 139 46 1934;
642 2202 66 39 2c.
738 2203 94 38 and
862 2201 80 39 aff.
973 2202 125 39 June
1124 2201 81 45 28;
1235 2201 40 38 A
1302 2200 169 46 73258;
1502 2200 210 39 Thomas
1740 2199 179 39 Nelson
1948 2199 35 39 &
2012 2208 125 31 sons.

229 2259 280 49 (34-19685)

138 2374 280 66 Bartlett,
450 2376 199 52 Frank
678 2373 195 55 William
986 2378 168 49 1856-

211 2451 393 70 Engineering
642 2451 343 68 descriptive
1022 2456 291 64 geometry
1351 2451 112 53 and
1505 2449 290 70 drawing;
1839 2470 30 33 a
1908 2449 231 53 treatise

143 2546 72 36 on
259 2530 114 52 line
422 2529 280 69 drawing,
750 2529 342 68 descriptive
1140 2534 308 64 geometry,
1497 2529 113 52 and
1659 2529 371 68 engineering
2078 2543 63 37 or

142 2608 347 52 mechanical
520 2607 279 68 drawing,
829 2606 93 53 for
953 2607 95 52 the
1076 2625 98 35 use
1202 2606 62 54 of
1292 2606 385 68 midshipmen
1709 2614 61 46 at
1797 2607 95 52 the
1923 2605 218 56 United

143 2682 1995 72 States Naval academy, by Frank W. Bartlett … and Theodore
140 2761 2001 71 W. Johnson … New York, J. Wiley & sons, inc.; London,
142 2838 299 71 Chapman
470 2841 45 50 &
541 2841 162 67 Hall,
732 2840 241 70 limited,
1004 2844 150 50 1934.

212 2916 25 38 3
266 2916 65 45 pt.
362 2916 50 37 in
442 2916 24 37 1
497 2925 42 28 v.
600 2914 143 47 illus.,
773 2914 158 47 plates
961 2914 135 47 (part
1124 2913 142 48 fold.)
1307 2914 178 47 diagrs.
1546 2913 55 40 23½
1635 2916 43 21 cm
1684 2946 7 8 .
1812 2912 130 49 $5.50

213 2970 1930 47 Part II has special t.-p.: Engineering descriptive geometry; a treatise
145 3035 59 28 on
233 3026 290 47 descriptive
554 3028 246 45 geometry
830 3036 54 30 as
915 3027 82 39 the
1027 3026 131 40 basis
1189 3026 51 39 of
1269 3026 299 40 mechanical
1600 3027 232 47 drawing,
1864 3025 279 48 explaining

145 3080 1982 103 geometrically the operations customary in the drafting room, by Commodore. Frank W. Bartlett … and
210 3138 1828 105 Captain Theodore W. Johnson … Part III has special t.-p.: Engineering drawing;
1589 3208 27 28 a
1651 3197 204 41 treatise
1889 3208 58 28 on
141 3196 1979 101 orthographic
373 3251 270 47 projection
680 3262 54 29 as
771 3252 192 46 applied
1000 3254 48 37 to
1087 3252 310 48 engineering
1433 3253 233 47 drawing,

1705 3253 121 40 with
1863 3255 82 38 the
141 3262 1982 85 recognized
306 3308 337 39 conventional
673 3308 362 40 abbreviations
1065 3310 117 39 used
1212 3309 49 40 in
1290 3310 226 47 practice,
1544 3310 62 46 by
1637 3311 248 39 Theodore
1916 3309 217 45 WoolseS

141 3360 229 47 Johnson.

146 3430 49 52 ©
221 3435 126 40 June
370 3436 69 46 22,
464 3435 139 47 1934;
631 3436 67 39 2c.
726 3436 126 40 June
876 3436 82 46 27;
985 3436 81 41 aff.
1095 3438 124 39 June
1244 3438 82 46 26;
1361 3438 34 38 A
1420 3439 169 46 73236;
1620 3440 249 39 Theodore

1895 3440 70 38 W.
211 3438 1912 100 Johnson,
340 3493 279 47 Annapolis.
696 3492 280 49 (34-20588)

139 3607 280 67 Bellamy,
450 3610 285 55 Harmon.

272 3685 1605 73 … Skin deep … New York, W. Godwin, inc., 1934.
215 3757 85 39 294
320 3767 43 37 p.
423 3758 55 40 19
481 3760 44 21 cm
530 3790 8 9 .

216 3814 63 40 At
302 3816 124 38 head
452 3816 51 39 of
527 3815 108 40 title
654 3827 7 27 :
697 3816 72 46 By
796 3816 220 39 Harmon
1040 3817 233 47 Bellamy.

149 3867 49 52 ©
230 3873 115 48 July
376 3874 68 46 12,
478 3873 139 46 1934;
650 3874 68 39 2c.
750 3874 117 47 July
899 3874 80 47 18;
1016 3874 80 41 aff.
1130 3876 115 47 July
1277 3877 81 45 17;
1395 3877 42 38 A

1467 3877 170 42 74265:
1672 3879 220 42 William
1927 3878 217 46 Godwin,

211 3927 89 42 inc.
372 3930 279 47 (34-20019)
