2350 4196
1148 4002 98 49 902

228 357 355 66 Rosenberg,
613 360 239 53 Reuben
883 361 237 65 Robert,
1154 365 168 50 1900-

300 436 267 54 Business
592 438 419 67 mathematics;
1041 439 307 67 principles
1375 440 111 52 and
1514 439 261 67 practice,
1800 441 76 66 by
1902 442 67 51 R.
1998 443 207 51 Robert

229 514 1955 146 Rosenberg … New York, Chicago [etc.] The Gregg publishing
359 611 277 49 company
673 628 11 32 [
690 600 17 20 c
712 598 135 49 1934
850 628 11 33 ]

301 663 102 49 xiii,
433 666 82 38 511
547 676 42 37 p.
650 666 177 47 diagrs.
887 667 55 38 22
945 669 44 21 cm
995 700 7 8 .

232 732 51 51 ©
317 737 125 38 June
474 736 68 46 30,
576 736 140 47 1934;
751 737 67 39 2c.
852 739 94 38 and
980 738 80 40 aff.
1097 739 113 47 July
1243 738 26 39 9
1288 749 7 35 ;
1332 738 42 38 A
1405 738 169 46 73360;
1613 737 156 49 Gregg
1801 740 107 47 pub.
1943 751 66 29 co.

312 792 277 47 (34-19858)

222 895 168 66 Ross,
420 897 155 52 John
605 896 193 66 Elliot,
832 901 169 49 1884-

294 972 140 55 Five
487 974 216 53 minute
756 993 263 34 sermons.
1094 975 182 52 Third
1329 975 183 53 series.
1589 978 89 65 By
1730 978 136 51 Rev.
1921 978 54 54 J.
2030 977 182 53 Elliot

225 1051 157 52 Ross.
461 1051 82 54 St.
576 1052 190 66 Louis,
798 1054 133 66 Mo.,
964 1054 111 51 and
1108 1054 255 66 London,
1397 1057 66 49 B.
1496 1055 224 51 Herder
1752 1054 147 52 book
1930 1072 95 49 co.,
2061 1058 148 50 1934.

295 1125 61 47 vi,
386 1125 84 39 162
498 1136 41 37 p.
597 1125 84 48 19£
685 1128 44 20 cm
734 1108 31 58 .'

230 1192 51 51 ©
309 1197 115 46 July
451 1196 39 46 3,
519 1196 138 47 1934;
688 1197 64 39 2c.
784 1198 114 46 July
926 1198 51 45 5;
1010 1197 79 40 aff.
1121 1199 112 45 July
1262 1199 49 45 7;
1343 1197 41 38 A
1411 1198 168 45 74145;
1613 1198 51 38 B.
1694 1198 188 39 Herder
1911 1199 122 38 book
2063 1208 66 32 co.

306 1252 278 49 (34-19683)

223 1358 232 62 Rosser,
489 1357 226 64 George
748 1357 219 64 Elijah.

299 1432 54 51 A
375 1451 120 35 new
518 1451 93 33 era
633 1434 59 51 in
715 1432 413 68 philosophical
1150 1432 293 68 theology;
1469 1452 59 32 as
1549 1438 80 48 set
1651 1433 159 52 forth
1832 1432 59 53 in
1914 1433 92 52 the
2028 1433 183 53 works

232 1509 1917 70 of Rev. Henry Clay Sheldon, d. d., by George E. Rosser …
230 1588 219 67 Macon,
481 1587 121 68 Ga.,
633 1589 121 51 The
781 1588 54 53 J.
867 1589 86 52 W.
988 1588 190 52 Burke
1208 1606 276 51 company
1559 1591 151 65 [c1934]

298 1658 82 40 xiv
409 1670 55 37 p.,
496 1661 24 37 1
587 1692 7 15 l.,
624 1660 87 40 479
738 1671 42 37 p.
838 1661 115 38 24cm.

296 1717 374 47 Bibliography:
706 1729 42 36 p.
787 1716 245 50 [473]-479.

227 1774 51 51 ©
316 1780 113 45 May
466 1778 67 47 25,
573 1778 138 45 1934;
750 1778 67 39 2c.
855 1779 126 38 June
1017 1778 80 45 30;
1140 1777 79 40 aff.
1260 1779 125 38 June
1422 1778 82 46 29;
1545 1778 41 38 A
1622 1778 169 47 74046;
1833 1779 51 40 G.
1925 1780 51 39 E.
2016 1780 190 47 Rosser,

297 1837 184 44 Macon,
509 1834 81 41 Ga.
663 1834 277 48 (34-19839)

219 1935 275 66 Sauvain,
527 1936 222 55 Walter
781 1939 272 62 Howard,
1088 1940 126 49 1901-

289 2016 56 52 A
384 2015 170 67 study
596 2015 63 52 of
699 2016 97 51 the
835 2015 262 67 opinions
1139 2015 61 52 of
1242 2016 214 53 certain
1498 2015 378 67 professional
1917 2017 111 51 and
218 2035 1963 124 nonprofessional

631 2110 212 50 groups
876 2092 309 68 regarding
1218 2093 411 67 homogeneous
1663 2113 62 33 or
1762 2092 202 69 ability
218 2113 1962 126 grouping,

370 2170 1588 68 by Walter Howard Sauvain … New York city,
217 2173 1964 129 Teachers
333 2248 226 68 college,
590 2248 299 56 Columbia
917 2247 332 68 university,
1282 2252 148 48 1934.

293 2322 99 47 viii,
436 2323 83 39 151
559 2332 43 37 p.
673 2322 54 39 23½
761 2324 42 20 cm
810 2353 6 8 .
899 2322 261 47 (Teachers
1202 2322 190 47 college,
1438 2322 249 40 Columbia
1732 2322 281 48 university.
221 2324 1967 95 Contributions
511 2381 48 38 to
583 2377 270 48 education,
881 2389 74 29 no.
984 2377 108 48 596)

291 2437 170 39 Issued
488 2437 102 38 also
619 2446 53 28 as
703 2434 150 41 thesis
892 2434 105 47 (ph.
1027 2434 65 46 d.)
1131 2433 248 41 Columbia
1409 2434 282 48 university.

293 2493 234 39 “General
553 2490 363 49 bibliography”
937 2502 7 27 :
976 2502 40 36 p.
1047 2491 212 39 121-126.

223 2546 51 51 ©
309 2550 113 47 Apr.
456 2550 39 46 3,
532 2548 138 47 1934;
707 2549 65 39 2c.
810 2549 126 38 June
969 2548 81 46 21;
1089 2548 80 39 aff.
1205 2548 126 39 June
1365 2548 82 45 20;
1485 2548 41 38 A
1559 2547 169 46 72890;
1767 2548 70 39 W.
1875 2548 58 38 H.
1975 2546 226 48 Sauvain,

290 2607 235 45 Belmont,
554 2607 143 38 Mass.
770 2604 277 48 (34-19684)

214 2709 122 52 The
366 2707 283 56 Seefurth
679 2707 241 64 service,
950 2707 110 54 inc.

289 2784 478 69 Supplementary
818 2785 250 64 volume;
1122 2783 113 53 this
1285 2786 225 50 volume
1558 2784 272 65 contains,
1879 2785 60 51 in
213 2786 1963 129 consolidated

464 2864 111 51 and
627 2862 220 67 readily
902 2860 291 53 accessible
1247 2861 168 67 form,
1469 2862 94 51 the
1619 2862 291 66 decisions,
1965 2862 235 67 rulings,

216 2942 386 52 amendments
655 2941 110 51 and
818 2940 242 66 changes
1111 2939 59 52 in
1220 2940 122 51 The
1395 2939 269 56 Seefurth
1716 2940 209 52 service
213 2940 1963 132 supplements

443 3020 110 52 and
599 3022 165 49 letter
809 3016 208 53 service
1063 3016 151 53 from
1259 3016 94 52 the
1399 3017 353 67 publication
1797 3016 64 53 of
1906 3035 101 33 our
2051 3017 147 52 loose

213 3097 118 51 leaf
361 3096 279 68 portfolio
671 3096 110 52 and
812 3095 189 52 bound
1033 3094 281 53 reference
1346 3097 223 49 volume
1597 3096 60 51 in
1687 3095 332 66 November,
2049 3098 150 62 1930,

212 3177 63 50 to
311 3175 246 66 August,
599 3176 147 49 1934.
824 3172 267 67 Chicago,
1130 3172 111 66 Ill.,
1282 3173 119 51 The
1444 3172 270 55 Seefurth
1753 3172 226 67 service,
212 3173 1962 146 incorporated,

495 3260 19 21 c
520 3255 147 48 1934.

287 3327 24 37 1
339 3337 41 36 p.
444 3356 7 16 l.,
479 3303 87 61 Ill
590 3335 42 37 p.
687 3324 55 38 24½
775 3326 42 20 cm
824 3355 6 7 .

220 3378 49 51 ©
300 3383 114 46 July
441 3382 67 46 16,
538 3381 139 46 1934;
709 3381 66 39 2c.
803 3380 94 39 and
927 3378 81 40 aff.
1037 3378 116 47 July
1179 3377 81 46 19;
1293 3378 41 38 A
1362 3379 168 45 74275;
1567 3378 227 40 Seefurth
1824 3377 194 47 service,
2050 3379 88 39 inc.

213 3484 220 64 Sewell,
471 3485 190 63 Anna,
701 3479 323 58 1820-1878.

284 3563 182 52 Black
492 3564 238 64 Beauty,
757 3561 75 66 by
859 3560 170 51 Anna
1058 3557 226 66 Sewell;
1316 3555 188 54 edited
1530 3555 76 67 by
1630 3554 210 53 Althea
1866 3554 63 51 L.
1961 3551 231 55 Clinton

239 3639 191 66 [pseud.]
485 3639 377 52 illustrations
887 3638 75 64 by
987 3636 156 52 Park
1169 3635 254 54 Sumner.
1499 3633 217 63 Akron,
1743 3631 84 63 O.,
1852 3631 137 51 New
2015 3626 178 57 York,

215 3716 119 52 The
365 3716 269 55 Saalfield
660 3715 332 67 publishing
1018 3730 276 49 company
1505 3745 12 32 [c1934]

292 3788 98 48 [152]
433 3800 41 36 p.
532 3789 161 42 front.,
722 3788 126 38 illus.
904 3787 52 39 13½
989 3788 42 21 cm
1039 3818 6 6 .

217 3843 53 52 ©
301 3848 125 39 June
455 3847 67 45 26,
553 3846 139 45 1934;
727 3846 64 38 2c.
824 3845 114 46 July
968 3845 80 44 11;
1084 3841 77 40 aff.
1196 3842 113 45 July
1341 3841 80 40 10;
1455 3841 41 38 A
1525 3840 168 44 73475;
1731 3836 227 42 Saalfield
1987 3834 108 48 pub.
2127 3843 67 29 co.

286 3903 278 49 [Copyright
594 3903 40 38 is
663 3901 202 41 claimed
894 3911 60 30 on
983 3897 340 45 illustrations]
1395 3895 277 46 (34-20031)
