2350 4196
1187 4017 62 47 98

298 454 160 39 “First
492 454 225 39 edition.”

234 526 47 50 ©
311 530 109 39 Feb.
449 530 39 37 1.
518 528 113 40 1934;
689 530 65 37 2c.
786 529 106 38 Feb.
924 530 24 36 1:
1008 529 79 44 aff.
1119 529 108 39 Feb.
1258 530 24 38 3:
1342 531 42 36 A
1412 528 142 40 70106:
1613 530 193 45 Harper
1836 529 35 39 &
1900 529 122 39 bros.

308 585 248 49 (34-2243)

227 685 243 65 Barnes,
499 688 201 63 Harry
727 687 215 65 Elmer,
974 691 169 49 1889-

295 761 210 70 Money
537 762 273 69 changers
844 782 79 34 vs.
958 764 94 53 the
1085 781 121 35 new
1240 765 154 66 deal;
1430 783 32 33 a
1497 763 206 54 candid
1739 762 249 70 analysis
2024 761 64 55 of
2121 762 97 53 the

228 839 260 53 inflation
530 847 380 62 controversy,
951 842 74 69 by
1065 842 198 68 Harry
1306 841 195 52 Elmer
1543 843 234 51 Barnes.
1856 841 137 52 New
2038 839 179 68 York,

227 917 66 53 R.
323 918 163 68 Long
512 918 43 49 &
582 918 68 53 R.
678 918 68 53 R.
777 917 206 70 Smith,
1011 919 125 69 inc.,
1166 922 148 50 1934.

296 992 28 36 4
350 1001 42 37 p.
442 1024 6 7 l.,
493 990 83 40 150
604 1001 42 37 p.
707 992 161 44 front.,
898 992 178 47 diagrs.
1136 990 114 42 20cm.

300 1047 372 46 “Introductory
702 1049 201 46 reading
935 1059 59 29 on
1025 1047 249 41 inflation”:
1335 1057 41 38 p.
1410 1046 215 41 149-150.

233 1101 47 51 ©
313 1107 107 37 Jan.
450 1106 68 39 29.
549 1105 139 40 1934;
721 1107 64 38 2c.
818 1108 96 37 and
943 1107 80 38 aff.
1056 1107 107 38 Feb.
1195 1107 51 38 2:
1280 1108 40 36 A
1350 1106 168 39 69275:
1553 1107 106 45 Ray
1688 1106 135 46 Long
1852 1106 35 38 &
1917 1105 213 40 Richard
2162 1105 54 38 R.

301 1163 167 39 Smith,
502 1164 89 37 inc.
662 1162 247 47 (34-2128)

236 1265 183 64 Beals,
453 1264 291 66 Carleton,
780 1269 169 50 1893-

231 1340 1988 147 The crime of Cuba [by] Carleton Beals … 31 aquatone illustrations from photographs by Walker Evans. Philadelphia
228 1496 44 49 &
299 1497 257 53 London.
585 1497 54 53 J.
671 1498 64 50 B.
765 1497 336 67 Lippincott
1131 1514 278 50 company
1460 1499 174 63 [c1934]

295 1571 99 46 467,
425 1572 55 48 [1]
511 1582 56 37 p.,
597 1573 24 37 1
670 1602 7 7 l.
734 1572 54 39 31
818 1582 61 37 pl.
936 1572 145 40 22½cm.

298 1627 304 49 Descriptive
630 1629 281 46 letterpress
942 1638 59 29 on
1029 1637 162 30 versos
1220 1627 166 48 facing
1414 1628 80 39 the
1523 1629 170 46 plates.

300 1684 214 40 “Fourth
544 1684 228 48 printing,
803 1685 119 39 with
953 1695 27 28 a
1012 1695 104 28 new
1147 1685 198 46 chapter
1379 1682 306 42 ‘Aftermath’
1718 1694 107 29 now
1856 1681 198 41 added.”

298 1741 246 40 “Selected
573 1740 363 48 bibliography”:
997 1752 41 36 p.
1068 1740 216 41 409-415.

236 1794 47 51 ©
310 1799 107 38 Jan.
443 1798 67 39 23.
537 1798 139 39 1934;
704 1798 66 39 2c.
797 1799 94 37 and
918 1797 78 39 aff.
1026 1798 107 38 Jan.
1160 1797 54 38 27:
1269 1798 40 37 A
1336 1797 140 39 70143:
1535 1796 47 40 C.
1611 1797 157 38 Beals.
1797 1796 248 46 Berkeley.
2075 1794 143 41 Calif.

304 1851 68 52 [©
402 1864 102 29 new
534 1858 192 44 matter]
799 1854 248 47 (34-2190)

231 1958 207 65 Beard,
470 1957 243 55 Charles
741 1957 238 64 Austin,
1013 1958 167 53 1874-

300 2035 122 51 The
452 2034 281 52 economic
764 2034 149 53 basis
948 2033 63 53 of
1042 2033 244 69 politics,
1318 2033 75 69 by
1429 2033 234 54 Charles
1698 2033 70 52 A.
1805 2034 205 52 Beard.
2083 2033 138 52 New

236 2112 172 53 York.
436 2113 69 51 A.
537 2112 70 51 A.
638 2110 224 69 Knopf,
893 2115 150 49 1934.

298 2184 955 49 3 p . l ., Vi p., 3 l., 9-99. [1] p. 19½cm.
304 2239 1916 49 “Published April 7, 1922 … New edition, with a new preface by the
230 2298 190 47 author,
449 2298 261 46 February,
740 2297 156 41 1934.”

298 2353 130 40 Four
456 2354 204 39 lectures
691 2354 141 46 given
861 2359 50 34 at
939 2355 228 38 Amherst
1193 2353 176 47 college
1401 2353 49 39 in
1480 2352 128 49 1916,
1639 2363 59 29 on
1729 2353 80 40 the
1842 2351 146 42 Clark
233 2352 1969 96 foundation;

392 2411 80 39 the
500 2410 169 39 fourth
699 2410 179 39 lecture
908 2411 88 39 has
1026 2410 117 40 been
1175 2409 201 40 revised,
1440 2410 61 46 cf.
1530 2409 259 47 Prefatory
1819 2411 125 39 note.

575 2466 161 40 CONTENTS.—The
765 2466 241 40 doctrines
1037 2467 50 38 of
1115 2467 81 39 the
1223 2465 668 48 philosophers.—Economic
1918 2474 177 40 groups
2126 2464 95 41 and

233 2521 78 39 the
337 2525 244 37 structure
612 2523 49 39 of
689 2524 80 38 the
796 2523 305 39 state.—The
1128 2523 214 39 doctrine
1372 2523 51 39 of
1450 2522 218 47 political
1697 2521 389 48 equality.—The
235 2530 1970 88 contradiction
525 2581 94 37 and
650 2579 80 39 the
760 2581 229 38 outcome.

236 2633 49 51 ©
317 2638 107 38 Feb.
457 2639 37 38 5.
525 2636 112 39 1934;
697 2638 64 38 2c.
795 2637 108 40 Feb.
937 2639 23 37 7:
1021 2637 46 39 aff
1133 2638 109 38 Feb.
1274 2636 24 37 9:
1359 2639 39 36 A
1430 2636 142 40 69366:
1632 2637 170 39 Alfred
1834 2638 52 39 A.
1918 2636 178 47 Knopf,
2130 2637 90 38 inc.

306 2690 68 52 [©
406 2704 102 30 new
540 2697 192 44 matter]
805 2694 277 46 (34-27031)

236 2797 137 63 Bell,
400 2797 239 55 Robert.

303 2873 71 52 In
417 2875 202 51 realms
664 2874 285 53 unknown;
1025 2894 30 33 a
1097 2880 156 62 story
1297 2876 63 52 of
1401 2876 327 65 adventure,
1771 2875 293 52 invention
2111 2873 104 52 and

233 2970 275 48 romance,
543 2952 73 62 by
649 2952 213 53 Robert
900 2953 142 51 Bell.
1117 2954 245 53 Detroit.
1398 2956 126 50 Bell
1559 2953 333 69 publishing
1928 2970 293 50 company,

232 3033 150 49 1934.

301 3101 643 50 4 p. l., 11-265 p. 20½cm.
304 3160 311 48 Advertising
635 3162 178 39 matter:
875 3172 41 36 p.
939 3160 214 41 256-265.

238 3215 47 51 ©
315 3220 105 38 Jan.
451 3219 67 37 25.
547 3218 137 39 1934;
716 3218 65 38 2c.
812 3220 93 37 and
935 3219 78 37 aff.
1044 3219 108 39 Feb.
1182 3220 49 38 5:
1264 3220 40 37 A
1332 3219 167 40 69295:
1532 3221 56 39 R.
1617 3221 119 39 Bell.
1766 3220 205 40 Detroit.

310 3275 248 41 (34-2142)

232 3378 247 64 Bergen,
512 3379 152 52 John
693 3377 357 65 Tallmadge,
1086 3382 169 49 1860-

304 3455 1915 71 From the Word to the world, no. 2. 3 … by John Tallmadge
234 3533 239 67 Bergen.
552 3532 416 68 [Minneapolis.
1006 3534 239 52 Printed
1282 3535 73 66 by
1392 3537 91 51 the
1521 3538 293 51 Lutheran
1852 3536 119 51 free
2008 3535 208 54 church

232 3610 132 67 pub.
394 3629 77 35 co.,
519 3613 173 62 c1933]

302 3684 25 37 2
356 3693 40 29 V.
427 3684 49 37 in
536 3716 6 6 l.
602 3684 112 38 21cm.

300 3737 158 47 Paged
489 3738 349 47 continuously.

300 3792 98 41 The
428 3794 176 38 author
632 3793 253 47 published
916 3805 25 28 a
972 3795 121 40 book
1122 3796 49 39 in
1197 3795 114 41 1927
1338 3796 202 41 entitled
1572 3797 172 39 “From
1773 3797 79 40 the
1882 3796 146 40 Word
2059 3797 48 39 to
2136 3794 83 42 the

233 3848 192 40 world”.
486 3850 99 38 The
617 3852 192 44 present
839 3850 297 46 publication
1171 3855 270 44 represents
1477 3855 93 37 Dvo
1604 3861 105 30 new
1742 3852 148 41 series
1923 3852 51 40 of
2007 3861 214 30 sermons

230 3903 259 49 originally
521 3905 253 47 published
808 3906 49 38 in
891 3906 319 48 Minneapolis
1247 3908 131 47 daily
1414 3910 117 38 star.
1592 3909 60 46 cf.
1688 3908 272 41 Foreword.
