2350 4196
0 0 0 0 116
216 404 330 64 Bradbury,
576 404 219 52 Robert
826 404 171 62 Hart,
1028 401 169 53 1870-

286 473 1918 74 A first book in chemistry, by Robert H. Bradbury … 3d ed.
218 562 138 50 New
378 560 179 66 York,
580 560 72 51 D.
673 558 576 68 Appleton-Century
1272 573 295 49 company,
1591 552 399 68 incorporated
2014 585 12 33 [
2031 558 17 20 c
2053 553 133 49 1934]

291 646 30 28 x
349 645 58 36 p..
435 634 25 38 1
508 664 23 15 l.,
560 632 82 40 633
669 644 43 36 p.
773 632 84 39 col.
887 632 162 46 front.,
1080 631 140 45 illus.,
1250 630 177 47 diagrs.
1489 628 55 38 21
1548 630 42 20 cm
1597 660 6 6 .

289 692 148 40 Table
460 702 60 29 on
540 690 335 48 lining-paper.

280 749 167 40 “Some
475 747 188 49 helpful
690 747 245 40 reference
963 746 200 40 books":
1199 756 41 36 p.
1269 743 215 41 620-621.

222 819 51 47 (c)
304 822 108 38 Jan.
441 820 69 40 29.
540 819 115 39 1934;
711 819 65 38 2c.
808 817 93 39 and
932 816 79 40 aff.
1042 817 110 38 Feb.
1180 817 25 37 1;
1265 816 41 37 A
1335 814 167 45 70099;
1536 815 55 37 D.
1623 813 473 48 Appleton-Century
2127 824 79 33 co.,

287 877 90 41 inc.
448 876 249 48 (34-2406)

245 993 367 64 [Bresnahan,
644 993 152 54 John
828 993 237 63 Ernest]
1102 994 168 49 1893-

225 1067 1986 151 What a stenographer should know, an essay by an employer … Boston. Mass., Eastern publishing company [c1933]
292 1222 636 48 2 p. l., xii, 60 p. 18½ cm .
228 1290 51 51 ©
315 1295 123 38 June
464 1294 40 39 9.
533 1293 112 39 1933;
706 1294 66 38 2c.
804 1293 110 38 Dec.
945 1292 55 39 28;
1061 1291 80 39 aff.
1175 1291 106 39 Jan.
1313 1290 67 46 26,
1413 1289 140 46 1934;
1588 1289 41 38 A
1660 1287 167 47 69196;
1864 1289 210 38 Eastern
2103 1286 109 48 pub.

293 1361 66 29 co.
430 1350 248 47 (34-2267)

228 1464 280 67 Brittain,
539 1468 98 52 Sir
666 1468 198 61 Harry
898 1468 233 61 Ernest,
1166 1464 168 53 1873-

300 1540 1918 71 By air, by Sir Harry Brittain … with an introduction by
231 1620 1991 69 the Most Hon. the Marquess of Londonderry … & with 88
232 1701 391 52 illustrations.
699 1700 257 66 London,
989 1699 363 53 Hutchinson
1387 1701 45 50 &
1467 1717 96 48 co.,
1598 1699 102 51 ltd.
1743 1701 170 63 [1933]

299 1770 1838 51 3 p. l., v-xiv, 15-294 p front., plates, ports., maps, facsims. 22 cm .
235 1841 1967 107 © 1c. Jan. 20. 1934; A ad int. 18626; pubd. Nov. 24, 1933; Harry Brittain, London. (34-2393)
235 2020 231 63 Brown,
500 2020 133 53 Carl
663 2018 223 65 Kelley,
919 2018 171 52 1879-

303 2096 121 51 The
450 2096 134 66 holy
612 2096 198 52 Koran
838 2095 63 51 of
927 2096 93 52 the
1046 2094 588 53 Moorish-American
1661 2096 189 52 school
1880 2097 111 51 and
2017 2095 206 67 temple

234 2173 63 52 of
324 2173 268 68 religious
619 2172 255 67 sciences,
903 2172 253 52 founded
1182 2173 149 52 June
1360 2171 80 68 17,
1471 2175 161 63 1932;
1665 2172 253 69 divinely
1945 2173 279 67 prepared

233 2249 1986 70 by the noble prophet, C. K. Brown bey … [St. Louis, c 1934]
307 2325 281 46 cover-title,
620 2324 53 39 62
703 2335 43 36 p.
806 2334 76 36 pl.,
913 2327 147 44 ports.
1121 2323 54 39 23
1178 2325 43 20 cm
1228 2356 7 7 .

243 2393 50 51 ©
325 2397 107 39 Jan.
465 2397 38 46 7,
534 2395 113 40 1934;
706 2396 66 39 2c.
804 2397 92 37 and
929 2395 79 39 aff.
1041 2396 106 38 Jan.
1179 2396 54 37 11;
1294 2396 41 37 A
1365 2395 142 39 68842;
1570 2395 47 40 C.
1650 2396 57 39 K.
1741 2395 190 39 Brown.
1967 2396 67 40 St.
2067 2395 159 40 Louis.

318 2453 248 47 (34-2355)

242 2567 322 65 Chalmers,
595 2566 240 54 Patrick
865 2567 303 65 Reginald,
1201 2570 170 51 1872-

309 2646 265 51 Kenneth
618 2644 312 67 Grahame;
974 2644 120 68 life,
1135 2647 190 52 letters
1368 2648 112 50 and
1520 2647 381 67 unpublished
1942 2646 173 68 work,
2155 2648 76 66 by

243 2722 1987 69 Patrick R. Chalmers … with 15 illustrations, 2 facsimile letters
242 2802 112 51 and
392 2820 31 33 a
461 2801 281 66 pedigree.
816 2800 256 67 London,
1109 2800 270 52 Methuen
1416 2804 46 49 &
1497 2820 97 49 co.,
1632 2802 101 52 ltd.
1779 2805 170 63 [1933]

311 2874 116 48 xvii,
458 2875 97 46 321,
592 2874 52 48 [1]
678 2884 42 36 p.
780 2873 162 47 front.,
975 2873 127 40 illus.
1131 2872 130 47 (incl.
1295 2873 239 48 facsims.)
1575 2877 162 46 ports.,
1770 2876 102 40 fold.
1919 2875 182 47 geneal.
2135 2876 95 39 tab.

241 2932 55 40 23
300 2934 44 21 cm
348 2963 9 9 .

248 3000 1983 50 © 1c. Jan. 2, 1934; A ad int. 18610; pubd. Nov. 2, 1933; P. R. Chalmers,
312 3060 269 39 Eskmount,
626 3058 499 47 Goring-on-Thames.
1160 3058 146 46 Oxon,
1339 3060 231 46 England.
1648 3060 247 47 (34-2596)

250 3176 258 64 Chariot,
540 3178 165 61 Jean,
738 3179 170 49 1898-

319 3251 228 54 Picture
578 3253 173 66 book;
788 3258 65 47 32
886 3253 246 68 original
1165 3253 359 68 lithographs
1558 3256 75 65 by
1667 3257 144 52 Jean
1848 3256 264 64 Chariot;
249 3254 1960 143 inscriptions
585 3331 74 65 by
695 3332 145 51 Paul
878 3332 265 65 Claudel;
1183 3332 314 52 translated
1533 3333 121 51 into
1689 3333 243 66 English
1967 3332 75 66 by
2079 3331 154 52 Elise

250 3407 285 53 Cavanna.
612 3408 137 51 New
778 3409 177 65 York,
984 3410 52 53 J.
1067 3408 231 66 Becker,
1329 3413 149 48 1933.

327 3479 84 49 [74]
441 3489 42 36 p.
544 3480 54 38 32
627 3481 85 38 col.
741 3491 60 36 pl.
863 3482 25 37 28
921 3482 43 22 cm
970 3514 6 5 .

326 3535 1911 49 “Drawn directly on the plates by Jean Chariot … Format designed
255 3590 59 47 by
349 3591 150 40 Merle
533 3592 261 47 Armitage.
855 3593 130 47 Type
1019 3594 222 38 hand-set
1278 3594 60 45 by
1376 3593 189 46 Lynton
1602 3595 53 40 R.
1692 3595 198 39 Kistler.
1952 3595 195 38 Printed
2189 3597 49 36 at

257 3647 1980 49 the plant of the Will A. Kistler company … Limited to 500 numbered
256 3702 1935 53 copies signed by Jean Chariot, Lynton R. Kistler and Merle Armitage …
257 3758 83 40 No.
368 3758 127 41 213.”

326 3813 185 41 French
540 3818 93 38 and
663 3817 213 48 English.

253 3880 51 51 ©
338 3885 109 39 Dec.
482 3886 66 39 20.
584 3887 112 40 1933;
760 3888 65 40 2c.
861 3888 107 40 Jan.
1003 3888 69 42 30.
1107 3888 113 39 1934;
1285 3888 81 44 aff,
1437 3899 74 33 Jan.
1546 3888 81 48 29;
1665 3891 41 38 A
1739 3891 168 46 70068;
1947 3892 41 38 J.
2025 3891 213 47 Chariot,

360 3952 50 28 Los
442 3942 215 46 Angeles.
730 3944 248 49 (34-2310)
