2350 4196
1068 4011 133 53 1847

149 364 302 65 Eismann,
480 364 164 57 Paul.

229 439 115 52 Das
384 439 215 55 U-boot
640 440 97 52 der
780 440 114 52 luft;
969 458 194 35 roman
1206 457 107 35 von
1360 438 143 55 Paul
1548 436 291 56 Eismann.
1916 438 229 54 Wilkau

166 515 303 69 (Sachsen)
504 518 63 51 P.
598 517 277 52 Eismann

224 585 67 47 50,
325 587 54 48 [2]
409 597 42 37 p.
513 587 144 41 18½cm.

153 638 1994 64 © Apr. 11. 1934; 1c. June 14; A-Foreign 24909; P. Eismann, Wilkau,
223 704 224 47 Sachsen,
482 703 253 50 Germany.
809 704 249 51 (35-1972)

149 780 119 53 The
309 780 406 63 encyclopedic
755 782 185 66 digest
978 781 62 52 of
1081 781 308 53 Tennessee
1430 786 237 61 reports.
1746 784 133 50 1933
219 783 1904 126 supplement.

467 858 184 68 Being
682 879 30 33 a
747 861 275 66 complete
1051 859 402 67 encyclopedia
1484 861 112 50 and
1629 858 187 69 digest
1847 860 62 51 of
1943 861 75 50 all
2052 860 94 51 the

221 937 308 52 Tennessee
567 957 124 34 case
726 940 108 50 law
872 937 152 52 from
1061 940 251 50 volumes
1351 940 97 53 157
1485 943 57 47 to
1583 940 97 49 165
1717 939 310 52 Tennessee
220 957 1902 124 reports,

426 1016 112 51 and
568 1016 251 54 volumes
848 1017 31 52 7
907 1022 58 48 to
997 1020 62 47 15
1086 1017 312 53 Tennessee
1425 1017 233 65 appeals
1687 1021 240 62 reports,
1957 1017 77 50 all
217 1016 1906 129 inclusive.

536 1095 196 53 Under
785 1096 94 51 the
933 1093 265 54 editorial
1249 1093 357 68 supervision
1659 1094 63 52 of
1774 1096 69 50 A.
1898 1095 249 51 Hewson

219 1171 229 66 Michie,
481 1172 234 53 assisted
747 1173 75 66 by
854 1171 206 54 Beirne
1097 1173 271 53 Stedman
1403 1174 110 50 and
1546 1171 327 54 Armistead
1910 1173 236 53 Yellott.

217 1247 479 70 Charlottesville,
724 1253 125 64 Va.,
877 1251 119 53 The
1025 1250 210 53 Michie
1264 1268 297 50 company,
1592 1253 147 51 1934.

221 1324 80 46 vii,
333 1324 84 39 807
448 1335 40 36 p,
550 1324 142 40 24½cm.

153 1376 51 53 ©
231 1381 107 40 Jan.
369 1380 69 42 22.
468 1379 141 49 1934;
640 1382 65 39 2c.
735 1383 96 38 and
861 1381 80 40 aff.
972 1381 107 40 Jan.
1111 1379 81 47 25;
1223 1381 40 37 A
1292 1377 143 43 68979;
1494 1380 181 39 Michie
1701 1391 64 28 co.

148 1455 245 54 Federal
420 1457 200 67 digest.
691 1460 131 50 1933
854 1457 227 64 annual,
1111 1453 266 68 covering
1406 1455 249 51 volumes
1688 1455 170 52 61-66
1888 1455 259 65 Federal,

220 1533 218 56 Second
466 1535 186 67 series,
682 1538 115 63 1-4,
823 1534 240 53 Federal
1092 1533 358 67 supplement
1480 1535 63 48 53
1575 1531 273 68 Supreme
1877 1538 158 46 court
219 1551 1902 130 reporter
441 1615 111 50 and

583 1609 1563 71 cases reported in United States reports … With
218 1687 1929 71 tables of statutes construed and cases digested … By the
220 1770 338 68 publisher’s
605 1769 266 53 editorial
916 1765 149 57 staff.
1150 1767 81 55 St.
1278 1769 165 64 Paul,
1484 1770 161 52 West
1689 1765 336 69 publishing
2067 1786 77 34 co.

222 1883 12 34 [
240 1855 17 22 c
263 1852 136 50 1934
402 1882 12 34 ]

219 1924 115 40 1074
361 1935 40 36 p.
461 1922 143 40 26½cm.

152 1977 51 53 ©
235 1983 119 37 Mar.
388 1981 67 46 14,
486 1978 114 42 1934;
659 1980 63 39 2c.
755 1980 111 46 Apr.
899 1976 82 45 20;
1014 1977 80 39 aff.
1127 1977 109 47 Apr.
1269 1976 82 45 25;
1386 1976 39 38 A
1456 1975 169 40 72175:
1660 1975 136 40 West
1827 1975 108 47 pub.
1968 1983 67 30 co.

152 2100 235 66 Feuille,
416 2100 203 55 Henri.

280 2169 1866 73 … Face aux Turcs; Gallipoli, 1915; avec 33 photographies
152 2258 131 53 hors
307 2262 150 47 texte
485 2263 53 45 et
567 2261 26 48 1
623 2260 165 46 carte.
865 2252 183 55 Paris.
1076 2254 201 64 Payot.
1310 2255 148 49 1934.

222 2320 1925 58 3 p. l., [9]-216, [2] p. illus. (map) plates, ports. 23cm. (Colledion de
153 2387 267 48 mémoires,
450 2385 169 41 études
644 2387 46 37 et
717 2383 280 40 documents
1025 2391 119 38 pour
1170 2381 153 39 servir
1350 2380 23 40 à
1402 2379 237 39 l'histoire
1666 2379 57 38 de
1750 2378 41 38 la
1822 2388 172 34 guerre
153 2387 1974 104 mondiale)

152 2495 1545 57 © Sept. 18, 1934; 1c. Dec. 15: A·— Foreign 26436; Payot.
229 2559 251 49 (35-2084)

149 2635 256 65 Fidelity
434 2637 159 51 trust
621 2650 101 47 co.,
750 2629 359 67 Pittsburgh.

217 2713 312 67 Pleadings
568 2712 112 52 and
718 2707 396 68 adjudication
1150 2709 57 51 in
1246 2707 95 51 the
1381 2707 178 54 Court
1597 2704 64 52 of
1697 2720 255 36 common
1990 2702 156 66 pleas

138 2793 63 53 of
221 2792 328 67 Alleghany
572 2792 226 63 county,
822 2784 440 69 Pennsylvania,
1285 2783 204 68 sitting
1510 2785 59 51 in
1595 2780 207 69 equity,
1880 2800 89 32 no.
1997 2781 147 51 1888.

146 2870 265 68 January
440 2876 163 51 term,
637 2869 149 51 1932.
852 2864 257 65 Fidelity
1137 2868 150 47 trust
1318 2878 280 52 company
1631 2858 433 54 administrator
2094 2875 52 35 v.

150 2951 119 53 The
294 2951 177 51 union
495 2948 256 52 national
775 2944 152 52 bank
951 2942 63 53 of
1038 2941 341 67 Pittsburgh
1404 2946 54 46 et
1483 2940 69 51 al.
1615 2940 89 64 By
1729 2936 326 54 Alexander
2081 2936 63 51 P.

150 3029 154 53 Reed
336 3029 113 51 and
479 3027 152 53 Hon.
664 3025 193 54 James
886 3024 75 51 H.
996 3022 174 65 Gray.
1238 3018 361 67 Pittsburgh,
1629 3020 120 62 Pa.,
1781 3014 188 55 Smith
1999 3013 145 52 bros.

148 3126 96 49 co.,
274 3108 123 64 inc.,
427 3107 148 53 1933.

220 3182 23 38 l
273 3192 40 28 v.

153 3220 1911 62 © May 11. 1933; 2c. and aff. May 13: A 02741: Smith bros. co., inc.
149 3370 244 65 Finney,
424 3369 202 61 Harry
653 3365 222 63 Anson,
908 3367 170 49 1886-

222 3431 1922 82 Principles of accounting, by H. A. Finney … Volume I.
150 3526 426 54 Intermediate.
638 3523 138 50 New
802 3520 179 65 York,
1006 3514 449 67 Prentice-Hall,
1481 3514 125 63 inc.,
1632 3511 148 52 1934.

221 3587 1200 60 xii p., 1 l., 765 p. forms (part fold.) 23½cm.
156 3636 1935 65 © Sept. 8. 1934; 2c. Oct. 10: aff. Oct, 8; A 75723; Prentice-Hall, inc.
152 3788 140 54 Five
320 3785 261 54 hundred
606 3787 193 50 toasts,
826 3779 270 68 gathered
1125 3777 152 51 from
1303 3775 95 52 the
1425 3772 184 53 works
1636 3770 63 54 of
1724 3770 96 53 the
1848 3772 162 63 great
2035 3765 111 53 and

220 3867 94 51 the
344 3883 136 33 near
511 3864 176 65 great.
755 3860 232 63 Boston,
1017 3858 188 64 Mass.,
1233 3852 242 54 Federal
1505 3848 334 70 publishing
1869 3861 278 50 company

273 3946 146 61 [c1934]
