2350 4296
1090 4005 99 47 481

166 359 300 64 Andrews,
496 362 137 52 Mrs.
660 360 305 61 Margaret
994 358 322 53 Lockwood.

232 434 119 52 The
405 436 274 65 complete
732 435 147 52 book
932 433 64 53 of
1047 432 232 68 parties,
1333 432 299 70 including
1687 433 303 54 children’s
2045 436 111 52 and

163 511 205 54 adults’
407 512 213 67 parties
661 511 94 54 for
794 530 168 50 every
998 511 198 52 month
1236 511 60 52 in
1337 512 95 51 the
1473 528 153 52 year,
1667 510 211 54 formal
1919 513 111 52 and

163 512 1971 130 informal
424 590 248 67 dinners,
723 590 305 52 luncheons
1079 589 109 52 and
1242 593 136 63 teas,
1428 588 201 69 bridge
1683 590 232 67 parties,
1967 590 189 53 bridal

161 668 261 67 showers,
482 668 210 52 church
753 667 277 67 festivals,
1092 671 118 62 etc.,
1271 666 138 52 with
1474 665 247 70 original
1785 667 373 69 decorations,

160 763 194 35 menus
383 747 112 51 and
524 764 209 50 games,
760 746 34 52 by
861 745 296 68 Margaret
1186 743 320 54 Lockwood
1537 743 296 55 Andrews.
1901 746 137 54 Rev.
2070 747 85 55 ed.

160 822 1991 70 New York and London, Funk & Wagnalls company [ c 1934]
232 896 101 49 xiii,
368 896 82 41 343
484 906 43 37 p.
589 896 162 46 front.,
787 896 142 47 illus.,
961 896 170 47 plates.
1192 892 55 42 20
1251 895 44 22 cm
1300 925 9 9 .

233 952 211 40 “Second
475 953 196 47 edition,
703 952 183 45 March,
917 951 157 41 1934.”

163 1020 1992 52 ©' Mar. 27, 1934; 2 c., and aff. Apr. 23; A 72128; Funk & Wagnalls co.
236 1077 67 53 t©
329 1091 108 30 new
462 1083 194 47 matter]
730 1080 278 49 (34-10052)

158 1183 257 65 AuMre,
443 1186 170 53 Mme.
643 1184 164 64 Ingri
838 1178 402 71 (Mortenson)
1276 1184 73 62 d',
1424 1184 102 52 illus.

228 1260 118 52 The
375 1259 201 53 Lord’s
607 1278 224 51 prayer,
861 1259 260 68 pictured
1152 1259 74 67 by
1256 1259 167 68 Ingri
1453 1261 50 50 &
1536 1259 200 68 Edgar
1766 1260 180 52 Parin
157 1259 1974 131 d’Aulaire.

376 1337 232 54 Garden
634 1336 152 70 City,
812 1338 68 53 N.
909 1338 90 66 Y.,
1023 1336 355 68 Doubleday,
1404 1337 199 52 Doran
1628 1339 50 50 &
1707 1354 297 53 company,
2029 1339 126 57 inc.,

159 1418 148 50 1934.

234 1487 83 51 [32]
350 1500 43 37 p.
458 1489 127 39 illus.
615 1489 134 48 (part
782 1489 110 47 col.)
961 1487 54 42 32
1021 1490 43 21 cm
1068 1520 8 8 .

229 1545 287 41 Illustrated
547 1545 348 48 lining-papers
927 1545 49 39 in
1009 1545 167 41 colors.

229 1600 431 50 “Lithographed.”

231 1657 145 41 “This
406 1659 42 39 is
478 1659 83 39 the
593 1658 283 41 Protestant
908 1656 585 43 edition.”—Publisher’s
1527 1660 395 40 announcement.

228 1713 160 42 “First
418 1715 225 40 edition.”

160 1783 1992 52 © Mar. 21, 1934; 1c. and aff. Mar. 27; 1c. Apr. 23; A 70840; Doubleday,
225 1845 166 39 Doran
418 1844 36 40 &
480 1853 82 39 co.,
590 1844 90 40 inc.
751 1843 278 48 (34-10001)

154 1948 209 63 Barke,
391 1948 221 55 James.

225 2022 1924 69 The wild MacRaes, by James Barke. London, Collins, 1934.
226 2094 477 49 252 p., 1 l 19 cm .
158 2166 1993 51 © 1c. Apr. 16, 1934; A ad int. 18850; pubd. Feb. 19; James William
228 2228 175 44 Barke,
434 2227 235 45 Glasgow,
703 2226 241 40 Scotland.
1016 2225 277 47 (34-10271)

150 2331 211 55 Beach,
395 2332 221 52 Walter
648 2332 375 64 Greenwood,
1055 2334 168 51 1868-

221 2407 1871 70 American social problems, by Walter Greenwood Beach …
152 2487 2002 70 and Edward Everett Walker … Stanford University, Calif.,
154 2565 282 56 Stanford
471 2566 320 68 university
824 2584 185 49 press;
1048 2566 258 68 London,
1341 2567 77 52 H.
1454 2566 269 68 Milford,
1761 2567 230 55 Oxford
150 2568 1979 143 university

392 2663 159 49 press
582 2677 13 34 [
600 2651 18 22 c
622 2646 136 51 1934]

220 2718 62 48 ix,
313 2718 72 50 [1],
412 2717 83 41 391
524 2728 43 37 p.
627 2716 55 41 20
684 2719 45 21 cm
734 2749 8 8 .

222 2773 326 49 “Interesting
569 2774 176 40 books”
775 2776 52 38 at
853 2776 92 39 end
973 2774 51 41 of
1049 2775 119 43 each
1194 2775 214 48 chapter.

155 2841 51 52 ©
239 2846 112 48 Apr.
385 2845 39 47 5,
457 2844 140 46 1934;
633 2845 67 39 2c.
733 2844 112 47 Apr.
879 2845 81 45 17;
996 2844 80 40 aff.
1111 2846 110 47 Apr.
1256 2846 82 46 14;
1374 2845 43 39 A
1448 2846 171 47 72086;
1656 2847 163 40 Board
1854 2848 51 40 of
1938 2848 212 40 trustees

223 2903 50 39 of
306 2904 82 38 the
420 2903 183 39 Leland
640 2901 233 39 Stanford
907 2900 164 48 junior
1107 2901 141 47 univ.,
1287 2902 233 41 Stanford
1557 2903 295 49 University,
1889 2903 143 42 Calif.

231 2959 280 47 (34-10242)

148 3060 212 66 Boone,
389 3061 148 53 Jean
567 3058 292 66 Baptiste,
891 3057 323 58 179A-1871.

218 3137 217 52 Mirror
468 3135 65 54 of
566 3155 30 33 a
631 3142 124 46 true
792 3136 297 68 religious;
1127 3139 315 52 translated
1480 3137 154 54 from
1667 3139 94 52 the
1797 3138 251 56 German
2085 3138 65 55 of

149 3212 1975 148 Rev. P. Boone, S. J., by Sister Mary Eva … New York, Cincinnati [etc.] Benziger brothers, 1934.
217 3363 849 50 145 p. front, (port.) pl. 19 cm .
151 3435 50 51 ©
230 3440 120 38 Mar.
376 3438 69 47 29,
472 3437 139 44 1934;
642 3436 64 40 2c.
736 3437 95 38 and
858 3435 81 40 aff.
966 3436 113 48 Apr.
1106 3438 52 42 7;
1187 3438 40 38 A
1254 3438 170 45 71184;
1455 3439 234 49 Benziger
1718 3442 237 41 brothers.

228 3494 280 48 (34-10064)

144 3600 341 63 Buchanan,
516 3598 275 54 Andrew.

218 3676 91 51 He
344 3674 129 52 died
508 3672 187 69 again,
727 3670 74 69 by
836 3671 246 55 Andrew
1116 3673 329 55 Buchanan.
1512 3676 258 70 London,
1803 3676 70 55 A.
1911 3678 237 70 Barker,

145 3753 102 54 ltd.
308 3755 152 62 [1934]

216 3824 84 41 283
333 3835 44 37 p.
436 3823 59 40 19½cm.

152 3880 1995 59 © 1c. Apr. 16, 1934; A ad int. 18849; pubd. Feb. 19; A, Buchanan,
217 3943 211 39 London.
500 3938 278 49 (34-10272)
