2350 4196
1194 4020 96 49 148

223 470 193 53 board.
509 470 325 65 Princeton,
882 469 305 53 Princeton
1235 467 317 68 university
1601 485 183 49 press;
1835 466 257 66 London,
2139 466 77 52 H.

229 547 260 67 Milford,
522 546 229 55 Oxford
784 547 317 68 university
1132 565 154 49 press
1327 579 12 34 [
1344 552 18 21 c
1366 549 136 49 1934
1506 579 11 33 ]

298 619 572 50 2 p. l., ii, 43, 5 p. 22½cm.
298 677 153 40 “1933.
514 676 400 47 Comprehensive
948 676 341 42 examination.
1352 676 258 48 English":
1646 676 24 39 5
1704 686 41 36 p.
1780 678 51 36 at
1862 676 102 38 end.

235 730 1983 51 © Jan. 22. 1934; 2c. Jan. 31; aff. Feb. 14; A 69259: College entrance
304 790 329 40 examination
669 791 163 39 board.
870 791 115 38 New
1021 791 141 37 York.
1234 790 248 46 (34-26.12)

232 882 215 62 Coxon,
475 880 211 52 Muriel
717 880 212 65 (Mine)
997 882 136 51 "Mrs.
1162 881 217 62 Sidney
1407 880 252 54 Coxon.”

301 959 55 51 A
392 958 177 51 man’s
607 976 142 47 way,
788 958 74 65 by
900 958 209 51 Muriel
1147 959 168 50 Hine.
1392 958 137 51 New
1569 958 177 63 York,
1786 957 70 52 D.
233 957 1977 130 Appleton-Century

515 1052 294 49 company,
838 1035 412 65 incorporated,
1284 1039 146 49 1934.

306 1093 613 61 5 p. l., 3-376 p. 19½ cm .
307 1163 160 40 “First
496 1162 257 48 printing.”

237 1216 1983 51 © Feb. 16. 1934; 2c. and aff. Feb. 19; A 69493; D. Appleton-Century co.,
303 1277 88 39 inc.
464 1277 248 44 (34-2646)

233 1367 85 52 De
350 1368 297 63 Casseres,
677 1366 335 64 Benjamin,
1044 1366 170 53 1873-

301 1443 185 53 When
510 1443 172 52 Huck
706 1443 152 52 Finn
884 1449 147 46 went
1053 1443 315 68 highbrow,
1393 1443 73 67 by
1492 1441 305 68 Benjamin
1822 1443 86 51 De
1935 1442 284 66 Casseres;

234 1521 137 51 with
416 1539 30 33 a
492 1520 279 53 facsimile
813 1521 415 67 reproduction.
1305 1521 137 50 New
1486 1520 180 67 York,
1708 1521 65 51 T.
1818 1521 64 51 F.
1927 1520 295 67 Madigan,

234 1599 124 65 inc.,
391 1602 149 49 1934.

308 1671 1159 49 [17] p. front. (port.) facsim. (3 l.) 24 cm .
308 1728 1914 48 “One hundred and twenty-five copies … printed by Fred Antlioensen,
236 1787 80 38 the
346 1786 312 40 Southworth
687 1796 147 36 press,
865 1786 246 43 Portland,
1143 1784 171 48 Maine,
1345 1785 273 46 December,
1648 1785 155 39 1933.”

307 1843 72 39 An
421 1853 142 35 essay
602 1843 214 46 inspired
857 1843 60 46 by
957 1843 80 38 the
1076 1844 142 37 letter
1258 1842 195 39 written
1494 1842 59 46 by
1596 1841 191 40 Samuel
1828 1842 49 38 L.
1920 1842 216 40 Clemens
2176 1843 46 38 to

239 1901 138 45 Mary
409 1900 60 38 H.
505 1899 159 47 Foote,
700 1899 260 39 December
991 1899 39 47 2,
1064 1899 125 44 1887,
1224 1899 168 48 telling
1424 1900 50 38 of
1505 1898 76 39 his
1614 1899 125 39 class
1771 1899 48 38 in
1854 1898 271 48 Browning,
236 1899 1971 102 together

430 1956 118 39 with
573 1966 27 28 a
626 1956 240 39 facsimile
893 1957 94 38 and
1014 1955 190 48 printed
1231 1958 103 37 text
1360 1955 50 40 of
1437 1956 79 39 the
1542 1957 157 38 letter.

241 2005 1933 57 © Jan. 10. 1934; 2c. and aff. Jan. 12: A 67973: Mark Twain co., ℅
312 2072 200 40 Charles
542 2072 48 37 T.
623 2072 141 38 Lark.
795 2072 115 37 New
940 2071 142 38 York.
1157 2069 247 46 (34-2600)

245 2159 286 66 Dekobra,
562 2162 279 61 Maurice,
873 2164 153 48 1885-

240 2237 1959 131 The street of painted lips, by Maurice Dekobra … Translated
422 2316 152 52 from
602 2316 93 51 the
728 2316 221 52 French
981 2316 71 65 by
1080 2316 135 51 Neal
1249 2315 169 53 Wain
1425 2315 224 73 wright.
1728 2317 134 51 New
1895 2317 178 52 York.
2105 2316 116 51 The

544 2397 528 62 Macaulay company [ c 1934]
313 2451 362 61 280 p. 19½ cm .
249 2518 1817 51 © Jan. 22. 1934; 2c. Jan. 25: aff. Feb. 14: A 69488; Macaulay co.
326 2579 249 48 (34-2642)

244 2664 394 63 Dostoevskiǐ,
669 2667 187 52 Fedor
885 2665 437 66 Mikhaǐlovīch,
1355 2671 323 51 1821-1881.

312 2743 121 53 The
479 2743 257 53 brothers
783 2744 387 52 Karamazov:
1220 2763 26 32 a
1298 2748 164 50 novel
1509 2745 59 51 in
1616 2744 132 53 four
1795 2752 158 59 parts
2000 2746 112 51 and
2159 2763 70 34 an

242 2821 277 68 epilogue,
545 2821 75 67 by
650 2821 229 67 Fyodor
908 2821 381 68 Dostoevslyy;
1321 2822 95 52 the
1445 2821 341 54 translation
1814 2823 75 67 by
1920 2821 311 54 Constance

243 2899 269 65 Garnett;
559 2899 235 54 revised,
836 2899 138 51 with
1017 2918 72 33 an
1128 2899 405 68 introduction,
1572 2901 75 66 by
1689 2901 260 51 Avrahm
244 2901 1962 142 Yarmolinsky,

479 2976 138 51 with
648 2977 258 67 eighteen
935 2977 245 67 portrait
1209 2977 376 54 illustrations
1614 2979 74 67 by
1717 2979 326 51 Alexander
2072 2978 161 68 King

303 3054 1520 68 … New York. The Limited editions club, 1933.
313 3127 27 39 3
386 3138 42 28 v.
489 3128 170 47 plates.
719 3127 55 39 21½cm.

319 3184 1911 49 “This edition … consists of fifteen hundred copies, printed … by D. B.
246 3240 199 48 Updike,
477 3241 80 39 the
588 3241 331 45 Merrymount
948 3250 148 38 press,
1126 3241 180 39 Boston;
1366 3241 117 39 with
1514 3242 325 39 illustrations
1870 3243 59 46 by
1959 3242 272 39 Alexander

246 3297 140 47 King.
447 3297 117 39 This
589 3297 40 39 is
655 3307 117 36 copy
797 3297 199 39 number
1021 3297 250 46 copyright
1296 3306 117 38 copy
1438 3299 94 38 and
1557 3301 38 37 it
1618 3299 41 38 is
1685 3299 164 47 signed
1876 3299 60 37 by
1960 3298 272 39 Alexander

245 3353 170 48 King.”

251 3406 1859 52 © Nov. 28. 1933; 2c. each and aff. Jan. 27. 1934; A 70037; Limited
318 3409 1898 97 editions
480 3468 119 38 club.
636 3467 89 39 inc.
791 3462 66 53 [©
894 3478 105 28 new
1034 3470 177 36 matter
1247 3469 94 37 and
1379 3468 223 48 revision]
1679 3469 248 47 (34-2608)

250 3554 240 65 Dubois,
521 3556 237 63 Gladys.

319 3629 193 53 Wives
544 3648 149 35 come
725 3630 138 68 first,
896 3632 108 52 and
1039 3631 159 53 other
1231 3650 207 49 poems,
1470 3632 71 68 by
1579 3632 216 68 Gladys
1827 3632 229 54 Dubois.
2125 3632 110 52 Los

252 3706 259 67 Angeles,
540 3707 118 52 The
687 3708 327 53 Primavera
1043 3727 170 51 press,
1243 3713 149 52 1933.

320 3777 58 39 44
408 3786 56 38 p.,
496 3778 25 38 l
553 3778 30 40 l.
645 3778 55 38 22
704 3781 42 20 cm
753 3812 7 7 .

322 3833 113 40 “250
472 3834 201 48 copies.”

255 3889 1982 55 © Apr. 1, 1933; 2c. and aff. Jan. 8. 1934; A 70219; G. Dubois. Los
319 3951 216 47 Angeles.
606 3951 248 49 (34-3078)
