<alto xmlns="http://www.loc.gov/standards/alto/ns-v3#" xmlns:xsi="http://www.w3.org/2001/XMLSchema-instance" xsi:schemaLocation="http://www.loc.gov/standards/alto/ns-v3# http://www.loc.gov/alto/v3/alto-3-0.xsd"><Description>
<MeasurementUnit>pixel</MeasurementUnit>
<sourceImageInformation>
<fileName>1934_v1_Part1.pdf</fileName>
</sourceImageInformation>
<OCRProcessing ID="IdOcr">
<ocrProcessingStep>
<processingDateTime>2019-01-10</processingDateTime>
<processingSoftware>
<softwareCreator>ABBYY</softwareCreator>
<softwareName>ABBYY Recognition Server</softwareName>
<softwareVersion>4.0</softwareVersion>
</processingSoftware>
</ocrProcessingStep>
</OCRProcessing>
</Description>
<Styles>
<ParagraphStyle ALIGN="Left" FIRSTLINE="0." ID="StyleId-FFFFFFFF-FFFF-FFFF-FFFF-FFFFFFFFFFFF-" LEFT="0." RIGHT="0." />
<ParagraphStyle ALIGN="Right" FIRSTLINE="0." ID="StyleId-521E1FC6-FE7E-43A4-90E6-A9B61626A263-" LEFT="0." LINESPACE="13.30000019" RIGHT="0." />
<ParagraphStyle ALIGN="Left" FIRSTLINE="-27." ID="StyleId-639B624E-F6F5-47B6-BB1D-34E64B53022F-" LEFT="0." LINESPACE="13.43999958" RIGHT="0." />
<ParagraphStyle ALIGN="Left" FIRSTLINE="0." ID="StyleId-100905F9-D385-406B-A5BD-ED5B8FD85431-" LEFT="0." RIGHT="0." />
<ParagraphStyle ALIGN="Left" FIRSTLINE="-27." ID="StyleId-7C9F9BA2-EF3A-4B7F-8486-CCC7B7F49B39-" LEFT="0." LINESPACE="18.71999931" RIGHT="0." />
<ParagraphStyle ALIGN="Block" FIRSTLINE="-27." ID="StyleId-350780E3-60F2-4605-88F5-BB54F9B87091-" LEFT="0." LINESPACE="18.71999931" RIGHT="0." />
<ParagraphStyle ALIGN="Left" FIRSTLINE="0." ID="StyleId-90B16C58-D795-4C77-9B89-30378C515D40-" LEFT="0." LINESPACE="14.39999962" RIGHT="0." />
<ParagraphStyle ALIGN="Right" FIRSTLINE="-27." ID="StyleId-17090E09-AFAF-4086-BD9B-4E99FAE6B057-" LEFT="0." LINESPACE="14.39999962" RIGHT="0." />
<ParagraphStyle ALIGN="Left" FIRSTLINE="-27." ID="StyleId-8B87B633-89DB-4D72-B1FC-26E4ABD680BC-" LEFT="0." LINESPACE="18.47999954" RIGHT="0." />
<ParagraphStyle ALIGN="Left" FIRSTLINE="0." ID="StyleId-42DA7417-CA90-4D71-A57B-06556C38D752-" LEFT="0." LINESPACE="13.30000019" RIGHT="0." />
<ParagraphStyle ALIGN="Block" FIRSTLINE="0." ID="StyleId-D8EE2A7E-42AE-4E35-98DB-F0F935637AA0-" LEFT="0." LINESPACE="6.599999905" RIGHT="0." />
<ParagraphStyle ALIGN="Left" FIRSTLINE="0." ID="StyleId-33CD3121-D4F5-43B6-BA96-6382D166E6B8-" LEFT="0." LINESPACE="15.5" RIGHT="0." />
<ParagraphStyle ALIGN="Block" FIRSTLINE="-21." ID="StyleId-1CE52AFA-C319-4DD9-B4B1-F0EBFA2B3F0B-" LEFT="0." LINESPACE="18.71999931" RIGHT="0." />
<ParagraphStyle ALIGN="Left" FIRSTLINE="0." ID="StyleId-B74F1B65-92F1-49C5-A5FA-D20442F031F2-" LEFT="0." LINESPACE="17.70006076" RIGHT="0." />
<ParagraphStyle ALIGN="Center" FIRSTLINE="0." ID="StyleId-79E2924A-215C-40B7-B577-7236BFBAA25E-" LEFT="0." LINESPACE="7.199999809" RIGHT="0." />
</Styles>
<Layout>
<Page HEIGHT="4196" ID="Page79" PHYSICAL_IMG_NR="79" WIDTH="2350">
<TopMargin HEIGHT="324" HPOS="0" VPOS="0" WIDTH="2350">
</TopMargin>
<LeftMargin HEIGHT="3678" HPOS="0" VPOS="324" WIDTH="78">
</LeftMargin>
<RightMargin HEIGHT="3678" HPOS="2118" VPOS="324" WIDTH="232">
</RightMargin>
<BottomMargin HEIGHT="194" HPOS="0" VPOS="4002" WIDTH="2350">
<TextBlock HEIGHT="64" HPOS="1066" ID="Page79_Block1" LANG="en-US" STYLEREFS="StyleId-5C8081A3-0446-4568-A668-06DFB13A69D2-" VPOS="4004" WIDTH="77">
<TextLine HEIGHT="52" HPOS="1072" VPOS="4010" WIDTH="65">
<String CONTENT="79" HEIGHT="52" HPOS="1072" VPOS="4010" WIDTH="65" />
</TextLine>
</TextBlock>
</BottomMargin>
<PrintSpace HEIGHT="3678" HPOS="78" VPOS="324" WIDTH="2040">
<TextBlock CS="1" HEIGHT="3678" HPOS="78" ID="Page79_Block2" LANG="en-US" STYLEREFS="StyleId-ACD30936-8F0D-4406-B457-6ECE35432650-" VPOS="324" WIDTH="2040">
<TextLine CS="1" HEIGHT="54" HPOS="171" VPOS="425" WIDTH="1681">
<String CONTENT="xiv," HEIGHT="47" HPOS="171" LANG="fr" VPOS="432" WIDTH="95" />
<SP HEIGHT="47" HPOS="267" VPOS="432" WIDTH="37" />
<String CONTENT="567" HEIGHT="39" HPOS="305" LANG="fr" VPOS="431" WIDTH="82" />
<SP HEIGHT="45" HPOS="388" VPOS="433" WIDTH="37" />
<String CONTENT="p." HEIGHT="36" HPOS="426" LANG="fr" VPOS="442" WIDTH="40" />
<SP HEIGHT="40" HPOS="467" VPOS="429" WIDTH="61" />
<String CONTENT="illus.," HEIGHT="47" HPOS="529" LANG="fr" VPOS="429" WIDTH="141" />
<SP HEIGHT="46" HPOS="671" VPOS="430" WIDTH="37" />
<String CONTENT="diagrs." HEIGHT="47" HPOS="709" LANG="fr" VPOS="429" WIDTH="179" />
<SP HEIGHT="40" HPOS="889" VPOS="427" WIDTH="59" />
<String CONTENT="23" HEIGHT="39" HPOS="949" LANG="fr" VPOS="427" WIDTH="54" />
<String CONTENT="&#189;" CS="1" LANG="en-US" />
<String CONTENT="cm." HEIGHT="36" HPOS="1037" LANG="fr" VPOS="428" WIDTH="57" />
<SP HEIGHT="47" HPOS="1095" VPOS="426" WIDTH="70" />
<String CONTENT="(Half-title:" HEIGHT="48" HPOS="1166" LANG="en-US" VPOS="425" WIDTH="299" />
<SP HEIGHT="38" HPOS="1466" VPOS="426" WIDTH="35" />
<String CONTENT="McGraw-Hill" HEIGHT="40" HPOS="1502" LANG="fr" VPOS="425" WIDTH="350" />
</TextLine>
<TextLine CS="1" HEIGHT="109" HPOS="105" VPOS="426" WIDTH="1997">
<String CONTENT="publications" HEIGHT="104" HPOS="105" LANG="fr" VPOS="426" WIDTH="1976" />
<SP HEIGHT="39" HPOS="229" VPOS="489" WIDTH="24" />
<String CONTENT="in" HEIGHT="38" HPOS="254" VPOS="489" WIDTH="47" />
<SP HEIGHT="37" HPOS="302" VPOS="491" WIDTH="24" />
<String CONTENT="the" HEIGHT="39" HPOS="327" VPOS="489" WIDTH="80" />
<SP HEIGHT="29" HPOS="408" VPOS="498" WIDTH="23" />
<String CONTENT="agricultural" HEIGHT="48" HPOS="432" VPOS="487" WIDTH="318" />
<SP HEIGHT="36" HPOS="751" VPOS="488" WIDTH="26" />
<String CONTENT="and" HEIGHT="38" HPOS="778" VPOS="486" WIDTH="93" />
<SP HEIGHT="39" HPOS="872" VPOS="485" WIDTH="25" />
<String CONTENT="botanical" HEIGHT="40" HPOS="898" VPOS="483" WIDTH="242" />
<SP HEIGHT="36" HPOS="1141" VPOS="485" WIDTH="25" />
<String CONTENT="sciences," HEIGHT="45" HPOS="1167" VPOS="484" WIDTH="223" />
<SP HEIGHT="45" HPOS="1391" VPOS="484" WIDTH="24" />
<String CONTENT="E." HEIGHT="38" HPOS="1416" VPOS="484" WIDTH="53" />
<SP HEIGHT="38" HPOS="1470" VPOS="484" WIDTH="23" />
<String CONTENT="W." HEIGHT="38" HPOS="1494" VPOS="484" WIDTH="71" />
<SP HEIGHT="40" HPOS="1566" VPOS="482" WIDTH="27" />
<String CONTENT="Sinnott," HEIGHT="46" HPOS="1594" VPOS="482" WIDTH="207" />
<SP HEIGHT="34" HPOS="1802" VPOS="494" WIDTH="24" />
<String CONTENT="consulting" HEIGHT="48" HPOS="1827" VPOS="483" WIDTH="275" />
</TextLine>
<TextLine HEIGHT="46" HPOS="102" VPOS="546" WIDTH="181">
<String CONTENT="editor)" HEIGHT="46" HPOS="102" VPOS="546" WIDTH="181" />
</TextLine>
<TextLine CS="1" HEIGHT="51" HPOS="175" VPOS="613" WIDTH="702">
<String CONTENT="Bibliography:" CS="1" HEIGHT="47" HPOS="175" VPOS="617" WIDTH="345" />
<SP HEIGHT="37" HPOS="549" VPOS="625" WIDTH="35" />
<String CONTENT="p." HEIGHT="37" HPOS="585" VPOS="625" WIDTH="41" />
<SP HEIGHT="38" HPOS="627" VPOS="616" WIDTH="32" />
<String CONTENT="449-532." HEIGHT="40" HPOS="660" VPOS="613" WIDTH="217" />
</TextLine>
<TextLine HEIGHT="56" HPOS="108" VPOS="681" WIDTH="1994">
<String CONTENT="&#169;" HEIGHT="51" HPOS="108" VPOS="686" WIDTH="49" />
<SP HEIGHT="51" HPOS="158" VPOS="686" WIDTH="30" />
<String CONTENT="Jan." HEIGHT="39" HPOS="189" VPOS="690" WIDTH="109" />
<SP HEIGHT="38" HPOS="299" VPOS="690" WIDTH="29" />
<String CONTENT="15," HEIGHT="40" HPOS="329" VPOS="689" WIDTH="67" />
<SP HEIGHT="40" HPOS="397" VPOS="689" WIDTH="31" />
<String CONTENT="1934;" HEIGHT="40" HPOS="429" VPOS="688" WIDTH="138" />
<SP HEIGHT="41" HPOS="568" VPOS="687" WIDTH="31" />
<String CONTENT="2c." HEIGHT="39" HPOS="600" VPOS="687" WIDTH="65" />
<SP HEIGHT="40" HPOS="666" VPOS="686" WIDTH="31" />
<String CONTENT="Jan." HEIGHT="38" HPOS="698" VPOS="686" WIDTH="106" />
<SP HEIGHT="37" HPOS="805" VPOS="686" WIDTH="33" />
<String CONTENT="17;" HEIGHT="43" HPOS="839" VPOS="686" WIDTH="80" />
<SP HEIGHT="34" HPOS="920" VPOS="695" WIDTH="32" />
<String CONTENT="ail." HEIGHT="39" HPOS="953" VPOS="684" WIDTH="81" />
<SP HEIGHT="38" HPOS="1035" VPOS="685" WIDTH="31" />
<String CONTENT="Jan." HEIGHT="38" HPOS="1067" VPOS="685" WIDTH="108" />
<SP HEIGHT="38" HPOS="1176" VPOS="684" WIDTH="30" />
<String CONTENT="18:" HEIGHT="39" HPOS="1207" VPOS="684" WIDTH="80" />
<SP HEIGHT="40" HPOS="1288" VPOS="683" WIDTH="33" />
<String CONTENT="A" HEIGHT="37" HPOS="1322" VPOS="683" WIDTH="39" />
<SP HEIGHT="39" HPOS="1362" VPOS="682" WIDTH="29" />
<String CONTENT="68917;" HEIGHT="45" HPOS="1392" VPOS="682" WIDTH="170" />
<SP HEIGHT="44" HPOS="1563" VPOS="683" WIDTH="33" />
<String CONTENT="McGraw-Hill" HEIGHT="41" HPOS="1597" VPOS="681" WIDTH="349" />
<SP HEIGHT="38" HPOS="1947" VPOS="683" WIDTH="32" />
<String CONTENT="book" HEIGHT="40" HPOS="1980" VPOS="681" WIDTH="122" />
</TextLine>
<TextLine CS="1" HEIGHT="47" HPOS="172" VPOS="744" WIDTH="518">
<String CONTENT="co.," CS="1" HEIGHT="28" HPOS="172" VPOS="758" WIDTH="52" />
<SP HEIGHT="41" HPOS="253" VPOS="747" WIDTH="26" />
<String CONTENT="inc." HEIGHT="38" HPOS="280" VPOS="747" WIDTH="90" />
<SP HEIGHT="44" HPOS="371" VPOS="745" WIDTH="69" />
<String CONTENT="(34-1777)" HEIGHT="47" HPOS="441" VPOS="744" WIDTH="249" />
</TextLine>
<TextLine HEIGHT="67" HPOS="105" STYLEREFS="StyleId-FDCF9E3C-52A7-4BE5-9D02-E0AEDBDE7BEA-" VPOS="861" WIDTH="956">
<String CONTENT="Sheed," HEIGHT="65" HPOS="105" LANG="en-US" VPOS="863" WIDTH="208" />
<SP HEIGHT="64" HPOS="314" VPOS="864" WIDTH="30" />
<String CONTENT="Francis" HEIGHT="53" HPOS="345" LANG="fr" VPOS="863" WIDTH="246" />
<SP HEIGHT="53" HPOS="592" VPOS="863" WIDTH="25" />
<String CONTENT="Joseph," HEIGHT="64" HPOS="618" LANG="en-US" VPOS="862" WIDTH="239" />
<SP HEIGHT="59" HPOS="858" VPOS="867" WIDTH="32" />
<String CONTENT="1897-" HEIGHT="52" HPOS="891" LANG="en-US" VPOS="861" WIDTH="170" />
</TextLine>
<TextLine HEIGHT="73" HPOS="173" STYLEREFS="StyleId-F7783722-038E-4298-8539-1A4CE05BCB14-" VPOS="935" WIDTH="1932">
<String CONTENT="A" HEIGHT="52" HPOS="173" VPOS="942" WIDTH="55" />
<SP HEIGHT="52" HPOS="229" VPOS="942" WIDTH="28" />
<String CONTENT="map" HEIGHT="49" HPOS="258" VPOS="959" WIDTH="133" />
<SP HEIGHT="49" HPOS="392" VPOS="959" WIDTH="31" />
<String CONTENT="of" HEIGHT="52" HPOS="424" VPOS="940" WIDTH="63" />
<SP HEIGHT="51" HPOS="488" VPOS="940" WIDTH="28" />
<String CONTENT="life," HEIGHT="67" HPOS="517" VPOS="939" WIDTH="123" />
<SP HEIGHT="67" HPOS="641" VPOS="939" WIDTH="29" />
<String CONTENT="by" HEIGHT="67" HPOS="671" VPOS="939" WIDTH="73" />
<SP HEIGHT="66" HPOS="745" VPOS="940" WIDTH="32" />
<String CONTENT="F." HEIGHT="50" HPOS="778" LANG="fr" VPOS="940" WIDTH="63" />
<SP HEIGHT="52" HPOS="842" VPOS="940" WIDTH="31" />
<String CONTENT="J." HEIGHT="52" HPOS="874" VPOS="940" WIDTH="55" />
<SP HEIGHT="54" HPOS="930" VPOS="937" WIDTH="34" />
<String CONTENT="Sheed." HEIGHT="54" HPOS="965" VPOS="937" WIDTH="199" />
<SP HEIGHT="52" HPOS="1165" VPOS="937" WIDTH="66" />
<String CONTENT="New" HEIGHT="51" HPOS="1232" VPOS="937" WIDTH="137" />
<SP HEIGHT="51" HPOS="1370" VPOS="936" WIDTH="31" />
<String CONTENT="York," HEIGHT="65" HPOS="1402" VPOS="936" WIDTH="180" />
<SP HEIGHT="66" HPOS="1583" VPOS="935" WIDTH="32" />
<String CONTENT="Sheed" HEIGHT="55" HPOS="1616" VPOS="935" WIDTH="184" />
<SP HEIGHT="52" HPOS="1801" VPOS="937" WIDTH="30" />
<String CONTENT="&amp;" HEIGHT="50" HPOS="1832" VPOS="938" WIDTH="45" />
<SP HEIGHT="52" HPOS="1878" VPOS="938" WIDTH="27" />
<String CONTENT="Ward," HEIGHT="66" HPOS="1906" VPOS="937" WIDTH="199" />
</TextLine>
<TextLine HEIGHT="65" HPOS="106" STYLEREFS="StyleId-F7783722-038E-4298-8539-1A4CE05BCB14-" VPOS="1021" WIDTH="307">
<String CONTENT="inc.," HEIGHT="65" HPOS="106" VPOS="1021" WIDTH="122" />
<SP HEIGHT="61" HPOS="229" VPOS="1025" WIDTH="34" />
<String CONTENT="1933." HEIGHT="50" HPOS="264" VPOS="1022" WIDTH="149" />
</TextLine>
<TextLine HEIGHT="49" HPOS="175" VPOS="1092" WIDTH="331">
<String CONTENT="147" HEIGHT="38" HPOS="175" VPOS="1095" WIDTH="85" />
<SP HEIGHT="46" HPOS="261" VPOS="1095" WIDTH="26" />
<String CONTENT="p." HEIGHT="37" HPOS="288" VPOS="1104" WIDTH="42" />
<SP HEIGHT="39" HPOS="331" VPOS="1094" WIDTH="59" />
<String CONTENT="19cm." HEIGHT="40" HPOS="391" VPOS="1092" WIDTH="115" />
</TextLine>
<TextLine HEIGHT="43" HPOS="177" VPOS="1147" WIDTH="752">
<String CONTENT="&#8220;Printed" HEIGHT="39" HPOS="177" VPOS="1151" WIDTH="226" />
<SP HEIGHT="40" HPOS="404" VPOS="1149" WIDTH="28" />
<String CONTENT="in" HEIGHT="39" HPOS="433" VPOS="1149" WIDTH="49" />
<SP HEIGHT="40" HPOS="483" VPOS="1149" WIDTH="30" />
<String CONTENT="Great" HEIGHT="40" HPOS="514" VPOS="1149" WIDTH="148" />
<SP HEIGHT="39" HPOS="663" VPOS="1149" WIDTH="28" />
<String CONTENT="Britain.&#8221;" HEIGHT="40" HPOS="692" VPOS="1147" WIDTH="237" />
</TextLine>
<TextLine CS="1" HEIGHT="53" HPOS="110" VPOS="1217" WIDTH="1994">
<String CONTENT="&#169;" HEIGHT="50" HPOS="110" VPOS="1220" WIDTH="49" />
<SP HEIGHT="50" HPOS="160" VPOS="1220" WIDTH="29" />
<String CONTENT="1c." CS="1" HEIGHT="27" HPOS="219" VPOS="1236" WIDTH="34" />
<SP HEIGHT="39" HPOS="254" VPOS="1224" WIDTH="29" />
<String CONTENT="Dec." HEIGHT="38" HPOS="284" VPOS="1224" WIDTH="110" />
<SP HEIGHT="37" HPOS="395" VPOS="1224" WIDTH="27" />
<String CONTENT="18," CS="1" HEIGHT="9" HPOS="483" VPOS="1253" WIDTH="7" />
<SP HEIGHT="39" HPOS="491" VPOS="1223" WIDTH="28" />
<String CONTENT="1933;" HEIGHT="40" HPOS="520" VPOS="1221" WIDTH="139" />
<SP HEIGHT="40" HPOS="660" VPOS="1221" WIDTH="31" />
<String CONTENT="A" HEIGHT="37" HPOS="692" VPOS="1221" WIDTH="40" />
<SP HEIGHT="38" HPOS="733" VPOS="1221" WIDTH="26" />
<String CONTENT="ad" HEIGHT="37" HPOS="760" VPOS="1222" WIDTH="59" />
<SP HEIGHT="39" HPOS="820" VPOS="1220" WIDTH="28" />
<String CONTENT="int." HEIGHT="39" HPOS="849" VPOS="1220" WIDTH="84" />
<SP HEIGHT="38" HPOS="934" VPOS="1221" WIDTH="30" />
<String CONTENT="18545:" HEIGHT="40" HPOS="965" VPOS="1220" WIDTH="167" />
<SP HEIGHT="36" HPOS="1133" VPOS="1230" WIDTH="33" />
<String CONTENT="pubd." HEIGHT="46" HPOS="1167" VPOS="1220" WIDTH="139" />
<SP HEIGHT="38" HPOS="1307" VPOS="1219" WIDTH="29" />
<String CONTENT="Nov." HEIGHT="39" HPOS="1337" VPOS="1219" WIDTH="117" />
<SP HEIGHT="39" HPOS="1455" VPOS="1219" WIDTH="29" />
<String CONTENT="1:" HEIGHT="39" HPOS="1485" VPOS="1219" WIDTH="51" />
<SP HEIGHT="41" HPOS="1537" VPOS="1217" WIDTH="34" />
<String CONTENT="Sheed" HEIGHT="40" HPOS="1572" VPOS="1217" WIDTH="153" />
<SP HEIGHT="39" HPOS="1726" VPOS="1217" WIDTH="29" />
<String CONTENT="&amp;" HEIGHT="39" HPOS="1756" VPOS="1217" WIDTH="35" />
<SP HEIGHT="39" HPOS="1792" VPOS="1217" WIDTH="27" />
<String CONTENT="Ward," HEIGHT="46" HPOS="1820" VPOS="1217" WIDTH="162" />
<SP HEIGHT="46" HPOS="1983" VPOS="1217" WIDTH="30" />
<String CONTENT="inc." HEIGHT="39" HPOS="2014" VPOS="1217" WIDTH="90" />
</TextLine>
<TextLine HEIGHT="48" HPOS="188" VPOS="1280" WIDTH="248">
<String CONTENT="(34-1928)" HEIGHT="48" HPOS="188" VPOS="1280" WIDTH="248" />
</TextLine>
<TextLine HEIGHT="65" HPOS="108" STYLEREFS="StyleId-FDCF9E3C-52A7-4BE5-9D02-E0AEDBDE7BEA-" VPOS="1397" WIDTH="751">
<String CONTENT="Sinclair," HEIGHT="65" HPOS="108" VPOS="1397" WIDTH="265" />
<SP HEIGHT="65" HPOS="374" VPOS="1397" WIDTH="30" />
<String CONTENT="Gordon," HEIGHT="65" HPOS="405" VPOS="1397" WIDTH="251" />
<SP HEIGHT="62" HPOS="657" VPOS="1400" WIDTH="33" />
<String CONTENT="1900-" HEIGHT="49" HPOS="691" VPOS="1399" WIDTH="168" />
</TextLine>
<TextLine CS="1" HEIGHT="72" HPOS="178" STYLEREFS="StyleId-F7783722-038E-4298-8539-1A4CE05BCB14-" VPOS="1469" WIDTH="1926">
<String CONTENT="Cannibal" HEIGHT="54" HPOS="178" VPOS="1473" WIDTH="282" />
<SP HEIGHT="67" HPOS="461" VPOS="1474" WIDTH="50" />
<String CONTENT="quest," HEIGHT="63" HPOS="512" VPOS="1478" WIDTH="177" />
<SP HEIGHT="67" HPOS="690" VPOS="1473" WIDTH="51" />
<String CONTENT="by" HEIGHT="68" HPOS="742" VPOS="1473" WIDTH="74" />
<SP HEIGHT="69" HPOS="817" VPOS="1472" WIDTH="53" />
<String CONTENT="Gordon" HEIGHT="55" HPOS="871" VPOS="1472" WIDTH="237" />
<SP HEIGHT="55" HPOS="1109" VPOS="1471" WIDTH="54" />
<String CONTENT="Sinclair" HEIGHT="56" HPOS="1164" VPOS="1470" WIDTH="247" />
<SP HEIGHT="33" HPOS="1412" VPOS="1490" WIDTH="59" />
<String CONTENT="&#8230;" CS="1" />
<SP HEIGHT="52" HPOS="1528" VPOS="1471" WIDTH="57" />
<String CONTENT="illustrated" HEIGHT="55" HPOS="1586" VPOS="1469" WIDTH="324" />
<SP HEIGHT="53" HPOS="1911" VPOS="1471" WIDTH="55" />
<String CONTENT="with" HEIGHT="54" HPOS="1967" VPOS="1470" WIDTH="137" />
</TextLine>
<TextLine HEIGHT="72" HPOS="108" STYLEREFS="StyleId-F7783722-038E-4298-8539-1A4CE05BCB14-" VPOS="1549" WIDTH="1999">
<String CONTENT="photographs" HEIGHT="70" HPOS="108" VPOS="1551" WIDTH="393" />
<SP HEIGHT="34" HPOS="502" VPOS="1570" WIDTH="44" />
<String CONTENT="and" HEIGHT="52" HPOS="547" VPOS="1552" WIDTH="112" />
<SP HEIGHT="52" HPOS="660" VPOS="1552" WIDTH="46" />
<String CONTENT="drawings." HEIGHT="68" HPOS="707" VPOS="1551" WIDTH="305" />
<SP HEIGHT="52" HPOS="1013" VPOS="1550" WIDTH="81" />
<String CONTENT="Toronto," HEIGHT="67" HPOS="1095" VPOS="1550" WIDTH="271" />
<SP HEIGHT="68" HPOS="1367" VPOS="1549" WIDTH="44" />
<String CONTENT="Doubleday," HEIGHT="68" HPOS="1412" VPOS="1549" WIDTH="358" />
<SP HEIGHT="68" HPOS="1771" VPOS="1549" WIDTH="45" />
<String CONTENT="Doran" HEIGHT="53" HPOS="1817" VPOS="1549" WIDTH="199" />
<SP HEIGHT="52" HPOS="2017" VPOS="1550" WIDTH="45" />
<String CONTENT="&amp;" HEIGHT="50" HPOS="2063" VPOS="1550" WIDTH="44" />
</TextLine>
<TextLine CS="1" HEIGHT="70" HPOS="108" STYLEREFS="StyleId-F7783722-038E-4298-8539-1A4CE05BCB14-" VPOS="1629" WIDTH="715">
<String CONTENT="Gundy," HEIGHT="70" HPOS="108" VPOS="1629" WIDTH="229" />
<SP HEIGHT="67" HPOS="338" VPOS="1631" WIDTH="29" />
<String CONTENT="limited" HEIGHT="52" HPOS="368" VPOS="1630" WIDTH="223" />
<SP HEIGHT="66" HPOS="592" VPOS="1630" WIDTH="36" />
<String CONTENT="[c1933]" CS="1" HEIGHT="64" HPOS="648" VPOS="1632" WIDTH="175" />
</TextLine>
<TextLine HEIGHT="51" HPOS="176" VPOS="1700" WIDTH="1221">
<String CONTENT="ix," HEIGHT="48" HPOS="176" VPOS="1703" WIDTH="62" />
<SP HEIGHT="46" HPOS="239" VPOS="1705" WIDTH="29" />
<String CONTENT="300" HEIGHT="42" HPOS="269" VPOS="1703" WIDTH="85" />
<SP HEIGHT="48" HPOS="355" VPOS="1703" WIDTH="28" />
<String CONTENT="p." HEIGHT="37" HPOS="384" VPOS="1714" WIDTH="42" />
<SP HEIGHT="40" HPOS="427" VPOS="1703" WIDTH="61" />
<String CONTENT="front," HEIGHT="39" HPOS="489" VPOS="1703" WIDTH="147" />
<SP HEIGHT="47" HPOS="637" VPOS="1703" WIDTH="30" />
<String CONTENT="(port.)" HEIGHT="47" HPOS="668" VPOS="1703" WIDTH="169" />
<SP HEIGHT="47" HPOS="838" VPOS="1703" WIDTH="39" />
<String CONTENT="illus.," HEIGHT="46" HPOS="878" VPOS="1702" WIDTH="141" />
<SP HEIGHT="37" HPOS="1020" VPOS="1711" WIDTH="28" />
<String CONTENT="plates." HEIGHT="47" HPOS="1049" VPOS="1701" WIDTH="171" />
<SP HEIGHT="40" HPOS="1221" VPOS="1700" WIDTH="58" />
<String CONTENT="21cm." HEIGHT="40" HPOS="1280" VPOS="1700" WIDTH="117" />
</TextLine>
<TextLine HEIGHT="49" HPOS="176" VPOS="1759" WIDTH="615">
<String CONTENT="Maps" HEIGHT="48" HPOS="176" VPOS="1760" WIDTH="139" />
<SP HEIGHT="29" HPOS="316" VPOS="1771" WIDTH="25" />
<String CONTENT="on" HEIGHT="29" HPOS="342" VPOS="1771" WIDTH="59" />
<SP HEIGHT="39" HPOS="402" VPOS="1760" WIDTH="28" />
<String CONTENT="lining-papers." HEIGHT="48" HPOS="431" VPOS="1759" WIDTH="360" />
</TextLine>
<TextLine HEIGHT="52" HPOS="182" VPOS="1812" WIDTH="1924">
<String CONTENT="&#8220;The" HEIGHT="41" HPOS="182" VPOS="1816" WIDTH="126" />
<SP HEIGHT="30" HPOS="309" VPOS="1827" WIDTH="33" />
<String CONTENT="racy" HEIGHT="37" HPOS="343" VPOS="1827" WIDTH="112" />
<SP HEIGHT="38" HPOS="456" VPOS="1826" WIDTH="33" />
<String CONTENT="record" HEIGHT="39" HPOS="490" VPOS="1817" WIDTH="164" />
<SP HEIGHT="39" HPOS="655" VPOS="1817" WIDTH="33" />
<String CONTENT="of" HEIGHT="39" HPOS="689" VPOS="1816" WIDTH="50" />
<SP HEIGHT="40" HPOS="740" VPOS="1816" WIDTH="30" />
<String CONTENT="a" HEIGHT="28" HPOS="771" VPOS="1828" WIDTH="25" />
<SP HEIGHT="30" HPOS="797" VPOS="1826" WIDTH="35" />
<String CONTENT="cannibal" HEIGHT="41" HPOS="833" VPOS="1814" WIDTH="223" />
<SP HEIGHT="47" HPOS="1057" VPOS="1815" WIDTH="32" />
<String CONTENT="quest" HEIGHT="45" HPOS="1090" VPOS="1817" WIDTH="140" />
<SP HEIGHT="40" HPOS="1231" VPOS="1814" WIDTH="28" />
<String CONTENT="from" HEIGHT="40" HPOS="1260" VPOS="1814" WIDTH="127" />
<SP HEIGHT="41" HPOS="1388" VPOS="1813" WIDTH="36" />
<String CONTENT="Sydney" HEIGHT="47" HPOS="1425" VPOS="1813" WIDTH="190" />
<SP HEIGHT="43" HPOS="1616" VPOS="1817" WIDTH="33" />
<String CONTENT="to" HEIGHT="37" HPOS="1650" VPOS="1817" WIDTH="47" />
<SP HEIGHT="38" HPOS="1698" VPOS="1815" WIDTH="33" />
<String CONTENT="Afghanistan.&#8221;" HEIGHT="49" HPOS="1732" VPOS="1812" WIDTH="374" />
</TextLine>
<TextLine CS="1" HEIGHT="107" HPOS="113" VPOS="1885" WIDTH="1977">
<String CONTENT="&#169;" HEIGHT="51" HPOS="113" VPOS="1885" WIDTH="49" />
<SP HEIGHT="51" HPOS="163" VPOS="1885" WIDTH="29" />
<String CONTENT="Jan." HEIGHT="38" HPOS="193" VPOS="1890" WIDTH="108" />
<SP HEIGHT="37" HPOS="302" VPOS="1891" WIDTH="30" />
<String CONTENT="10." HEIGHT="38" HPOS="333" VPOS="1891" WIDTH="66" />
<SP HEIGHT="39" HPOS="400" VPOS="1890" WIDTH="30" />
<String CONTENT="1934;" HEIGHT="40" HPOS="431" VPOS="1889" WIDTH="139" />
<SP HEIGHT="39" HPOS="571" VPOS="1890" WIDTH="31" />
<String CONTENT="2c." HEIGHT="37" HPOS="603" VPOS="1890" WIDTH="64" />
<SP HEIGHT="38" HPOS="668" VPOS="1888" WIDTH="31" />
<String CONTENT="Jan." HEIGHT="38" HPOS="700" VPOS="1888" WIDTH="106" />
<SP HEIGHT="37" HPOS="807" VPOS="1889" WIDTH="31" />
<String CONTENT="22:" HEIGHT="39" HPOS="839" VPOS="1888" WIDTH="81" />
<SP HEIGHT="31" HPOS="930" VPOS="1899" WIDTH="23" />
<String CONTENT="aff." HEIGHT="39" HPOS="954" LANG="de" VPOS="1887" WIDTH="80" />
<SP HEIGHT="38" HPOS="1035" VPOS="1888" WIDTH="31" />
<String CONTENT="Jan." HEIGHT="39" HPOS="1067" VPOS="1888" WIDTH="108" />
<SP HEIGHT="39" HPOS="1176" VPOS="1888" WIDTH="29" />
<String CONTENT="17:" CS="1" HEIGHT="38" HPOS="1206" VPOS="1888" WIDTH="54" />
<SP HEIGHT="39" HPOS="1288" VPOS="1888" WIDTH="33" />
<String CONTENT="A" HEIGHT="36" HPOS="1322" VPOS="1888" WIDTH="37" />
<SP HEIGHT="39" HPOS="1360" VPOS="1887" WIDTH="30" />
<String CONTENT="69117:" HEIGHT="41" HPOS="1391" VPOS="1886" WIDTH="168" />
<SP HEIGHT="40" HPOS="1560" VPOS="1887" WIDTH="34" />
<String CONTENT="G." HEIGHT="38" HPOS="1595" VPOS="1887" WIDTH="50" />
<SP HEIGHT="40" HPOS="1646" VPOS="1887" WIDTH="36" />
<String CONTENT="Sinclair," HEIGHT="46" HPOS="1683" VPOS="1886" WIDTH="220" />
<SP HEIGHT="44" HPOS="1904" VPOS="1888" WIDTH="33" />
<String CONTENT="Islington," HEIGHT="101" HPOS="178" VPOS="1886" WIDTH="1912" />
<SP HEIGHT="41" HPOS="273" VPOS="1946" WIDTH="32" />
<String CONTENT="Ontario," HEIGHT="40" HPOS="306" VPOS="1946" WIDTH="216" />
<SP HEIGHT="46" HPOS="523" VPOS="1945" WIDTH="28" />
<String CONTENT="Canada." HEIGHT="46" HPOS="552" VPOS="1945" WIDTH="216" />
<SP HEIGHT="47" HPOS="769" VPOS="1945" WIDTH="70" />
<String CONTENT="(34-1853)" HEIGHT="47" HPOS="840" VPOS="1945" WIDTH="250" />
</TextLine>
<TextLine HEIGHT="65" HPOS="109" STYLEREFS="StyleId-FDCF9E3C-52A7-4BE5-9D02-E0AEDBDE7BEA-" VPOS="2063" WIDTH="1200">
<String CONTENT="Snively," HEIGHT="64" HPOS="109" VPOS="2063" WIDTH="256" />
<SP HEIGHT="62" HPOS="366" VPOS="2065" WIDTH="31" />
<String CONTENT="Harry" HEIGHT="63" HPOS="398" VPOS="2065" WIDTH="200" />
<SP HEIGHT="63" HPOS="599" VPOS="2065" WIDTH="29" />
<String CONTENT="Hamilton," HEIGHT="65" HPOS="629" VPOS="2063" WIDTH="322" />
<SP HEIGHT="59" HPOS="952" VPOS="2069" WIDTH="33" />
<String CONTENT="1868-1931." HEIGHT="49" HPOS="986" VPOS="2067" WIDTH="323" />
</TextLine>
<TextLine HEIGHT="68" HPOS="178" STYLEREFS="StyleId-F7783722-038E-4298-8539-1A4CE05BCB14-" VPOS="2139" WIDTH="1930">
<String CONTENT="The" HEIGHT="53" HPOS="178" VPOS="2140" WIDTH="119" />
<SP HEIGHT="53" HPOS="298" VPOS="2140" WIDTH="32" />
<String CONTENT="battle" HEIGHT="53" HPOS="331" VPOS="2140" WIDTH="174" />
<SP HEIGHT="33" HPOS="506" VPOS="2160" WIDTH="33" />
<String CONTENT="of" HEIGHT="53" HPOS="540" VPOS="2140" WIDTH="63" />
<SP HEIGHT="53" HPOS="604" VPOS="2140" WIDTH="28" />
<String CONTENT="the" HEIGHT="52" HPOS="633" VPOS="2141" WIDTH="94" />
<SP HEIGHT="33" HPOS="728" VPOS="2160" WIDTH="31" />
<String CONTENT="non-combatants;" HEIGHT="67" HPOS="760" VPOS="2140" WIDTH="524" />
<SP HEIGHT="62" HPOS="1285" VPOS="2145" WIDTH="34" />
<String CONTENT="the" HEIGHT="52" HPOS="1320" VPOS="2141" WIDTH="94" />
<SP HEIGHT="52" HPOS="1415" VPOS="2141" WIDTH="33" />
<String CONTENT="letters" HEIGHT="52" HPOS="1449" VPOS="2141" WIDTH="194" />
<SP HEIGHT="33" HPOS="1644" VPOS="2160" WIDTH="31" />
<String CONTENT="of" HEIGHT="54" HPOS="1676" VPOS="2139" WIDTH="64" />
<SP HEIGHT="53" HPOS="1741" VPOS="2139" WIDTH="31" />
<String CONTENT="Dr." HEIGHT="51" HPOS="1773" VPOS="2141" WIDTH="102" />
<SP HEIGHT="52" HPOS="1876" VPOS="2140" WIDTH="33" />
<String CONTENT="Harry" HEIGHT="67" HPOS="1910" VPOS="2140" WIDTH="198" />
</TextLine>
<TextLine HEIGHT="71" HPOS="108" STYLEREFS="StyleId-F7783722-038E-4298-8539-1A4CE05BCB14-" VPOS="2216" WIDTH="2002">
<String CONTENT="Hamilton" HEIGHT="54" HPOS="108" VPOS="2216" WIDTH="302" />
<SP HEIGHT="55" HPOS="411" VPOS="2217" WIDTH="30" />
<String CONTENT="Snively" HEIGHT="70" HPOS="442" VPOS="2217" WIDTH="236" />
<SP HEIGHT="63" HPOS="679" VPOS="2224" WIDTH="29" />
<String CONTENT="to" HEIGHT="47" HPOS="709" VPOS="2224" WIDTH="58" />
<SP HEIGHT="51" HPOS="768" VPOS="2220" WIDTH="30" />
<String CONTENT="his" HEIGHT="52" HPOS="799" VPOS="2220" WIDTH="89" />
<SP HEIGHT="54" HPOS="889" VPOS="2218" WIDTH="29" />
<String CONTENT="family" HEIGHT="69" HPOS="919" VPOS="2218" WIDTH="208" />
<SP HEIGHT="69" HPOS="1128" VPOS="2218" WIDTH="30" />
<String CONTENT="from" HEIGHT="53" HPOS="1159" VPOS="2218" WIDTH="151" />
<SP HEIGHT="52" HPOS="1311" VPOS="2219" WIDTH="29" />
<String CONTENT="Russia," HEIGHT="68" HPOS="1341" VPOS="2219" WIDTH="226" />
<SP HEIGHT="68" HPOS="1568" VPOS="2219" WIDTH="29" />
<String CONTENT="Poland," HEIGHT="67" HPOS="1598" VPOS="2218" WIDTH="244" />
<SP HEIGHT="67" HPOS="1843" VPOS="2218" WIDTH="29" />
<String CONTENT="France," HEIGHT="64" HPOS="1873" VPOS="2218" WIDTH="237" />
</TextLine>
<TextLine HEIGHT="73" HPOS="110" STYLEREFS="StyleId-F7783722-038E-4298-8539-1A4CE05BCB14-" VPOS="2293" WIDTH="1999">
<String CONTENT="Belgium," HEIGHT="70" HPOS="110" VPOS="2294" WIDTH="282" />
<SP HEIGHT="67" HPOS="393" VPOS="2297" WIDTH="45" />
<String CONTENT="Persia," HEIGHT="68" HPOS="439" VPOS="2296" WIDTH="215" />
<SP HEIGHT="48" HPOS="655" VPOS="2316" WIDTH="46" />
<String CONTENT="etc.," HEIGHT="62" HPOS="702" VPOS="2302" WIDTH="119" />
<SP HEIGHT="48" HPOS="822" VPOS="2316" WIDTH="45" />
<String CONTENT="assembled" HEIGHT="53" HPOS="868" VPOS="2297" WIDTH="310" />
<SP HEIGHT="53" HPOS="1179" VPOS="2297" WIDTH="45" />
<String CONTENT="by" HEIGHT="69" HPOS="1225" VPOS="2297" WIDTH="75" />
<SP HEIGHT="69" HPOS="1301" VPOS="2297" WIDTH="44" />
<String CONTENT="his" HEIGHT="54" HPOS="1346" VPOS="2296" WIDTH="89" />
<SP HEIGHT="53" HPOS="1436" VPOS="2297" WIDTH="47" />
<String CONTENT="daughter," HEIGHT="70" HPOS="1484" VPOS="2296" WIDTH="302" />
<SP HEIGHT="68" HPOS="1787" VPOS="2296" WIDTH="44" />
<String CONTENT="Marjorie" HEIGHT="71" HPOS="1832" VPOS="2293" WIDTH="277" />
</TextLine>
<TextLine HEIGHT="71" HPOS="109" STYLEREFS="StyleId-F7783722-038E-4298-8539-1A4CE05BCB14-" VPOS="2373" WIDTH="2002">
<String CONTENT="Knowlton" HEIGHT="54" HPOS="109" VPOS="2373" WIDTH="309" />
<SP HEIGHT="55" HPOS="419" VPOS="2374" WIDTH="25" />
<String CONTENT="Snively;" HEIGHT="70" HPOS="445" VPOS="2374" WIDTH="264" />
<SP HEIGHT="48" HPOS="710" VPOS="2394" WIDTH="27" />
<String CONTENT="edited" HEIGHT="53" HPOS="738" VPOS="2375" WIDTH="189" />
<SP HEIGHT="53" HPOS="928" VPOS="2375" WIDTH="23" />
<String CONTENT="by" HEIGHT="69" HPOS="952" VPOS="2375" WIDTH="74" />
<SP HEIGHT="69" HPOS="1027" VPOS="2375" WIDTH="22" />
<String CONTENT="J." HEIGHT="54" HPOS="1050" VPOS="2375" WIDTH="55" />
<SP HEIGHT="54" HPOS="1106" VPOS="2374" WIDTH="26" />
<String CONTENT="George" HEIGHT="69" HPOS="1133" VPOS="2374" WIDTH="220" />
<SP HEIGHT="51" HPOS="1354" VPOS="2376" WIDTH="24" />
<String CONTENT="Frederick." HEIGHT="54" HPOS="1379" VPOS="2374" WIDTH="325" />
<SP HEIGHT="51" HPOS="1705" VPOS="2375" WIDTH="61" />
<String CONTENT="New" HEIGHT="51" HPOS="1767" VPOS="2375" WIDTH="137" />
<SP HEIGHT="52" HPOS="1905" VPOS="2374" WIDTH="25" />
<String CONTENT="York," HEIGHT="67" HPOS="1931" VPOS="2373" WIDTH="180" />
</TextLine>
<TextLine HEIGHT="68" HPOS="110" STYLEREFS="StyleId-F7783722-038E-4298-8539-1A4CE05BCB14-" VPOS="2451" WIDTH="847">
<String CONTENT="The" HEIGHT="54" HPOS="110" VPOS="2451" WIDTH="118" />
<SP HEIGHT="51" HPOS="229" VPOS="2454" WIDTH="29" />
<String CONTENT="Business" HEIGHT="53" HPOS="259" VPOS="2453" WIDTH="269" />
<SP HEIGHT="53" HPOS="529" VPOS="2453" WIDTH="26" />
<String CONTENT="bourse," HEIGHT="66" HPOS="556" VPOS="2453" WIDTH="219" />
<SP HEIGHT="62" HPOS="776" VPOS="2457" WIDTH="30" />
<String CONTENT="1933." HEIGHT="50" HPOS="807" VPOS="2456" WIDTH="150" />
</TextLine>
<TextLine CS="1" HEIGHT="51" HPOS="177" VPOS="2524" WIDTH="1770">
<String CONTENT="4" HEIGHT="38" HPOS="177" VPOS="2527" WIDTH="28" />
<SP />
<String CONTENT="p." HEIGHT="38" HPOS="230" LANG="fr" VPOS="2535" WIDTH="44" />
<SP />
<String CONTENT="l.," CS="1" LANG="fr" />
<SP />
<String CONTENT="7" HEIGHT="38" HPOS="370" VPOS="2526" WIDTH="26" />
<SP HEIGHT="47" HPOS="397" VPOS="2526" WIDTH="25" />
<String CONTENT="p.," HEIGHT="38" HPOS="423" VPOS="2535" WIDTH="56" />
<SP HEIGHT="43" HPOS="480" VPOS="2526" WIDTH="26" />
<String CONTENT="2" HEIGHT="38" HPOS="507" VPOS="2526" WIDTH="25" />
<SP />
<String CONTENT="l.," CS="1" />
<SP />
<String CONTENT="9-252" HEIGHT="41" HPOS="633" VPOS="2525" WIDTH="143" />
<SP HEIGHT="49" HPOS="777" VPOS="2525" WIDTH="25" />
<String CONTENT="p." HEIGHT="38" HPOS="803" VPOS="2536" WIDTH="42" />
<SP HEIGHT="38" HPOS="846" VPOS="2536" WIDTH="59" />
<String CONTENT="plates" HEIGHT="48" HPOS="906" VPOS="2526" WIDTH="156" />
<SP HEIGHT="47" HPOS="1063" VPOS="2527" WIDTH="38" />
<String CONTENT="(1" HEIGHT="47" HPOS="1102" VPOS="2527" WIDTH="42" />
<SP HEIGHT="38" HPOS="1145" VPOS="2527" WIDTH="32" />
<String CONTENT="fold.)" HEIGHT="49" HPOS="1178" VPOS="2526" WIDTH="143" />
<SP HEIGHT="48" HPOS="1322" VPOS="2527" WIDTH="35" />
<String CONTENT="ports.," HEIGHT="47" HPOS="1358" VPOS="2527" WIDTH="164" />
<SP HEIGHT="47" HPOS="1523" VPOS="2526" WIDTH="28" />
<String CONTENT="facsim." HEIGHT="41" HPOS="1552" VPOS="2525" WIDTH="188" />
<SP HEIGHT="40" HPOS="1741" VPOS="2526" WIDTH="59" />
<String CONTENT="19&#189;cm." CS="1" HEIGHT="41" HPOS="1801" VPOS="2524" WIDTH="146" />
</TextLine>
<TextLine HEIGHT="51" HPOS="116" VPOS="2593" WIDTH="1799">
<String CONTENT="&#169;" HEIGHT="51" HPOS="116" VPOS="2593" WIDTH="49" />
<SP HEIGHT="51" HPOS="166" VPOS="2593" WIDTH="29" />
<String CONTENT="Jan." HEIGHT="38" HPOS="196" VPOS="2599" WIDTH="108" />
<SP HEIGHT="37" HPOS="305" VPOS="2600" WIDTH="29" />
<String CONTENT="15." HEIGHT="39" HPOS="335" VPOS="2599" WIDTH="67" />
<SP HEIGHT="38" HPOS="403" VPOS="2600" WIDTH="29" />
<String CONTENT="1934;" HEIGHT="39" HPOS="433" VPOS="2598" WIDTH="139" />
<SP HEIGHT="38" HPOS="573" VPOS="2599" WIDTH="31" />
<String CONTENT="2c." HEIGHT="38" HPOS="605" VPOS="2599" WIDTH="65" />
<SP HEIGHT="26" HPOS="671" VPOS="2612" WIDTH="29" />
<String CONTENT="and" HEIGHT="37" HPOS="701" VPOS="2601" WIDTH="94" />
<SP HEIGHT="36" HPOS="796" VPOS="2601" WIDTH="29" />
<String CONTENT="aff." HEIGHT="39" HPOS="826" LANG="de" VPOS="2599" WIDTH="80" />
<SP HEIGHT="38" HPOS="907" VPOS="2600" WIDTH="32" />
<String CONTENT="Jan." HEIGHT="38" HPOS="940" VPOS="2600" WIDTH="106" />
<SP HEIGHT="37" HPOS="1047" VPOS="2600" WIDTH="31" />
<String CONTENT="18:" HEIGHT="38" HPOS="1079" VPOS="2600" WIDTH="80" />
<SP HEIGHT="38" HPOS="1160" VPOS="2600" WIDTH="32" />
<String CONTENT="A" HEIGHT="37" HPOS="1193" VPOS="2600" WIDTH="38" />
<SP HEIGHT="39" HPOS="1232" VPOS="2599" WIDTH="29" />
<String CONTENT="68956:" HEIGHT="40" HPOS="1262" VPOS="2599" WIDTH="169" />
<SP HEIGHT="39" HPOS="1432" VPOS="2600" WIDTH="33" />
<String CONTENT="Business" HEIGHT="39" HPOS="1466" VPOS="2599" WIDTH="232" />
<SP HEIGHT="37" HPOS="1699" VPOS="2599" WIDTH="30" />
<String CONTENT="bourse." HEIGHT="39" HPOS="1730" VPOS="2599" WIDTH="185" />
</TextLine>
<TextLine HEIGHT="48" HPOS="189" VPOS="2655" WIDTH="249">
<String CONTENT="(34-1854)" HEIGHT="48" HPOS="189" VPOS="2655" WIDTH="249" />
</TextLine>
<TextLine HEIGHT="66" HPOS="112" STYLEREFS="StyleId-FDCF9E3C-52A7-4BE5-9D02-E0AEDBDE7BEA-" VPOS="2771" WIDTH="878">
<String CONTENT="Steiner," HEIGHT="66" HPOS="112" VPOS="2771" WIDTH="249" />
<SP HEIGHT="64" HPOS="362" VPOS="2773" WIDTH="29" />
<String CONTENT="Rudolf," HEIGHT="63" HPOS="392" VPOS="2773" WIDTH="238" />
<SP HEIGHT="59" HPOS="631" VPOS="2777" WIDTH="34" />
<String CONTENT="1861-1925." HEIGHT="51" HPOS="666" VPOS="2776" WIDTH="324" />
</TextLine>
<TextLine CS="1" HEIGHT="149" HPOS="112" STYLEREFS="StyleId-F7783722-038E-4298-8539-1A4CE05BCB14-" VPOS="2847" WIDTH="1975">
<String CONTENT="Human" HEIGHT="54" HPOS="180" VPOS="2847" WIDTH="233" />
<SP HEIGHT="50" HPOS="414" VPOS="2850" WIDTH="46" />
<String CONTENT="life" HEIGHT="53" HPOS="461" VPOS="2848" WIDTH="103" />
<SP HEIGHT="51" HPOS="565" VPOS="2850" WIDTH="48" />
<String CONTENT="in" HEIGHT="51" HPOS="614" VPOS="2850" WIDTH="57" />
<SP HEIGHT="47" HPOS="672" VPOS="2856" WIDTH="47" />
<String CONTENT="the" HEIGHT="52" HPOS="720" VPOS="2851" WIDTH="95" />
<SP HEIGHT="52" HPOS="816" VPOS="2851" WIDTH="45" />
<String CONTENT="light" HEIGHT="69" HPOS="862" VPOS="2851" WIDTH="150" />
<SP HEIGHT="47" HPOS="1013" VPOS="2856" WIDTH="46" />
<String CONTENT="of" HEIGHT="52" HPOS="1060" VPOS="2851" WIDTH="64" />
<SP HEIGHT="53" HPOS="1125" VPOS="2851" WIDTH="45" />
<String CONTENT="spiritual" HEIGHT="68" HPOS="1171" VPOS="2851" WIDTH="268" />
<SP HEIGHT="51" HPOS="1440" VPOS="2853" WIDTH="47" />
<String CONTENT="science&#8212;anthroposophy&#8212;[by]" HEIGHT="144" HPOS="112" VPOS="2851" WIDTH="1975" />
<SP HEIGHT="66" HPOS="454" VPOS="2927" WIDTH="41" />
<String CONTENT="Rudolf" HEIGHT="53" HPOS="496" VPOS="2927" WIDTH="223" />
<SP HEIGHT="55" HPOS="720" VPOS="2927" WIDTH="34" />
<String CONTENT="Steiner," HEIGHT="69" HPOS="755" VPOS="2927" WIDTH="242" />
<SP HEIGHT="49" HPOS="998" VPOS="2947" WIDTH="34" />
<String CONTENT="ph." HEIGHT="34" HPOS="1033" VPOS="2947" WIDTH="98" />
<SP HEIGHT="33" HPOS="1132" VPOS="2949" WIDTH="37" />
<String CONTENT="d.;" CS="1" HEIGHT="33" HPOS="1170" VPOS="2949" WIDTH="45" />
<SP HEIGHT="62" HPOS="1247" VPOS="2934" WIDTH="36" />
<String CONTENT="translated" HEIGHT="53" HPOS="1284" VPOS="2929" WIDTH="317" />
<SP HEIGHT="54" HPOS="1602" VPOS="2928" WIDTH="37" />
<String CONTENT="from" HEIGHT="54" HPOS="1640" VPOS="2928" WIDTH="151" />
<SP HEIGHT="48" HPOS="1792" VPOS="2934" WIDTH="35" />
<String CONTENT="the" HEIGHT="53" HPOS="1828" VPOS="2929" WIDTH="95" />
</TextLine>
<TextLine CS="1" HEIGHT="150" HPOS="113" STYLEREFS="StyleId-F7783722-038E-4298-8539-1A4CE05BCB14-" VPOS="2926" WIDTH="1999">
<String CONTENT="original" HEIGHT="130" HPOS="113" VPOS="2926" WIDTH="1974" />
<SP HEIGHT="55" HPOS="230" VPOS="3004" WIDTH="47" />
<String CONTENT="German" HEIGHT="55" HPOS="278" VPOS="3004" WIDTH="248" />
<SP HEIGHT="52" HPOS="527" VPOS="3006" WIDTH="47" />
<String CONTENT="by" HEIGHT="68" HPOS="575" VPOS="3006" WIDTH="74" />
<SP HEIGHT="69" HPOS="650" VPOS="3005" WIDTH="46" />
<String CONTENT="Shirley" HEIGHT="71" HPOS="697" VPOS="3005" WIDTH="230" />
<SP HEIGHT="69" HPOS="928" VPOS="3007" WIDTH="45" />
<String CONTENT="M." HEIGHT="52" HPOS="974" LANG="fi" VPOS="3007" WIDTH="79" />
<SP HEIGHT="51" HPOS="1054" VPOS="3008" WIDTH="49" />
<String CONTENT="K." HEIGHT="51" HPOS="1104" VPOS="3008" WIDTH="72" />
<SP HEIGHT="55" HPOS="1177" VPOS="3007" WIDTH="50" />
<String CONTENT="Gandell." HEIGHT="55" HPOS="1228" VPOS="3007" WIDTH="263" />
<SP HEIGHT="53" HPOS="1492" VPOS="3007" WIDTH="84" />
<String CONTENT="New" HEIGHT="53" HPOS="1577" VPOS="3007" WIDTH="138" />
<SP HEIGHT="52" HPOS="1716" VPOS="3007" WIDTH="50" />
<String CONTENT="York" HEIGHT="53" HPOS="1767" VPOS="3007" WIDTH="160" />
<SP HEIGHT="52" HPOS="1928" VPOS="3007" WIDTH="48" />
<String CONTENT="city," HEIGHT="68" HPOS="1977" VPOS="3006" WIDTH="135" />
</TextLine>
<TextLine HEIGHT="72" HPOS="111" STYLEREFS="StyleId-F7783722-038E-4298-8539-1A4CE05BCB14-" VPOS="3080" WIDTH="893">
<String CONTENT="Anthroposophie" HEIGHT="71" HPOS="111" LANG="de" VPOS="3080" WIDTH="505" />
<SP HEIGHT="49" HPOS="617" VPOS="3102" WIDTH="29" />
<String CONTENT="press," HEIGHT="50" HPOS="647" LANG="en-US" VPOS="3102" WIDTH="176" />
<SP HEIGHT="63" HPOS="824" VPOS="3089" WIDTH="30" />
<String CONTENT="1933." HEIGHT="49" HPOS="855" LANG="en-US" VPOS="3088" WIDTH="149" />
</TextLine>
<TextLine CS="1" HEIGHT="48" HPOS="177" VPOS="3157" WIDTH="331">
<String CONTENT="45" HEIGHT="39" HPOS="177" VPOS="3157" WIDTH="55" />
<SP HEIGHT="48" HPOS="233" VPOS="3157" WIDTH="29" />
<String CONTENT="p." HEIGHT="36" HPOS="263" VPOS="3169" WIDTH="42" />
<SP HEIGHT="38" HPOS="306" VPOS="3159" WIDTH="58" />
<String CONTENT="18&#189;cm." CS="1" HEIGHT="40" HPOS="365" VPOS="3158" WIDTH="143" />
</TextLine>
<TextLine CS="1" HEIGHT="49" HPOS="187" VPOS="3229" WIDTH="1749">
<String CONTENT="&#8220;The" HEIGHT="40" HPOS="187" VPOS="3229" WIDTH="126" />
<SP HEIGHT="39" HPOS="314" VPOS="3230" WIDTH="36" />
<String CONTENT="following" HEIGHT="48" HPOS="351" VPOS="3230" WIDTH="251" />
<SP HEIGHT="37" HPOS="603" VPOS="3241" WIDTH="37" />
<String CONTENT="observations" HEIGHT="41" HPOS="641" VPOS="3231" WIDTH="334" />
<SP HEIGHT="40" HPOS="976" VPOS="3232" WIDTH="36" />
<String CONTENT="formed" HEIGHT="40" HPOS="1013" VPOS="3232" WIDTH="189" />
<SP HEIGHT="39" HPOS="1203" VPOS="3233" WIDTH="40" />
<String CONTENT="the" HEIGHT="39" HPOS="1244" VPOS="3233" WIDTH="79" />
<SP HEIGHT="29" HPOS="1324" VPOS="3243" WIDTH="37" />
<String CONTENT="content" HEIGHT="38" HPOS="1362" VPOS="3234" WIDTH="195" />
<SP HEIGHT="38" HPOS="1558" VPOS="3234" WIDTH="37" />
<String CONTENT="of" HEIGHT="41" HPOS="1596" VPOS="3231" WIDTH="53" />
<SP HEIGHT="40" HPOS="1650" VPOS="3231" WIDTH="35" />
<String CONTENT="a" HEIGHT="29" HPOS="1686" VPOS="3242" WIDTH="27" />
<SP HEIGHT="38" HPOS="1714" VPOS="3233" WIDTH="38" />
<String CONTENT="lecture" HEIGHT="37" HPOS="1753" VPOS="3233" WIDTH="183" />
</TextLine>
<TextLine CS="1" HEIGHT="102" HPOS="115" VPOS="3230" WIDTH="1980">
<String CONTENT="1" HEIGHT="39" HPOS="1973" VPOS="3230" WIDTH="25" />
<SP HEIGHT="41" HPOS="1999" VPOS="3230" WIDTH="37" />
<String CONTENT="delivered" HEIGHT="96" HPOS="115" VPOS="3230" WIDTH="1980" />
<SP HEIGHT="39" HPOS="291" VPOS="3287" WIDTH="30" />
<String CONTENT="on" HEIGHT="28" HPOS="322" VPOS="3297" WIDTH="59" />
<SP HEIGHT="36" HPOS="382" VPOS="3290" WIDTH="27" />
<String CONTENT="the" HEIGHT="38" HPOS="410" VPOS="3288" WIDTH="79" />
<SP HEIGHT="38" HPOS="490" VPOS="3288" WIDTH="27" />
<String CONTENT="16th" HEIGHT="40" HPOS="518" VPOS="3287" WIDTH="109" />
<SP HEIGHT="38" HPOS="628" VPOS="3288" WIDTH="29" />
<String CONTENT="of" HEIGHT="38" HPOS="658" VPOS="3288" WIDTH="50" />
<SP HEIGHT="40" HPOS="709" VPOS="3288" WIDTH="27" />
<String CONTENT="October," HEIGHT="44" HPOS="737" VPOS="3288" WIDTH="218" />
<SP HEIGHT="42" HPOS="956" VPOS="3290" WIDTH="28" />
<String CONTENT="1916," CS="1" HEIGHT="43" HPOS="985" VPOS="3289" WIDTH="126" />
<SP HEIGHT="32" HPOS="1112" VPOS="3300" WIDTH="28" />
<String CONTENT="at" HEIGHT="36" HPOS="1141" VPOS="3293" WIDTH="51" />
<SP HEIGHT="40" HPOS="1193" VPOS="3289" WIDTH="28" />
<String CONTENT="Liestal.&#8221;" HEIGHT="41" HPOS="1222" LANG="de" VPOS="3288" WIDTH="226" />
<String CONTENT="&#8212;Foreword." HEIGHT="39" HPOS="1453" VPOS="3289" WIDTH="333" />
</TextLine>
<TextLine CS="1" HEIGHT="55" HPOS="116" VPOS="3350" WIDTH="1991">
<String CONTENT="&#169;" HEIGHT="51" HPOS="116" LANG="en-US" VPOS="3350" WIDTH="49" />
<SP HEIGHT="51" HPOS="166" VPOS="3350" WIDTH="27" />
<String CONTENT="Jan." HEIGHT="38" HPOS="194" LANG="en-US" VPOS="3356" WIDTH="107" />
<SP HEIGHT="37" HPOS="302" VPOS="3358" WIDTH="26" />
<String CONTENT="4," HEIGHT="43" HPOS="329" LANG="en-US" VPOS="3358" WIDTH="39" />
<SP HEIGHT="43" HPOS="369" VPOS="3358" WIDTH="27" />
<String CONTENT="1934;" HEIGHT="42" HPOS="397" LANG="en-US" VPOS="3356" WIDTH="139" />
<SP HEIGHT="40" HPOS="537" VPOS="3358" WIDTH="28" />
<String CONTENT="2c." HEIGHT="38" HPOS="566" LANG="en-US" VPOS="3358" WIDTH="65" />
<SP HEIGHT="37" HPOS="632" VPOS="3359" WIDTH="28" />
<String CONTENT="Jan." HEIGHT="38" HPOS="661" LANG="en-US" VPOS="3359" WIDTH="108" />
<SP HEIGHT="38" HPOS="770" VPOS="3359" WIDTH="28" />
<String CONTENT="8:" HEIGHT="38" HPOS="799" LANG="en-US" VPOS="3359" WIDTH="50" />
<SP HEIGHT="29" HPOS="850" VPOS="3369" WIDTH="31" />
<String CONTENT="aff." HEIGHT="39" HPOS="882" LANG="en-US" VPOS="3359" WIDTH="79" />
<SP HEIGHT="35" HPOS="962" VPOS="3363" WIDTH="25" />
<String CONTENT="Jan." CS="1" HEIGHT="27" HPOS="1025" LANG="en-US" VPOS="3371" WIDTH="73" />
<SP HEIGHT="37" HPOS="1099" VPOS="3361" WIDTH="29" />
<String CONTENT="12:" HEIGHT="39" HPOS="1129" LANG="en-US" VPOS="3360" WIDTH="79" />
<SP HEIGHT="39" HPOS="1209" VPOS="3360" WIDTH="26" />
<String CONTENT="A" HEIGHT="38" HPOS="1236" LANG="en-US" VPOS="3360" WIDTH="44" />
<SP HEIGHT="39" HPOS="1281" VPOS="3360" WIDTH="27" />
<String CONTENT="67970:" HEIGHT="42" HPOS="1309" LANG="en-US" VPOS="3358" WIDTH="169" />
<SP HEIGHT="41" HPOS="1479" VPOS="3359" WIDTH="31" />
<String CONTENT="Anthroposophie" HEIGHT="48" HPOS="1511" LANG="de" VPOS="3357" WIDTH="419" />
<SP HEIGHT="36" HPOS="1931" VPOS="3368" WIDTH="28" />
<String CONTENT="press." HEIGHT="38" HPOS="1960" LANG="en-US" VPOS="3366" WIDTH="147" />
</TextLine>
<TextLine HEIGHT="47" HPOS="191" VPOS="3412" WIDTH="248">
<String CONTENT="(34-1707)" HEIGHT="47" HPOS="191" VPOS="3412" WIDTH="248" />
</TextLine>
<TextLine HEIGHT="72" HPOS="114" STYLEREFS="StyleId-F7783722-038E-4298-8539-1A4CE05BCB14-" VPOS="3526" WIDTH="1012">
<String CONTENT="Stone," HEIGHT="67" HPOS="114" VPOS="3526" WIDTH="195" />
<SP HEIGHT="62" HPOS="310" VPOS="3531" WIDTH="30" />
<String CONTENT="Archie" HEIGHT="53" HPOS="341" VPOS="3531" WIDTH="218" />
<SP HEIGHT="51" HPOS="560" VPOS="3533" WIDTH="29" />
<String CONTENT="Augustus," HEIGHT="65" HPOS="590" VPOS="3533" WIDTH="332" />
<SP HEIGHT="60" HPOS="923" VPOS="3538" WIDTH="32" />
<String CONTENT="1893-" HEIGHT="50" HPOS="956" VPOS="3537" WIDTH="170" />
</TextLine>
<TextLine CS="1" HEIGHT="72" HPOS="183" STYLEREFS="StyleId-F7783722-038E-4298-8539-1A4CE05BCB14-" VPOS="3605" WIDTH="1928">
<String CONTENT="Farm" HEIGHT="52" HPOS="183" VPOS="3605" WIDTH="172" />
<SP HEIGHT="32" HPOS="356" VPOS="3624" WIDTH="25" />
<String CONTENT="machinery," HEIGHT="69" HPOS="382" VPOS="3607" WIDTH="344" />
<SP HEIGHT="65" HPOS="727" VPOS="3609" WIDTH="24" />
<String CONTENT="by" HEIGHT="68" HPOS="752" VPOS="3609" WIDTH="75" />
<SP HEIGHT="67" HPOS="828" VPOS="3610" WIDTH="28" />
<String CONTENT="Archie" HEIGHT="54" HPOS="857" VPOS="3609" WIDTH="208" />
<SP HEIGHT="51" HPOS="1066" VPOS="3611" WIDTH="27" />
<String CONTENT="A." HEIGHT="52" HPOS="1094" VPOS="3611" WIDTH="68" />
<SP HEIGHT="54" HPOS="1163" VPOS="3610" WIDTH="26" />
<String CONTENT="Stone" HEIGHT="54" HPOS="1190" VPOS="3610" WIDTH="171" />
<SP HEIGHT="33" HPOS="1362" VPOS="3631" WIDTH="34" />
<String CONTENT="&#8230;" CS="1" />
<SP HEIGHT="51" HPOS="1452" VPOS="3612" WIDTH="66" />
<String CONTENT="2d" HEIGHT="53" HPOS="1519" VPOS="3610" WIDTH="73" />
<SP HEIGHT="53" HPOS="1593" VPOS="3610" WIDTH="24" />
<String CONTENT="ed." HEIGHT="54" HPOS="1618" VPOS="3609" WIDTH="83" />
<SP HEIGHT="51" HPOS="1702" VPOS="3608" WIDTH="62" />
<String CONTENT="New" HEIGHT="53" HPOS="1765" VPOS="3608" WIDTH="137" />
<SP HEIGHT="51" HPOS="1903" VPOS="3608" WIDTH="28" />
<String CONTENT="York," HEIGHT="69" HPOS="1932" VPOS="3607" WIDTH="179" />
</TextLine>
<TextLine CS="1" HEIGHT="78" HPOS="114" STYLEREFS="StyleId-F7783722-038E-4298-8539-1A4CE05BCB14-" VPOS="3679" WIDTH="1991">
<String CONTENT="J." HEIGHT="52" HPOS="114" VPOS="3681" WIDTH="52" />
<SP HEIGHT="55" HPOS="167" VPOS="3679" WIDTH="27" />
<String CONTENT="Wiley" HEIGHT="71" HPOS="195" VPOS="3679" WIDTH="185" />
<SP HEIGHT="64" HPOS="381" VPOS="3686" WIDTH="25" />
<String CONTENT="&amp;" HEIGHT="49" HPOS="407" VPOS="3686" WIDTH="45" />
<SP HEIGHT="51" HPOS="453" VPOS="3686" WIDTH="24" />
<String CONTENT="sons," HEIGHT="49" HPOS="478" VPOS="3703" WIDTH="142" />
<SP HEIGHT="63" HPOS="621" VPOS="3689" WIDTH="26" />
<String CONTENT="inc.;" CS="1" HEIGHT="51" HPOS="648" VPOS="3689" WIDTH="106" />
<SP HEIGHT="64" HPOS="786" VPOS="3688" WIDTH="28" />
<String CONTENT="London," HEIGHT="69" HPOS="815" VPOS="3688" WIDTH="256" />
<SP HEIGHT="69" HPOS="1072" VPOS="3688" WIDTH="28" />
<String CONTENT="Chapman" HEIGHT="68" HPOS="1101" VPOS="3688" WIDTH="297" />
<SP HEIGHT="50" HPOS="1399" VPOS="3690" WIDTH="25" />
<String CONTENT="&amp;" HEIGHT="49" HPOS="1425" VPOS="3690" WIDTH="45" />
<SP HEIGHT="50" HPOS="1471" VPOS="3689" WIDTH="25" />
<String CONTENT="Hall," HEIGHT="66" HPOS="1497" VPOS="3688" WIDTH="160" />
<SP HEIGHT="67" HPOS="1658" VPOS="3687" WIDTH="27" />
<String CONTENT="limited," HEIGHT="70" HPOS="1686" VPOS="3685" WIDTH="239" />
<SP HEIGHT="65" HPOS="1926" VPOS="3690" WIDTH="30" />
<String CONTENT="1934." HEIGHT="49" HPOS="1957" VPOS="3689" WIDTH="148" />
</TextLine>
<TextLine CS="1" HEIGHT="56" HPOS="181" VPOS="3754" WIDTH="1922">
<String CONTENT="xii," HEIGHT="48" HPOS="181" VPOS="3754" WIDTH="82" />
<SP HEIGHT="45" HPOS="264" VPOS="3757" WIDTH="35" />
<String CONTENT="466" HEIGHT="39" HPOS="300" VPOS="3756" WIDTH="85" />
<SP HEIGHT="48" HPOS="386" VPOS="3756" WIDTH="35" />
<String CONTENT="p." HEIGHT="37" HPOS="422" VPOS="3767" WIDTH="41" />
<SP HEIGHT="38" HPOS="464" VPOS="3758" WIDTH="64" />
<String CONTENT="illus.," HEIGHT="48" HPOS="529" VPOS="3758" WIDTH="141" />
<SP HEIGHT="45" HPOS="671" VPOS="3761" WIDTH="39" />
<String CONTENT="diagr." HEIGHT="47" HPOS="711" VPOS="3760" WIDTH="151" />
<SP HEIGHT="38" HPOS="863" VPOS="3761" WIDTH="60" />
<String CONTENT="21cm." HEIGHT="40" HPOS="924" VPOS="3761" WIDTH="116" />
<SP />
<String CONTENT="(Half-title:" HEIGHT="49" HPOS="1112" VPOS="3761" WIDTH="298" />
<SP HEIGHT="39" HPOS="1411" VPOS="3763" WIDTH="32" />
<String CONTENT="The" HEIGHT="38" HPOS="1444" VPOS="3763" WIDTH="99" />
<SP HEIGHT="39" HPOS="1544" VPOS="3762" WIDTH="38" />
<String CONTENT="Wiley" HEIGHT="48" HPOS="1583" VPOS="3761" WIDTH="154" />
<SP HEIGHT="48" HPOS="1738" VPOS="3761" WIDTH="36" />
<String CONTENT="farm" HEIGHT="39" HPOS="1775" VPOS="3761" WIDTH="128" />
<SP HEIGHT="29" HPOS="1904" VPOS="3771" WIDTH="36" />
<String CONTENT="series," HEIGHT="48" HPOS="1941" VPOS="3760" WIDTH="162" />
</TextLine>
<TextLine CS="1" HEIGHT="54" HPOS="112" VPOS="3811" WIDTH="1369">
<String CONTENT="ed." HEIGHT="39" HPOS="112" VPOS="3811" WIDTH="69" />
<SP HEIGHT="39" HPOS="182" VPOS="3812" WIDTH="27" />
<String CONTENT="by" HEIGHT="47" HPOS="210" VPOS="3812" WIDTH="58" />
<SP HEIGHT="45" HPOS="269" VPOS="3814" WIDTH="28" />
<String CONTENT="A." HEIGHT="39" HPOS="298" VPOS="3814" WIDTH="53" />
<SP HEIGHT="40" HPOS="352" VPOS="3813" WIDTH="25" />
<String CONTENT="K." HEIGHT="40" HPOS="378" VPOS="3813" WIDTH="57" />
<SP HEIGHT="40" HPOS="436" VPOS="3814" WIDTH="29" />
<String CONTENT="Getman" HEIGHT="40" HPOS="466" VPOS="3814" WIDTH="202" />
<SP HEIGHT="27" HPOS="669" VPOS="3828" WIDTH="35" />
<String CONTENT="&#8230;" CS="1" />
<SP HEIGHT="28" HPOS="750" VPOS="3828" WIDTH="31" />
<String CONTENT="and" HEIGHT="38" HPOS="782" VPOS="3819" WIDTH="93" />
<SP HEIGHT="41" HPOS="876" VPOS="3818" WIDTH="29" />
<String CONTENT="C." HEIGHT="42" HPOS="906" VPOS="3818" WIDTH="48" />
<SP HEIGHT="41" HPOS="955" VPOS="3819" WIDTH="29" />
<String CONTENT="E." HEIGHT="39" HPOS="985" VPOS="3819" WIDTH="52" />
<SP HEIGHT="38" HPOS="1038" VPOS="3820" WIDTH="28" />
<String CONTENT="Ladd)" HEIGHT="46" HPOS="1067" VPOS="3819" WIDTH="159" />
<SP HEIGHT="48" HPOS="1227" VPOS="3817" WIDTH="124" />
<String CONTENT="$3.00" HEIGHT="48" HPOS="1352" VPOS="3817" WIDTH="129" />
</TextLine>
<TextLine CS="1" HEIGHT="115" HPOS="118" VPOS="3881" WIDTH="1973">
<String CONTENT="&#169;" HEIGHT="50" HPOS="118" VPOS="3881" WIDTH="49" />
<SP HEIGHT="50" HPOS="168" VPOS="3881" WIDTH="32" />
<String CONTENT="Jan." HEIGHT="40" HPOS="201" VPOS="3887" WIDTH="107" />
<SP HEIGHT="39" HPOS="309" VPOS="3888" WIDTH="33" />
<String CONTENT="9." HEIGHT="39" HPOS="343" VPOS="3888" WIDTH="38" />
<SP HEIGHT="36" HPOS="382" VPOS="3890" WIDTH="34" />
<String CONTENT="1934;" CS="1" HEIGHT="39" HPOS="417" VPOS="3889" WIDTH="112" />
<SP HEIGHT="45" HPOS="557" VPOS="3890" WIDTH="34" />
<String CONTENT="2c." HEIGHT="39" HPOS="592" VPOS="3890" WIDTH="64" />
<SP HEIGHT="27" HPOS="657" VPOS="3901" WIDTH="36" />
<String CONTENT="and" HEIGHT="37" HPOS="694" VPOS="3893" WIDTH="93" />
<SP HEIGHT="37" HPOS="788" VPOS="3893" WIDTH="34" />
<String CONTENT="aff." CS="1" HEIGHT="28" HPOS="823" VPOS="3902" WIDTH="78" />
<SP HEIGHT="39" HPOS="902" VPOS="3891" WIDTH="35" />
<String CONTENT="Jan." HEIGHT="39" HPOS="938" VPOS="3891" WIDTH="107" />
<SP HEIGHT="37" HPOS="1046" VPOS="3893" WIDTH="36" />
<String CONTENT="11:" CS="1" HEIGHT="37" HPOS="1083" VPOS="3893" WIDTH="45" />
<SP HEIGHT="38" HPOS="1164" VPOS="3893" WIDTH="37" />
<String CONTENT="A" HEIGHT="36" HPOS="1202" VPOS="3893" WIDTH="38" />
<SP HEIGHT="38" HPOS="1241" VPOS="3893" WIDTH="33" />
<String CONTENT="68851:" HEIGHT="40" HPOS="1275" VPOS="3892" WIDTH="168" />
<SP HEIGHT="39" HPOS="1444" VPOS="3893" WIDTH="37" />
<String CONTENT="A." HEIGHT="39" HPOS="1482" VPOS="3893" WIDTH="53" />
<SP HEIGHT="40" HPOS="1536" VPOS="3892" WIDTH="34" />
<String CONTENT="A." HEIGHT="40" HPOS="1571" VPOS="3892" WIDTH="53" />
<SP HEIGHT="40" HPOS="1625" VPOS="3892" WIDTH="37" />
<String CONTENT="Stone," HEIGHT="40" HPOS="1663" VPOS="3892" WIDTH="158" />
<SP HEIGHT="40" HPOS="1822" VPOS="3892" WIDTH="36" />
<String CONTENT="Farmingdale," HEIGHT="99" HPOS="182" VPOS="3891" WIDTH="1909" />
<SP HEIGHT="45" HPOS="303" VPOS="3945" WIDTH="28" />
<String CONTENT="L," HEIGHT="39" HPOS="332" VPOS="3945" WIDTH="49" />
<SP />
<String CONTENT="I.," CS="1" />
<SP />
<String CONTENT="N." HEIGHT="39" HPOS="493" LANG="fr" VPOS="3946" WIDTH="55" />
<SP HEIGHT="37" HPOS="549" VPOS="3948" WIDTH="27" />
<String CONTENT="Y." HEIGHT="37" HPOS="577" LANG="fr" VPOS="3948" WIDTH="53" />
<SP HEIGHT="47" HPOS="631" VPOS="3947" WIDTH="72" />
<String CONTENT="(34-1863)" HEIGHT="49" HPOS="704" VPOS="3947" WIDTH="250" />
</TextLine>
</TextBlock>
<GraphicalElement HEIGHT="5" HPOS="1673" ID="Page79_Block3" VPOS="2884" WIDTH="99" />
</PrintSpace>
</Page>
</Layout>
</alto>