2350 4196
1067 4000 132 51 1651

164 361 201 65 Nagle,
396 364 221 64 Urban,
683 365 212 63 brother,
926 368 169 49 1905-

158 441 1974 146 … An empirical study of the development of religious thinking
280 517 60 54 in
368 519 138 68 boys
537 521 151 53 from
715 523 199 51 twelve
944 528 56 45 to
1031 519 213 56 sixteen
1273 539 163 49 years
1465 521 94 53 old
1613 522 74 66 [by]
1741 522 199 53 Urban
1971 522 183 67 Nagle

214 596 1941 72 … Washington, D. C., The Catholic university of America,
152 681 16 20 c
175 678 148 51 1934.

212 748 84 39 126
325 760 41 36 p.
425 748 177 49 diagrs.
660 750 55 39 22½c
765 754 26 19 m
797 782 6 7 .

225 805 63 41 At
316 806 124 39 head
466 807 52 39 of
544 805 135 43 title:
709 808 101 40 The
835 807 221 41 Catholic
1084 807 271 48 university
1381 807 53 39 of
1460 807 239 41 America.

224 863 171 40 Thesis
437 865 13 47 (PH.
628 865 185 45 D.)—The
845 863 221 42 Catholic
1098 863 269 49 university
1400 864 52 40 of
1479 864 238 48 America,
1748 864 127 40 1934.

228 919 347 49 Bibliography:
636 933 42 36 p.
711 921 214 41 115-124.

159 973 1996 54 © Nov. 2, 1934; 2c. and aff. Nov. 20; A 77283; Catholic univ. of America.
235 1034 279 47 (34-40700)

157 1097 281 64 Nearing,
469 1098 149 64 Guy.

220 1174 185 53 Dawn
441 1175 200 55 breaks
678 1177 128 65 late,
840 1178 73 65 by
949 1177 131 65 Guy
1113 1175 283 68 Nearing;
1437 1195 31 33 a
1501 1176 253 52 fictional
1790 1193 265 50 sequence
2089 1174 62 53 of

154 1253 120 51 love
306 1258 241 48 sonnets.
625 1253 233 55 Chadds
891 1255 172 66 Ford,
1099 1256 231 67 Penna.,
1363 1256 135 65 Ipse
1528 1272 157 49 press
1724 1288 12 33 [
1741 1261 18 20 c
1764 1257 137 50 1934
1904 1288 11 33 ]

239 1323 349 50 [ 105] p. 23 cm .
157 1379 1996 53 © Nov. 1. 1934; 2c. and aff. Nov. 6; A 78407; G. Nearing, Chadds Ford,
224 1441 81 39 Pa.
377 1441 281 48 (34-40842)

153 1503 145 52 New
325 1504 178 51 York.
580 1505 417 63 Metropolitan
1027 1520 269 38 museum
1323 1506 63 50 of
1411 1508 116 51 art.

153 1580 2000 145 … A guide to the collections. Part n. European and American art: mediaeval art, renaissance and modern art; American
153 1736 170 69 wing,
354 1756 149 33 arms
534 1739 111 51 and
677 1756 205 44 armor,
913 1738 311 69 paintings,
1259 1740 199 65 prints.
1525 1739 139 52 New
1693 1737 181 68 York,
1905 1741 150 48 1934.

222 1811 1196 51 x, 153, [1] p., 1 l. illus. (incl. plans) 21½ cm .
222 1870 66 38 At
311 1870 123 39 head
462 1869 50 38 of
539 1869 135 39 title:
702 1870 101 38 The
832 1867 346 50 Metropolitan
1203 1879 221 31 museum
1452 1869 54 40 of
1530 1871 90 37 art.

222 1927 148 38 Plans
396 1937 59 29 on
485 1937 42 36 p.
572 1924 41 50 [2]
644 1927 97 38 and
768 1926 53 49 [3]
851 1926 51 40 of
928 1936 154 31 cover.

154 1980 50 51 ©
233 1984 111 39 Dec.
370 1983 69 43 24,
466 1982 115 41 1934;
636 1983 64 39 2c.
729 1984 93 39 and
852 1982 80 40 aff.
962 1984 110 39 Dec.
1100 1983 79 43 27;
1211 1985 39 37 A
1280 1982 168 47 77866;
1479 1982 349 48 Metropolitan
1857 1992 218 29 museum
2101 1983 53 40 of

222 2042 91 44 art,
341 2040 117 39 New
485 2041 130 39 York.

150 2102 165 54 Ohio.
390 2104 185 64 Laws,
603 2108 257 50 statutes,
890 2109 97 48 etc.

149 2178 1977 135 … Baldwin’s Ohio code service, supplementing Throckmorton’s
322 2259 307 52 annotated
660 2259 150 55 code.
876 2262 134 49 1934
1036 2255 251 58 certified
1315 2259 84 52 ed.
1471 2259 324 65 [December
1828 2261 134 51 1934
149 2276 1979 128 number]
337 2337 199 67 Keyed
571 2342 57 46 to
662 2336 188 52 Bates’

149 2335 1976 147 compact Ohio digest … edited by William Edward Baldwin … Jay
1152 2413 938 58 S. Hudson … Glenn Kitson …
149 2491 1924 71 Cleveland, Banks-Baldwin law publishing company [ c 1934]
218 2569 25 38 3
270 2578 41 37 p.
376 2599 7 15 l.,
414 2568 55 39 64
497 2578 42 36 p.
598 2567 53 39 25½cm.

218 2625 63 39 At
306 2626 124 38 head
458 2625 51 38 of
532 2623 136 41 title:
706 2623 215 49 (Special
947 2622 272 50 legislative
1246 2625 155 47 issue)

151 2677 1996 52 © Dec. 24, 1934; 2c. Dec. 29; aff. Dec. 28; A 78785: William Edward
219 2738 235 48 Baldwin,
482 2739 276 40 Cleveland.

146 2801 213 53 Pacific
384 2805 268 59 reporter
685 2802 102 62 (2d
816 2800 146 64 ser.)

216 2878 353 67 Temporary
598 2876 209 54 Pacific
836 2877 184 68 digest
1050 2878 62 50 of
1139 2879 251 53 volumes
1419 2881 188 54 31-35,
1634 2875 211 57 Pacific
1874 2883 272 62 reporter.

149 2955 1969 132 Second series. With table of cases digested … By the publisher’s
398 3034 262 54 editorial
698 3031 148 57 staff.
921 3034 80 54 St.
1036 3035 165 58 Paul,
1232 3038 160 52 West
1424 3035 336 67 publishing
1792 3053 96 38 co.,
1926 3036 146 49 1934.

214 3108 86 39 445
330 3119 42 37 p.
430 3109 114 37 24cm.

149 3161 1830 52 © Nov. 26, 1934; 2c. Dec. 27; aff. Dec. 24: A 78727; West pub. co.
146 3227 172 56 Pack,
347 3228 233 52 Arthur
610 3228 270 62 Newton,
914 3232 171 50 1893-

218 3303 122 53 The
381 3303 290 66 challenge
714 3302 64 54 of
820 3302 220 66 leisure,
1085 3304 71 65 by
1201 3303 223 55 Arthur
1468 3304 236 52 Newton
1751 3304 171 53 Pack.
2006 3302 132 54 New

150 3379 174 57 York,
352 3381 122 53 The
500 3379 331 52 Macmillan
860 3398 296 49 company,
1188 3384 148 48 1934.

214 3450 628 49 5 p. l., 3-244 p. 19½cm.
145 3508 1621 52 © Dec. 4, 1934; 2c. and aff. Dec. 5; A 77464; Macmillan co.
221 3568 279 49 (34-41077)

142 3632 225 63 Pattez,
398 3631 256 54 Marthe.

271 3705 1791 71 … Ginette devant le mariage. Paris, J. Tallandier [1934]
208 3777 1404 51 2 p. l., [7]-256 p. 16 ½c m . (Les romans bleus. [51])
141 3833 1990 110 © July 15, 1934; 1c. Oct. 26; A- Foreign 25932; Société d’éditions eide publications, Paris. (34-40860)
