2350 4196
1131 4005 100 55 775

167 360 300 66 Shotwell,
496 362 203 53 James
726 359 313 56 Thomson,
1073 355 126 55 1874-

248 438 122 53 The
401 437 255 67 heritage
688 436 63 53 of
784 434 281 66 freedom;
1100 433 94 53 the
1226 430 217 55 United
1477 429 188 54 States
1697 428 112 53 and
1845 428 231 55 Canada
2110 427 61 53 in

178 517 96 51 the
306 513 347 69 community
684 513 62 52 of
773 513 242 64 nations,
1042 510 75 69 by
1146 510 191 53 James
1369 509 62 50 T.
1467 507 287 54 Shotwell.
1823 506 136 52 New
1992 505 178 70 York,
184 593 253 67 London,
468 591 61 55 C.
561 590 310 56 Scribner’s
899 606 143 50 sons,
1073 589 149 51 1934.

250 665 51 39 ix
327 675 57 37 p.,
414 664 26 38 2
503 695 8 16 l.,
539 663 144 41 3-136
711 674 42 37 p.
809 662 55 40 21
867 664 45 21 cm
917 694 8 8 .
991 662 299 48 (Half-title:
1317 660 213 39 Pearson
1559 658 241 40 Kirkman
1830 659 220 40 Marfleet
179 661 1973 102 lectures

345 725 51 37 at
430 722 82 39 the
547 720 281 47 University
862 719 51 40 of
944 719 210 38 Toronto
1193 715 170 51 [1932])

180 793 55 51 ©
260 797 125 39 June
414 796 39 46 8,
482 795 139 46 1934;
652 795 24 38 2
683 806 36 28 c.
748 795 94 38 and
871 792 79 40 aff.
981 792 125 41 June
1134 791 81 45 12;
1247 791 42 39 A
1315 790 169 46 72737;
1517 790 202 40 Charles
1752 789 264 41 Scribner’s
2046 799 125 31 sons.

260 852 279 49 (34-16893)

172 970 281 64 Shrager,
481 969 282 55 Marleon.

244 1048 121 51 The
399 1047 252 66 dancers,
686 1046 74 68 by
795 1045 259 54 Marleon
1094 1044 263 66 Shrager.
1431 1042 258 66 London,
1726 1042 365 53 Hutchinson
2128 1046 45 49 &
172 1145 99 49 co.,
301 1126 102 54 ltd.
442 1128 170 63 [1934]

248 1202 26 38 4
301 1211 40 38 p.
404 1230 8 16 l.,
440 1198 173 41 13-287
639 1209 42 37 p.
745 1197 102 48 19p
849 1200 28 20 m
881 1226 7 8 .

180 1263 1995 55 © 1c. June 2, 1934; A ad int. 19003; pubd. Apr. 3; Leonie Shrager and
253 1328 206 39 Isabelle
493 1325 234 47 Marjorie
763 1326 222 46 Shrager,
1018 1324 270 45 Lausanne,
1326 1321 333 42 Switzerland.

260 1383 279 49 (34-19181)

174 1497 432 66 Simkhovitch,
637 1501 138 52 Mrs.
808 1501 172 62 Mary
1008 1495 255 56 Melinda
1295 1494 407 66 (Kingsbury)
1744 1494 171 55 1867-

174 1570 2002 153 … The Red festival, by Mary K. Simkhovitch. Milwaukee, Wis., Morehouse publishing co. [ c 1934 ]
250 1727 26 39 2
300 1738 42 37 p.
405 1759 8 14 l.,
441 1728 26 40 8
491 1737 44 37 p.
599 1727 55 40 19
658 1729 43 21 cm
706 1758 8 7 .
786 1727 140 47 (New
953 1728 154 39 tracts
1133 1725 79 41 for
1237 1735 106 30 new
1369 1724 155 40 times,
1589 1734 74 30 no.
1691 1723 50 49 6)

182 1795 56 52 ©
265 1800 113 46 May
406 1800 67 45 15,
502 1799 140 46 1934;
673 1799 67 39 2c.
769 1800 112 46 May
910 1798 81 47 25;
1021 1797 81 41 aff.
1133 1798 111 47 May
1272 1797 82 47 23;
1386 1796 40 39 A
1454 1796 142 40 72513;
1657 1797 286 39 Morehouse
1973 1796 107 47 pub.
2111 1804 67 32 co.

262 1856 279 48 (34-16685)

175 1970 294 68 Simpson,
502 1973 276 64 Kemper,
814 1976 171 49 1893-

259 2046 1860 71 Introduction to world economics, by Kemper Simpson …
189 2127 138 52 with
359 2146 30 33 a
422 2127 283 52 foreword
734 2128 74 68 by
839 2127 239 54 Senator
1109 2127 254 53 Edward
1392 2127 63 54 P.
1492 2125 286 69 Costigan.
1849 2125 134 53 New
2020 2124 159 54 York
187 2205 112 52 and
328 2206 258 67 London,
617 2206 230 67 Harper
880 2207 44 50 &
953 2205 271 67 brothers,
1259 2206 150 51 1934.

256 2277 665 49 xvi p., 1 l. 295 p. 24 cm .
258 2334 162 42 “First
454 2334 225 42 edition.”

258 2393 117 40 This
400 2393 190 40 volume
615 2394 233 46 attempts
872 2395 48 37 to
945 2391 109 50 give
1075 2405 26 28 a
1126 2394 149 39 broad
1299 2393 122 40 view
1445 2394 51 39 of
1519 2394 80 40 the
1626 2393 266 41 industries
1916 2396 95 38 and
188 2393 1975 105 banking
305 2453 207 45 systems
548 2450 51 39 of

634 2451 80 39 the
752 2450 114 39 four
902 2451 152 39 world
1091 2460 198 39 powers,
1329 2451 79 40 the
1446 2451 179 40 United
1665 2452 175 46 States,
1881 2453 80 38 the
2002 2450 176 42 United

187 2508 242 48 kingdom,
469 2508 256 47 Germany,
764 2508 96 39 and
896 2507 200 48 France,
1135 2507 81 40 the
1253 2508 240 40 economic
1531 2508 365 41 interrelations
1934 2509 51 40 of
2022 2508 158 41 which

188 2576 84 29 are
299 2567 117 39 used
445 2568 53 38 to
525 2566 198 47 develop
752 2574 128 30 some
911 2565 194 47 general
1136 2564 238 41 economic
1407 2564 273 49 principles,
1740 2568 61 47 cf.
1831 2566 130 41 Pref.

189 2623 50 52 ©
269 2627 126 39 June
424 2627 68 46 14,
522 2625 141 47 1934;
695 2625 64 40 2c.
792 2625 124 39 June
946 2625 82 46 14;
1060 2624 82 40 aff.
1173 2624 124 40 June
1326 2626 55 39 16;
1439 2625 40 39 A
1510 2626 142 39 73116;
1713 2626 192 48 Harper
1936 2626 37 40 &
2001 2627 123 38 bros.

269 2683 279 48 (34-16889)

181 2800 214 66 Smith,
424 2802 165 66 Lady
617 2799 254 55 Eleanor
898 2800 333 65 Furneaux,
1264 2803 171 50 1902-

256 2880 225 54 Satan’s
513 2879 198 67 circus,
743 2879 74 67 by
848 2879 164 67 Lady
1046 2878 247 53 Eleanor
1329 2878 204 56 Smith.
1611 2879 416 67 Indianapolis,
2059 2880 121 52 The
185 2956 443 53 Bobbs-Merrill
660 2974 281 50 company
979 2990 12 34 [
995 2962 19 22 c
1019 2959 151 65 1934]

257 3029 87 42 329
372 3040 43 39 p.
474 3028 59 41 20½c
580 3031 27 21 m
613 3061 8 9 .

261 3085 162 42 “First
456 3085 227 42 edition.”

190 3141 1975 106 CONTENTS. — Satan’s circus. — Mrs. Raeburn’s waxwork. — Candlelight.—Portrait
648 3200 51 39 of
739 3211 26 28 a
805 3202 168 46 strong
1009 3200 288 42 man.—The
1336 3201 403 40 brothers.—The
193 3201 1988 95 hurdy-gurdy.—Sweet
409 3256 210 48 Spanish
674 3256 335 41 ladies.—One

1065 3256 908 49 o’clock.—Lyceum.—Whittington’s
189 3261 1993 93 cat.—Tamar.

192 3365 50 52 ©
279 3371 114 46 May
425 3370 69 47 16,
531 3369 140 46 1934;
709 3371 67 40 2c.
813 3372 112 46 May
962 3370 80 47 18;
1080 3371 82 40 aff.
1197 3372 125 40 June
1359 3373 81 46 14;
1479 3373 40 39 A
1555 3373 170 45 72861;
1765 3374 209 38 Eleanor
2014 3370 170 49 Smith,

259 3427 209 40 London.
535 3426 283 49 [Copyright
845 3427 40 40 is
916 3427 204 41 claimed
1150 3439 58 29 on
1239 3440 103 29 new
1373 3432 194 46 matter]
269 3483 279 49 (34-16710)

185 3598 173 66 Snell,
388 3599 230 66 George
642 3599 213 58 Dixon.

258 3676 121 54 The
405 3683 160 62 great
590 3679 207 64 Adam,
824 3697 31 34 a
880 3680 182 66 novel,
1089 3680 73 67 by
1188 3681 223 68 George
1436 3680 195 55 Dixon
1659 3679 175 67 Snell,
1937 3724 9 11 III.
192 3679 1966 142 Caldwell,
358 3756 107 68 Id.,
492 3757 120 53 The
639 3756 224 55 Caxton
889 3756 266 68 printers,
1179 3758 121 64 ltd.,
1330 3763 149 49 1934.

260 3827 87 41 449
375 3838 44 38 p.
479 3828 57 41 19½c
583 3831 27 21 m
615 3864 9 8 .

195 3879 50 52 ©
279 3885 125 40 June
435 3886 69 47 15,
538 3886 139 43 1934;
712 3887 67 43 2c.
814 3885 95 42 and
943 3888 80 39 aff.
1058 3889 125 39 June
1216 3889 55 39 20;
1335 3889 40 39 A
1407 3890 170 43 72873;
1615 3889 189 41 Caxton
1838 3886 226 51 printers,
2098 3886 87 42 ltd.

275 3942 279 49 (34-16712)
