2350 4196
1121 4016 100 48 344

245 460 162 42 “First
439 459 226 41 edition.”

247 515 438 48 “Bibliographical
719 515 139 40 note”
878 526 8 28 :
917 526 43 37 p.
993 515 215 42 181-182.

179 570 50 52 ©
257 575 123 39 Mar.
403 574 68 46 22,
498 573 139 46 1934;
667 574 65 39 2c.
761 575 121 37 Mar.
908 574 80 46 24;
1019 574 79 39 aff.
1127 574 120 41 Mar.
1275 575 80 46 23;
1386 576 39 37 A
1451 575 169 46 70800;
1651 577 52 39 E.
1731 577 48 38 P.
1809 577 185 39 Dutton
2023 576 35 40 &
2083 587 81 35 co.,

247 632 88 39 inc.
408 630 249 47 (34-6391)

183 732 280 66 Whiting,
494 732 261 54 Bartlett
786 733 154 63 Jere,
974 735 169 50 1904-

307 810 1853 68 … Chaucer’s use of proverbs, by Bartlett Jere Whiting.
179 888 360 67 Cambridge,
568 889 273 52 Harvard
869 888 315 67 university
1213 906 173 49 press,
1416 892 149 50 1934.

252 960 82 48 xii,
354 961 85 39 297
456 971 43 37 p.
551 960 116 41 22cm.
732 960 253 48 (Harvard
1012 961 183 40 studies
1219 961 50 39 in
1293 961 329 47 comparative
1648 960 257 40 literature.
1972 962 91 39 vol.
2145 961 13 47 XI)

251 1017 145 40 “This
428 1017 122 39 book
583 1027 99 30 was
716 1027 27 29 a
777 1017 183 40 section
994 1018 51 38 of
1076 1029 77 36 my
1186 1019 217 39 doctoral
1437 1017 316 41 dissertation
1790 1017 241 49 [Harvard
180 1018 1968 103 university,
404 1073 266 49 1932]”—p.
701 1074 64 40 ix.

253 1130 285 40 “Chaucer’s
571 1141 147 37 usage
748 1131 41 39 is
820 1132 254 47 compared
1105 1131 118 39 with
1253 1133 108 38 that
1393 1132 51 38 of
1473 1133 138 38 other
1641 1131 191 39 writers
1865 1131 50 39 of
1944 1130 77 41 his
2050 1131 115 41 time

180 1197 53 28 or
260 1187 178 47 before,
470 1188 94 38 and
594 1187 289 48 appendices
911 1187 196 40 contain
1135 1189 80 38 the
1244 1187 273 49 proverbial
1546 1187 239 45 material,
1815 1198 53 29 or
1895 1189 270 39 references

182 1245 47 38 to
255 1244 51 46 it,
332 1244 49 39 in
408 1244 80 40 the
513 1243 239 47 fabliaux,
778 1245 81 39 the
884 1244 159 40 works
1067 1245 52 39 of
1144 1245 243 39 Eustache
1412 1245 311 46 Deschamps,
1750 1246 94 38 and
1871 1245 80 39 the
1980 1244 184 40 French

180 1302 94 38 and
303 1299 202 48 English
533 1300 159 40 works
720 1301 51 38 of
796 1301 130 39 John
953 1301 405 40 Gower.”—Pref.

250 1357 203 39 “Notes”
475 1369 7 27 :
517 1368 41 36 p.
595 1357 245 49 [195]-203.

182 1423 50 51 ©
268 1429 120 38 Mar.
426 1428 68 43 19,
532 1428 139 41 1934;
711 1429 64 39 2c.
815 1430 121 38 Mar.
973 1429 81 41 23;
1095 1429 80 40 aff.
1213 1430 120 39 Mar.
1372 1429 81 46 26;
1494 1429 40 38 A
1572 1428 167 42 70792;
1782 1428 256 40 President
2072 1429 96 39 and

246 1485 189 39 fellows
467 1486 52 38 of
546 1486 229 38 Harvard
808 1486 189 47 college.
1031 1485 298 48 Cambridge.
1365 1487 144 38 Mass.
1584 1485 249 48 (34-6289)

181 1586 302 66 Williams,
511 1588 182 52 Eléna
725 1588 241 64 Erving.

181 1662 1986 149 Keeping campers fit; the theory and practice of camp nursing, by Eléna Erving Williams … with an introduction by
178 1818 1986 70 John. Dambach … New York, E. P. Dutton & co., inc. [c1934]
319 1921 8 16 xx,
355 1890 85 40 227
464 1901 43 37 p.
534 1890 109 41 incl.
672 1892 162 48 front.,
862 1892 142 48 illus.,
1032 1891 175 49 diagrs.
1268 1892 145 41 19½cm.

248 1947 162 41 “First
430 1948 226 40 edition.”

249 2005 347 48 Bibliography
624 2008 50 37 at
704 2006 89 39 end
822 2006 52 39 of
902 2008 125 38 most
1054 2005 52 40 of
1131 2006 80 40 the
1239 2008 239 47 chapters.

181 2076 50 52 ©
259 2082 119 37 Mar.
405 2081 68 41 16.
499 2080 140 45 1934;
668 2081 64 39 2c.
762 2081 120 38 Mar.
910 2080 79 40 19:
1020 2079 79 40 aff.
1129 2081 118 38 Mar.
1275 2080 56 39 17;
1386 2081 40 37 A
1454 2079 168 47 70763;
1653 2082 52 38 E.
1733 2081 50 40 P.
1812 2081 187 39 Dutton
2024 2081 36 39 &
2086 2092 66 29 co.,

251 2137 90 40 inc.
416 2137 249 48 (34-6315)

171 2238 271 66 Worden,
475 2240 252 52 Edward
761 2240 331 64 Chauncey,
1128 2239 169 52 1875-

245 2316 288 54 Chemical
560 2322 227 63 patents
814 2318 198 65 index;
1046 2336 29 33 a
1101 2318 456 67 comprehensive
1586 2318 111 51 and
1725 2318 246 52 detailed
1997 2318 171 52 index

174 2395 63 51 of
278 2396 96 52 the
415 2396 217 67 subject
673 2401 207 48 matter
922 2396 63 52 of
1027 2393 383 70 specification
1455 2397 110 51 and
1608 2396 194 53 claims
1846 2396 62 52 of
1950 2396 217 54 United

177 2471 187 55 States
402 2479 226 62 patents
665 2475 108 51 and
813 2478 198 64 patent
1047 2474 234 52 reissues
1320 2475 241 67 granted
1597 2473 210 68 during
1842 2475 94 51 the
173 2474 1971 129 decennial
336 2552 198 67 period
579 2555 311 48 1915-1924
930 2553 289 66 inclusive,
1262 2553 266 66 covering
1570 2553 95 51 the
1708 2552 180 52 entire
1930 2550 131 54 field
2106 2552 62 52 of

174 2628 1994 70 chemical technology … By Edward Chauncey Worden, first
236 2708 1932 68 … v. 5. Index of subjects S, T, U, V, W, X, Y and Z. New
175 2786 178 67 York,
386 2786 164 53 Book
581 2787 376 67 department,
988 2787 120 52 The
1142 2786 286 54 Chemical
1462 2787 223 67 catalog
1716 2803 295 51 company,
2044 2787 123 55 inc.,

176 2867 148 50 1934.

253 2939 112 38 1091
395 2949 41 36 p.
494 2938 114 38 25cm.

183 2991 52 51 ©
266 2996 121 38 Mar.
418 2995 67 41 16.
516 2994 114 40 1934;
689 2995 63 39 2c.
786 2996 121 37 Mar.
938 2994 80 46 23;
1053 2993 80 41 aff.
1165 2994 120 39 Mar.
1316 2994 81 39 21:
1431 2994 40 38 A
1502 2993 168 47 71005;
1705 2993 243 41 Chemical
1980 2996 190 44 catalog

254 3062 64 29 co.,
363 3052 87 39 inc.

175 3151 1968 225 The … year book of dermatology and syphilology [1933] Edited by Fred Wise … and Marion B. Sulzberger … Chicago, The Year book publishers, incorporated [c1934]
249 3382 88 40 458
361 3393 40 36 p.
461 3382 126 39 illus.
732 3384 56 36 18½cm.
857 3381 265 49 (Practical
1151 3380 233 40 medicine
1414 3382 162 46 series,
1606 3380 139 47 1933)

183 3435 50 51 ©
260 3440 119 38 Mar.
405 3439 38 45 7,
470 3437 113 41 1934;
638 3438 63 39 2c.
731 3440 92 37 and
850 3438 80 40 aff.
956 3438 112 47 Apr.
1095 3439 80 44 13;
1203 3437 40 38 A
1268 3436 168 40 72020:
1466 3438 126 38 Year
1617 3437 121 39 book
1764 3436 272 48 publishers.
2079 3437 87 39 inc.

176 3595 1990 69 The … year book of pediatrics [1933] Edited by Isaac A. Abt …
349 3673 1815 67 with collaboration of Arthur F. Abt … Chicago, The
246 3752 152 52 Year
428 3752 145 52 book
602 3751 337 68 publishers,
968 3753 398 66 incorporated
1403 3755 190 62 [c1934]

252 3827 85 38 548
363 3837 40 35 p.
462 3826 141 46 illus.,
634 3825 177 46 diagrs.
869 3826 143 40 18½cm.
1081 3825 263 47 (Practical
1375 3824 235 40 medicine
1639 3824 160 40 series,
1832 3822 136 45 1933)

185 3891 50 51 ©
270 3896 108 39 Feb.
412 3895 67 46 15,
513 3895 139 42 1934;
687 3895 65 39 2c.
787 3896 93 38 and
915 3895 79 40 aff.
1028 3896 111 46 Apr.
1175 3895 78 44 13;
1290 3895 40 37 A
1362 3893 169 45 72019;
1567 3895 126 38 Year
1725 3893 121 40 book
1880 3891 285 49 publishers,

251 3952 87 39 inc.
