<alto xmlns="http://www.loc.gov/standards/alto/ns-v3#" xmlns:xsi="http://www.w3.org/2001/XMLSchema-instance" xsi:schemaLocation="http://www.loc.gov/standards/alto/ns-v3# http://www.loc.gov/alto/v3/alto-3-0.xsd"><Description>
<MeasurementUnit>pixel</MeasurementUnit>
<sourceImageInformation>
<fileName>1934_v1_Part1.pdf</fileName>
</sourceImageInformation>
<OCRProcessing ID="IdOcr">
<ocrProcessingStep>
<processingDateTime>2019-01-10</processingDateTime>
<processingSoftware>
<softwareCreator>ABBYY</softwareCreator>
<softwareName>ABBYY Recognition Server</softwareName>
<softwareVersion>4.0</softwareVersion>
</processingSoftware>
</ocrProcessingStep>
</OCRProcessing>
</Description>
<Styles>
<ParagraphStyle ALIGN="Left" FIRSTLINE="0." ID="StyleId-FFFFFFFF-FFFF-FFFF-FFFF-FFFFFFFFFFFF-" LEFT="0." RIGHT="0." />
<ParagraphStyle ALIGN="Right" FIRSTLINE="0." ID="StyleId-521E1FC6-FE7E-43A4-90E6-A9B61626A263-" LEFT="0." LINESPACE="13.30000019" RIGHT="0." />
<ParagraphStyle ALIGN="Left" FIRSTLINE="-27." ID="StyleId-639B624E-F6F5-47B6-BB1D-34E64B53022F-" LEFT="0." LINESPACE="13.43999958" RIGHT="0." />
<ParagraphStyle ALIGN="Left" FIRSTLINE="0." ID="StyleId-100905F9-D385-406B-A5BD-ED5B8FD85431-" LEFT="0." RIGHT="0." />
<ParagraphStyle ALIGN="Left" FIRSTLINE="-27." ID="StyleId-7C9F9BA2-EF3A-4B7F-8486-CCC7B7F49B39-" LEFT="0." LINESPACE="18.71999931" RIGHT="0." />
<ParagraphStyle ALIGN="Block" FIRSTLINE="-27." ID="StyleId-350780E3-60F2-4605-88F5-BB54F9B87091-" LEFT="0." LINESPACE="18.71999931" RIGHT="0." />
<ParagraphStyle ALIGN="Left" FIRSTLINE="0." ID="StyleId-90B16C58-D795-4C77-9B89-30378C515D40-" LEFT="0." LINESPACE="14.39999962" RIGHT="0." />
<ParagraphStyle ALIGN="Right" FIRSTLINE="-27." ID="StyleId-17090E09-AFAF-4086-BD9B-4E99FAE6B057-" LEFT="0." LINESPACE="14.39999962" RIGHT="0." />
<ParagraphStyle ALIGN="Left" FIRSTLINE="-27." ID="StyleId-8B87B633-89DB-4D72-B1FC-26E4ABD680BC-" LEFT="0." LINESPACE="18.47999954" RIGHT="0." />
<ParagraphStyle ALIGN="Left" FIRSTLINE="0." ID="StyleId-42DA7417-CA90-4D71-A57B-06556C38D752-" LEFT="0." LINESPACE="13.30000019" RIGHT="0." />
<ParagraphStyle ALIGN="Block" FIRSTLINE="0." ID="StyleId-D8EE2A7E-42AE-4E35-98DB-F0F935637AA0-" LEFT="0." LINESPACE="6.599999905" RIGHT="0." />
<ParagraphStyle ALIGN="Left" FIRSTLINE="0." ID="StyleId-33CD3121-D4F5-43B6-BA96-6382D166E6B8-" LEFT="0." LINESPACE="15.5" RIGHT="0." />
<ParagraphStyle ALIGN="Block" FIRSTLINE="-21." ID="StyleId-1CE52AFA-C319-4DD9-B4B1-F0EBFA2B3F0B-" LEFT="0." LINESPACE="18.71999931" RIGHT="0." />
<ParagraphStyle ALIGN="Left" FIRSTLINE="0." ID="StyleId-B74F1B65-92F1-49C5-A5FA-D20442F031F2-" LEFT="0." LINESPACE="17.70006076" RIGHT="0." />
<ParagraphStyle ALIGN="Center" FIRSTLINE="0." ID="StyleId-79E2924A-215C-40B7-B577-7236BFBAA25E-" LEFT="0." LINESPACE="7.199999809" RIGHT="0." />
</Styles>
<Layout>
<Page HEIGHT="4196" ID="Page472" PHYSICAL_IMG_NR="472" WIDTH="2350">
<TopMargin HEIGHT="376" HPOS="0" VPOS="0" WIDTH="2350">
</TopMargin>
<LeftMargin HEIGHT="3621" HPOS="0" VPOS="376" WIDTH="197">
</LeftMargin>
<RightMargin HEIGHT="3621" HPOS="2206" VPOS="376" WIDTH="144">
</RightMargin>
<BottomMargin HEIGHT="199" HPOS="0" VPOS="3997" WIDTH="2350">
<TextBlock HEIGHT="98" HPOS="1123" ID="Page472_Block1" LANG="en-US" STYLEREFS="StyleId-34C01EEB-55B8-4095-A2CA-591BCB089A24-" VPOS="3997" WIDTH="156">
<TextLine HEIGHT="52" HPOS="1141" VPOS="4003" WIDTH="100">
<String CONTENT="472" HEIGHT="52" HPOS="1141" VPOS="4003" WIDTH="100" />
</TextLine>
</TextBlock>
</BottomMargin>
<PrintSpace HEIGHT="3621" HPOS="197" VPOS="376" WIDTH="2009">
<TextBlock CS="1" HEIGHT="3621" HPOS="197" ID="Page472_Block2" LANG="en-US" STYLEREFS="StyleId-D300D77F-507D-4405-9208-5CABFCAAAAD3-" VPOS="376" WIDTH="2009">
<TextLine HEIGHT="66" HPOS="203" STYLEREFS="StyleId-864AF774-602C-4759-8052-29310D52EF95-" VPOS="382" WIDTH="816">
<String CONTENT="Laurie," HEIGHT="63" HPOS="203" VPOS="384" WIDTH="231" />
<SP HEIGHT="62" HPOS="435" VPOS="385" WIDTH="29" />
<String CONTENT="Alexander," HEIGHT="66" HPOS="465" VPOS="382" WIDTH="353" />
<SP HEIGHT="62" HPOS="819" VPOS="386" WIDTH="29" />
<String CONTENT="1892-" HEIGHT="49" HPOS="849" VPOS="386" WIDTH="170" />
</TextLine>
<TextLine CS="1" HEIGHT="70" HPOS="279" STYLEREFS="StyleId-8A53EE25-452B-4D8C-91D6-B891D84E16BF-" VPOS="456" WIDTH="1730">
<String CONTENT="Commercial" HEIGHT="55" HPOS="279" VPOS="459" WIDTH="371" />
<SP HEIGHT="52" HPOS="651" VPOS="458" WIDTH="19" />
<String CONTENT="flower" HEIGHT="54" HPOS="671" VPOS="458" WIDTH="189" />
<SP HEIGHT="52" HPOS="861" VPOS="459" WIDTH="24" />
<String CONTENT="forcing;" HEIGHT="69" HPOS="886" VPOS="457" WIDTH="253" />
<SP HEIGHT="61" HPOS="1140" VPOS="463" WIDTH="24" />
<String CONTENT="the" HEIGHT="51" HPOS="1165" VPOS="459" WIDTH="93" />
<SP HEIGHT="52" HPOS="1259" VPOS="458" WIDTH="21" />
<String CONTENT="fundamentals" HEIGHT="53" HPOS="1281" VPOS="457" WIDTH="423" />
<SP HEIGHT="34" HPOS="1705" VPOS="476" WIDTH="23" />
<String CONTENT="and" HEIGHT="51" HPOS="1729" VPOS="457" WIDTH="111" />
<SP HEIGHT="53" HPOS="1841" VPOS="457" WIDTH="20" />
<String CONTENT="their" HEIGHT="54" HPOS="1862" VPOS="456" WIDTH="147" />
</TextLine>
<TextLine CS="1" HEIGHT="130" HPOS="208" STYLEREFS="StyleId-8A53EE25-452B-4D8C-91D6-B891D84E16BF-" VPOS="475" WIDTH="1984">
<String CONTENT="practical" HEIGHT="114" HPOS="208" VPOS="475" WIDTH="1961" />
<SP HEIGHT="51" HPOS="343" VPOS="538" WIDTH="37" />
<String CONTENT="application" HEIGHT="68" HPOS="381" VPOS="537" WIDTH="349" />
<SP HEIGHT="46" HPOS="731" VPOS="542" WIDTH="34" />
<String CONTENT="to" HEIGHT="47" HPOS="766" VPOS="542" WIDTH="58" />
<SP HEIGHT="47" HPOS="825" VPOS="542" WIDTH="33" />
<String CONTENT="the" HEIGHT="52" HPOS="859" VPOS="537" WIDTH="95" />
<SP HEIGHT="33" HPOS="955" VPOS="555" WIDTH="33" />
<String CONTENT="culture" HEIGHT="53" HPOS="989" VPOS="536" WIDTH="217" />
<SP HEIGHT="34" HPOS="1207" VPOS="553" WIDTH="33" />
<String CONTENT="of" HEIGHT="52" HPOS="1241" VPOS="535" WIDTH="61" />
<SP HEIGHT="67" HPOS="1303" VPOS="535" WIDTH="33" />
<String CONTENT="greenhouse" HEIGHT="68" HPOS="1337" VPOS="534" WIDTH="344" />
<SP HEIGHT="35" HPOS="1682" VPOS="552" WIDTH="36" />
<String CONTENT="crops," HEIGHT="50" HPOS="1719" VPOS="551" WIDTH="178" />
<SP HEIGHT="67" HPOS="1898" VPOS="533" WIDTH="35" />
<String CONTENT="by" HEIGHT="69" HPOS="1934" VPOS="533" WIDTH="74" />
<SP HEIGHT="68" HPOS="2009" VPOS="534" WIDTH="36" />
<String CONTENT="Alex" HEIGHT="55" HPOS="2046" VPOS="533" WIDTH="146" />
</TextLine>
<TextLine CS="1" HEIGHT="68" HPOS="211" STYLEREFS="StyleId-8A53EE25-452B-4D8C-91D6-B891D84E16BF-" VPOS="611" WIDTH="1983">
<String CONTENT="Laurie" HEIGHT="53" HPOS="211" VPOS="613" WIDTH="206" />
<SP HEIGHT="35" HPOS="418" VPOS="632" WIDTH="32" />
<String CONTENT="&#8230;" CS="1" />
<SP HEIGHT="35" HPOS="508" VPOS="632" WIDTH="30" />
<String CONTENT="and" HEIGHT="51" HPOS="539" VPOS="614" WIDTH="111" />
<SP HEIGHT="51" HPOS="651" VPOS="614" WIDTH="25" />
<String CONTENT="L." HEIGHT="51" HPOS="677" VPOS="614" WIDTH="64" />
<SP HEIGHT="54" HPOS="742" VPOS="613" WIDTH="30" />
<String CONTENT="C." HEIGHT="54" HPOS="773" VPOS="613" WIDTH="60" />
<SP HEIGHT="54" HPOS="834" VPOS="613" WIDTH="28" />
<String CONTENT="Chadwick" HEIGHT="55" HPOS="863" VPOS="612" WIDTH="309" />
<SP HEIGHT="54" HPOS="1173" VPOS="612" WIDTH="28" />
<String CONTENT="&#8230;" CS="1" />
<SP HEIGHT="34" HPOS="1258" VPOS="632" WIDTH="31" />
<String CONTENT="with" HEIGHT="52" HPOS="1290" VPOS="612" WIDTH="140" />
<SP HEIGHT="52" HPOS="1431" VPOS="611" WIDTH="28" />
<String CONTENT="forty-nine" HEIGHT="68" HPOS="1460" VPOS="611" WIDTH="314" />
<SP HEIGHT="54" HPOS="1775" VPOS="611" WIDTH="28" />
<String CONTENT="illustrations." HEIGHT="55" HPOS="1804" VPOS="611" WIDTH="390" />
</TextLine>
<TextLine CS="1" HEIGHT="70" HPOS="212" STYLEREFS="StyleId-8A53EE25-452B-4D8C-91D6-B891D84E16BF-" VPOS="689" WIDTH="1375">
<String CONTENT="Philadelphia," HEIGHT="70" HPOS="212" VPOS="689" WIDTH="422" />
<SP HEIGHT="68" HPOS="635" VPOS="691" WIDTH="25" />
<String CONTENT="P." HEIGHT="51" HPOS="661" VPOS="691" WIDTH="64" />
<SP HEIGHT="51" HPOS="726" VPOS="691" WIDTH="26" />
<String CONTENT="Blakiston&#8217;s" HEIGHT="54" HPOS="753" VPOS="689" WIDTH="346" />
<SP HEIGHT="34" HPOS="1100" VPOS="708" WIDTH="25" />
<String CONTENT="son" HEIGHT="34" HPOS="1126" VPOS="708" WIDTH="98" />
<SP HEIGHT="50" HPOS="1225" VPOS="691" WIDTH="24" />
<String CONTENT="&amp;" HEIGHT="49" HPOS="1250" VPOS="691" WIDTH="44" />
<SP HEIGHT="51" HPOS="1295" VPOS="691" WIDTH="26" />
<String CONTENT="co.," HEIGHT="50" HPOS="1322" VPOS="707" WIDTH="96" />
<SP HEIGHT="67" HPOS="1419" VPOS="690" WIDTH="26" />
<String CONTENT="inc." HEIGHT="51" HPOS="1446" VPOS="690" WIDTH="107" />
<SP HEIGHT="61" HPOS="1554" VPOS="695" WIDTH="33" />
<String CONTENT="[c1934]" CS="1" />
</TextLine>
<TextLine HEIGHT="50" HPOS="277" VPOS="759" WIDTH="803">
<String CONTENT="x," HEIGHT="36" HPOS="277" VPOS="772" WIDTH="45" />
<SP HEIGHT="49" HPOS="323" VPOS="759" WIDTH="28" />
<String CONTENT="519" HEIGHT="42" HPOS="352" VPOS="759" WIDTH="87" />
<SP HEIGHT="49" HPOS="440" VPOS="760" WIDTH="21" />
<String CONTENT="p." HEIGHT="37" HPOS="462" VPOS="772" WIDTH="43" />
<SP HEIGHT="40" HPOS="506" VPOS="761" WIDTH="54" />
<String CONTENT="illus.," HEIGHT="48" HPOS="561" VPOS="761" WIDTH="142" />
<SP HEIGHT="47" HPOS="704" VPOS="762" WIDTH="27" />
<String CONTENT="diagrs." HEIGHT="47" HPOS="732" VPOS="762" WIDTH="177" />
<SP HEIGHT="39" HPOS="910" VPOS="762" WIDTH="53" />
<String CONTENT="22" HEIGHT="38" HPOS="964" VPOS="761" WIDTH="56" />
<String CONTENT="cm" HEIGHT="21" HPOS="1023" STYLE="superscript" VPOS="764" WIDTH="43" />
<String CONTENT="." HEIGHT="9" HPOS="1072" VPOS="793" WIDTH="8" />
</TextLine>
<TextLine HEIGHT="49" HPOS="278" VPOS="817" WIDTH="1210">
<String CONTENT="Bibliography" HEIGHT="49" HPOS="278" VPOS="817" WIDTH="347" />
<SP HEIGHT="38" HPOS="626" VPOS="828" WIDTH="25" />
<String CONTENT="at" HEIGHT="38" HPOS="652" VPOS="820" WIDTH="52" />
<SP HEIGHT="38" HPOS="705" VPOS="820" WIDTH="22" />
<String CONTENT="end" HEIGHT="38" HPOS="728" VPOS="820" WIDTH="90" />
<SP HEIGHT="38" HPOS="819" VPOS="820" WIDTH="24" />
<String CONTENT="of" HEIGHT="38" HPOS="844" VPOS="819" WIDTH="50" />
<SP HEIGHT="38" HPOS="895" VPOS="819" WIDTH="21" />
<String CONTENT="most" HEIGHT="37" HPOS="917" VPOS="821" WIDTH="125" />
<SP HEIGHT="37" HPOS="1043" VPOS="821" WIDTH="23" />
<String CONTENT="of" HEIGHT="40" HPOS="1067" VPOS="818" WIDTH="50" />
<SP HEIGHT="41" HPOS="1118" VPOS="818" WIDTH="24" />
<String CONTENT="the" HEIGHT="40" HPOS="1143" VPOS="819" WIDTH="80" />
<SP HEIGHT="29" HPOS="1224" VPOS="829" WIDTH="25" />
<String CONTENT="chapters." HEIGHT="46" HPOS="1250" VPOS="819" WIDTH="238" />
</TextLine>
<TextLine CS="1" HEIGHT="52" HPOS="212" VPOS="888" WIDTH="1984">
<String CONTENT="&#169;" HEIGHT="51" HPOS="212" VPOS="888" WIDTH="50" />
<SP HEIGHT="51" HPOS="263" VPOS="888" WIDTH="25" />
<String CONTENT="Apr." HEIGHT="46" HPOS="289" VPOS="893" WIDTH="113" />
<SP HEIGHT="38" HPOS="403" VPOS="893" WIDTH="25" />
<String CONTENT="13," HEIGHT="46" HPOS="429" VPOS="893" WIDTH="67" />
<SP HEIGHT="45" HPOS="497" VPOS="894" WIDTH="26" />
<String CONTENT="1934;" HEIGHT="47" HPOS="524" VPOS="892" WIDTH="139" />
<SP HEIGHT="45" HPOS="664" VPOS="894" WIDTH="27" />
<String CONTENT="2c." HEIGHT="39" HPOS="692" VPOS="894" WIDTH="66" />
<SP HEIGHT="30" HPOS="759" VPOS="903" WIDTH="28" />
<String CONTENT="and" HEIGHT="39" HPOS="788" VPOS="893" WIDTH="93" />
<SP HEIGHT="39" HPOS="882" VPOS="893" WIDTH="27" />
<String CONTENT="aff." HEIGHT="40" HPOS="910" VPOS="892" WIDTH="80" />
<SP HEIGHT="39" HPOS="991" VPOS="893" WIDTH="25" />
<String CONTENT="Apr." HEIGHT="47" HPOS="1017" VPOS="893" WIDTH="112" />
<SP HEIGHT="38" HPOS="1130" VPOS="893" WIDTH="27" />
<String CONTENT="14;" HEIGHT="46" HPOS="1158" VPOS="892" WIDTH="80" />
<SP HEIGHT="46" HPOS="1239" VPOS="892" WIDTH="29" />
<String CONTENT="A" HEIGHT="38" HPOS="1269" VPOS="892" WIDTH="41" />
<SP HEIGHT="39" HPOS="1311" VPOS="892" WIDTH="23" />
<String CONTENT="71247;" HEIGHT="47" HPOS="1335" VPOS="891" WIDTH="169" />
<SP HEIGHT="47" HPOS="1505" VPOS="891" WIDTH="29" />
<String CONTENT="P." HEIGHT="38" HPOS="1535" VPOS="891" WIDTH="49" />
<SP HEIGHT="38" HPOS="1585" VPOS="892" WIDTH="27" />
<String CONTENT="Blakiston&#8217;s" HEIGHT="41" HPOS="1613" VPOS="891" WIDTH="297" />
<SP HEIGHT="30" HPOS="1911" VPOS="903" WIDTH="24" />
<String CONTENT="son" HEIGHT="30" HPOS="1936" VPOS="903" WIDTH="89" />
<SP HEIGHT="39" HPOS="2026" VPOS="893" WIDTH="26" />
<String CONTENT="&amp;" HEIGHT="39" HPOS="2053" VPOS="893" WIDTH="34" />
<SP HEIGHT="39" HPOS="2088" VPOS="893" WIDTH="26" />
<String CONTENT="co.," CS="1" HEIGHT="38" HPOS="2115" VPOS="902" WIDTH="81" />
</TextLine>
<TextLine HEIGHT="49" HPOS="277" VPOS="948" WIDTH="409">
<String CONTENT="inc." HEIGHT="40" HPOS="277" VPOS="948" WIDTH="90" />
<SP HEIGHT="47" HPOS="368" VPOS="949" WIDTH="69" />
<String CONTENT="(34-9907)" HEIGHT="48" HPOS="438" VPOS="949" WIDTH="248" />
</TextLine>
<TextLine HEIGHT="65" HPOS="205" STYLEREFS="StyleId-864AF774-602C-4759-8052-29310D52EF95-" VPOS="1051" WIDTH="745">
<String CONTENT="Lawrence," HEIGHT="65" HPOS="205" VPOS="1051" WIDTH="331" />
<SP HEIGHT="63" HPOS="537" VPOS="1053" WIDTH="29" />
<String CONTENT="Margery" HEIGHT="62" HPOS="567" VPOS="1053" WIDTH="282" />
<SP HEIGHT="62" HPOS="850" VPOS="1053" WIDTH="26" />
<String CONTENT="H." HEIGHT="53" HPOS="877" VPOS="1053" WIDTH="73" />
</TextLine>
<TextLine HEIGHT="61" HPOS="279" STYLEREFS="StyleId-8A53EE25-452B-4D8C-91D6-B891D84E16BF-" VPOS="1127" WIDTH="1918">
<String CONTENT="Madam" HEIGHT="52" HPOS="279" VPOS="1127" WIDTH="233" />
<SP HEIGHT="51" HPOS="513" VPOS="1127" WIDTH="41" />
<String CONTENT="Holle," HEIGHT="61" HPOS="555" VPOS="1127" WIDTH="189" />
<SP HEIGHT="61" HPOS="745" VPOS="1127" WIDTH="44" />
<String CONTENT="by" HEIGHT="61" HPOS="790" VPOS="1127" WIDTH="73" />
<SP HEIGHT="60" HPOS="864" VPOS="1128" WIDTH="42" />
<String CONTENT="Margery" HEIGHT="60" HPOS="907" VPOS="1128" WIDTH="270" />
<SP HEIGHT="61" HPOS="1178" VPOS="1127" WIDTH="42" />
<String CONTENT="Lawrence." HEIGHT="53" HPOS="1221" VPOS="1127" WIDTH="316" />
<SP HEIGHT="52" HPOS="1538" VPOS="1127" WIDTH="80" />
<String CONTENT="London," HEIGHT="61" HPOS="1619" VPOS="1127" WIDTH="255" />
<SP HEIGHT="61" HPOS="1875" VPOS="1127" WIDTH="42" />
<String CONTENT="Jarrolds," HEIGHT="61" HPOS="1918" VPOS="1127" WIDTH="279" />
</TextLine>
<TextLine CS="1" HEIGHT="70" HPOS="210" STYLEREFS="StyleId-8A53EE25-452B-4D8C-91D6-B891D84E16BF-" VPOS="1204" WIDTH="430">
<String CONTENT="limited" HEIGHT="55" HPOS="210" VPOS="1204" WIDTH="222" />
<SP HEIGHT="70" HPOS="433" VPOS="1204" WIDTH="35" />
<String CONTENT="[1934]" CS="1" HEIGHT="64" HPOS="489" VPOS="1208" WIDTH="151" />
</TextLine>
<TextLine HEIGHT="48" HPOS="277" VPOS="1276" WIDTH="332">
<String CONTENT="288" HEIGHT="40" HPOS="277" VPOS="1276" WIDTH="89" />
<SP HEIGHT="48" HPOS="367" VPOS="1276" WIDTH="25" />
<String CONTENT="p." HEIGHT="38" HPOS="393" VPOS="1286" WIDTH="43" />
<SP HEIGHT="40" HPOS="437" VPOS="1277" WIDTH="55" />
<String CONTENT="19" HEIGHT="40" HPOS="493" VPOS="1276" WIDTH="57" />
<String CONTENT="cm" HEIGHT="21" HPOS="552" STYLE="superscript" VPOS="1278" WIDTH="43" />
<String CONTENT="." HEIGHT="8" HPOS="600" VPOS="1308" WIDTH="9" />
</TextLine>
<TextLine CS="1" HEIGHT="54" HPOS="212" VPOS="1346" WIDTH="1983">
<String CONTENT="&#169;" HEIGHT="51" HPOS="212" VPOS="1346" WIDTH="50" />
<SP />
<String CONTENT="1c." CS="1" />
<SP />
<String CONTENT="Apr." HEIGHT="46" HPOS="396" VPOS="1351" WIDTH="112" />
<SP HEIGHT="37" HPOS="509" VPOS="1352" WIDTH="33" />
<String CONTENT="13," HEIGHT="45" HPOS="543" VPOS="1352" WIDTH="68" />
<SP HEIGHT="46" HPOS="612" VPOS="1351" WIDTH="33" />
<String CONTENT="1934;" HEIGHT="47" HPOS="646" VPOS="1350" WIDTH="139" />
<SP HEIGHT="45" HPOS="786" VPOS="1352" WIDTH="36" />
<String CONTENT="A" HEIGHT="37" HPOS="823" VPOS="1352" WIDTH="41" />
<SP HEIGHT="38" HPOS="865" VPOS="1352" WIDTH="31" />
<String CONTENT="ad" HEIGHT="38" HPOS="897" VPOS="1352" WIDTH="60" />
<SP HEIGHT="39" HPOS="958" VPOS="1351" WIDTH="31" />
<String CONTENT="int." HEIGHT="40" HPOS="990" VPOS="1351" WIDTH="86" />
<SP HEIGHT="40" HPOS="1077" VPOS="1351" WIDTH="34" />
<String CONTENT="18852;" HEIGHT="46" HPOS="1112" VPOS="1350" WIDTH="167" />
<SP HEIGHT="36" HPOS="1280" VPOS="1361" WIDTH="37" />
<String CONTENT="pubd." HEIGHT="48" HPOS="1318" VPOS="1349" WIDTH="140" />
<SP HEIGHT="40" HPOS="1459" VPOS="1349" WIDTH="36" />
<String CONTENT="Feb." HEIGHT="41" HPOS="1496" VPOS="1349" WIDTH="108" />
<SP HEIGHT="38" HPOS="1605" VPOS="1351" WIDTH="36" />
<String CONTENT="16;" HEIGHT="46" HPOS="1642" VPOS="1351" WIDTH="80" />
<SP HEIGHT="45" HPOS="1723" VPOS="1352" WIDTH="38" />
<String CONTENT="Margery" HEIGHT="48" HPOS="1762" VPOS="1352" WIDTH="226" />
<SP HEIGHT="48" HPOS="1989" VPOS="1352" WIDTH="33" />
<String CONTENT="Towle," HEIGHT="45" HPOS="2023" VPOS="1352" WIDTH="172" />
</TextLine>
<TextLine HEIGHT="48" HPOS="279" VPOS="1407" WIDTH="530">
<String CONTENT="London." HEIGHT="40" HPOS="279" VPOS="1407" WIDTH="210" />
<SP HEIGHT="47" HPOS="490" VPOS="1408" WIDTH="69" />
<String CONTENT="(34-9614)" HEIGHT="48" HPOS="560" VPOS="1407" WIDTH="249" />
</TextLine>
<TextLine HEIGHT="66" HPOS="206" STYLEREFS="StyleId-864AF774-602C-4759-8052-29310D52EF95-" VPOS="1508" WIDTH="736">
<String CONTENT="Levy," HEIGHT="64" HPOS="206" VPOS="1509" WIDTH="178" />
<SP HEIGHT="65" HPOS="385" VPOS="1508" WIDTH="28" />
<String CONTENT="Melvin" HEIGHT="53" HPOS="414" VPOS="1508" WIDTH="217" />
<SP HEIGHT="51" HPOS="632" VPOS="1510" WIDTH="26" />
<String CONTENT="P.," HEIGHT="64" HPOS="659" VPOS="1510" WIDTH="82" />
<SP HEIGHT="58" HPOS="742" VPOS="1516" WIDTH="29" />
<String CONTENT="1902-" HEIGHT="49" HPOS="772" VPOS="1514" WIDTH="170" />
</TextLine>
<TextLine HEIGHT="70" HPOS="283" STYLEREFS="StyleId-8A53EE25-452B-4D8C-91D6-B891D84E16BF-" VPOS="1584" WIDTH="1917">
<String CONTENT="The" HEIGHT="53" HPOS="283" VPOS="1585" WIDTH="118" />
<SP HEIGHT="50" HPOS="402" VPOS="1588" WIDTH="29" />
<String CONTENT="last" HEIGHT="50" HPOS="432" VPOS="1588" WIDTH="111" />
<SP HEIGHT="60" HPOS="544" VPOS="1592" WIDTH="25" />
<String CONTENT="pioneers," HEIGHT="67" HPOS="570" VPOS="1586" WIDTH="272" />
<SP HEIGHT="68" HPOS="843" VPOS="1585" WIDTH="28" />
<String CONTENT="by" HEIGHT="69" HPOS="872" VPOS="1585" WIDTH="73" />
<SP HEIGHT="69" HPOS="946" VPOS="1585" WIDTH="26" />
<String CONTENT="Melvin" HEIGHT="53" HPOS="973" VPOS="1585" WIDTH="217" />
<SP HEIGHT="51" HPOS="1191" VPOS="1585" WIDTH="25" />
<String CONTENT="Levy." HEIGHT="69" HPOS="1217" VPOS="1585" WIDTH="170" />
<SP HEIGHT="55" HPOS="1388" VPOS="1585" WIDTH="66" />
<String CONTENT="New" HEIGHT="53" HPOS="1455" VPOS="1585" WIDTH="135" />
<SP HEIGHT="51" HPOS="1591" VPOS="1585" WIDTH="30" />
<String CONTENT="York," HEIGHT="68" HPOS="1622" VPOS="1584" WIDTH="178" />
<SP HEIGHT="67" HPOS="1801" VPOS="1585" WIDTH="28" />
<String CONTENT="A." HEIGHT="52" HPOS="1830" VPOS="1585" WIDTH="68" />
<SP HEIGHT="52" HPOS="1899" VPOS="1585" WIDTH="31" />
<String CONTENT="H." HEIGHT="51" HPOS="1931" VPOS="1585" WIDTH="75" />
<SP HEIGHT="51" HPOS="2007" VPOS="1585" WIDTH="30" />
<String CONTENT="King" HEIGHT="68" HPOS="2038" VPOS="1585" WIDTH="162" />
</TextLine>
<TextLine CS="1" HEIGHT="67" HPOS="216" STYLEREFS="StyleId-8A53EE25-452B-4D8C-91D6-B891D84E16BF-" VPOS="1665" WIDTH="193">
<String CONTENT="[c1934]" CS="1" HEIGHT="67" HPOS="216" VPOS="1665" WIDTH="193" />
</TextLine>
<TextLine HEIGHT="50" HPOS="277" VPOS="1733" WIDTH="334">
<String CONTENT="368" HEIGHT="41" HPOS="277" VPOS="1734" WIDTH="90" />
<SP HEIGHT="49" HPOS="368" VPOS="1734" WIDTH="23" />
<String CONTENT="p." HEIGHT="38" HPOS="392" VPOS="1745" WIDTH="44" />
<SP HEIGHT="42" HPOS="437" VPOS="1733" WIDTH="57" />
<String CONTENT="20" HEIGHT="41" HPOS="495" VPOS="1733" WIDTH="56" />
<String CONTENT="cm" HEIGHT="21" HPOS="552" STYLE="superscript" VPOS="1736" WIDTH="44" />
<String CONTENT="." HEIGHT="10" HPOS="601" VPOS="1765" WIDTH="10" />
</TextLine>
<TextLine CS="1" HEIGHT="53" HPOS="212" VPOS="1804" WIDTH="1927">
<String CONTENT="&#169;" HEIGHT="51" HPOS="212" VPOS="1804" WIDTH="50" />
<SP HEIGHT="51" HPOS="263" VPOS="1804" WIDTH="29" />
<String CONTENT="Apr." HEIGHT="47" HPOS="293" VPOS="1809" WIDTH="113" />
<SP HEIGHT="39" HPOS="407" VPOS="1809" WIDTH="28" />
<String CONTENT="17," HEIGHT="46" HPOS="436" VPOS="1809" WIDTH="68" />
<SP HEIGHT="46" HPOS="505" VPOS="1809" WIDTH="30" />
<String CONTENT="1934;" HEIGHT="46" HPOS="536" VPOS="1809" WIDTH="139" />
<SP HEIGHT="45" HPOS="676" VPOS="1810" WIDTH="32" />
<String CONTENT="2c." HEIGHT="38" HPOS="709" VPOS="1810" WIDTH="66" />
<SP HEIGHT="29" HPOS="776" VPOS="1819" WIDTH="31" />
<String CONTENT="and," HEIGHT="47" HPOS="808" VPOS="1810" WIDTH="100" />
<SP HEIGHT="38" HPOS="909" VPOS="1819" WIDTH="24" />
<String CONTENT="aff." HEIGHT="40" HPOS="934" VPOS="1808" WIDTH="79" />
<SP HEIGHT="39" HPOS="1014" VPOS="1809" WIDTH="31" />
<String CONTENT="Apr." HEIGHT="46" HPOS="1046" VPOS="1809" WIDTH="112" />
<SP HEIGHT="37" HPOS="1159" VPOS="1810" WIDTH="30" />
<String CONTENT="18;" HEIGHT="46" HPOS="1190" VPOS="1809" WIDTH="80" />
<SP HEIGHT="46" HPOS="1271" VPOS="1809" WIDTH="34" />
<String CONTENT="A" HEIGHT="43" HPOS="1306" VPOS="1809" WIDTH="45" />
<SP HEIGHT="43" HPOS="1352" VPOS="1809" WIDTH="23" />
<String CONTENT="72096;" CS="1" HEIGHT="40" HPOS="1376" VPOS="1808" WIDTH="143" />
<SP HEIGHT="47" HPOS="1546" VPOS="1809" WIDTH="33" />
<String CONTENT="Alfred" HEIGHT="40" HPOS="1580" VPOS="1809" WIDTH="171" />
<SP HEIGHT="39" HPOS="1752" VPOS="1810" WIDTH="31" />
<String CONTENT="H." CS="1" HEIGHT="8" HPOS="1837" VPOS="1842" WIDTH="6" />
<SP HEIGHT="40" HPOS="1844" VPOS="1810" WIDTH="32" />
<String CONTENT="King," HEIGHT="48" HPOS="1877" VPOS="1809" WIDTH="142" />
<SP HEIGHT="45" HPOS="2020" VPOS="1811" WIDTH="30" />
<String CONTENT="inc." HEIGHT="37" HPOS="2051" VPOS="1811" WIDTH="88" />
</TextLine>
<TextLine HEIGHT="49" HPOS="289" VPOS="1864" WIDTH="248">
<String CONTENT="(34-9618)" HEIGHT="49" HPOS="289" VPOS="1864" WIDTH="248" />
</TextLine>
<TextLine HEIGHT="66" HPOS="206" STYLEREFS="StyleId-864AF774-602C-4759-8052-29310D52EF95-" VPOS="1966" WIDTH="986">
<String CONTENT="Lincoln" HEIGHT="55" HPOS="206" VPOS="1966" WIDTH="238" />
<SP HEIGHT="37" HPOS="445" VPOS="1985" WIDTH="28" />
<String CONTENT="electric" HEIGHT="54" HPOS="474" VPOS="1968" WIDTH="233" />
<SP HEIGHT="36" HPOS="708" VPOS="1986" WIDTH="27" />
<String CONTENT="co.," HEIGHT="48" HPOS="736" VPOS="1984" WIDTH="101" />
<SP HEIGHT="61" HPOS="838" VPOS="1971" WIDTH="31" />
<String CONTENT="Cleveland." HEIGHT="54" HPOS="870" VPOS="1969" WIDTH="322" />
</TextLine>
<TextLine HEIGHT="70" HPOS="277" STYLEREFS="StyleId-8A53EE25-452B-4D8C-91D6-B891D84E16BF-" VPOS="2044" WIDTH="1919">
<String CONTENT="Procedure" HEIGHT="53" HPOS="277" VPOS="2045" WIDTH="321" />
<SP HEIGHT="52" HPOS="599" VPOS="2045" WIDTH="39" />
<String CONTENT="handbook" HEIGHT="52" HPOS="639" VPOS="2045" WIDTH="303" />
<SP HEIGHT="52" HPOS="943" VPOS="2045" WIDTH="41" />
<String CONTENT="of" HEIGHT="53" HPOS="985" VPOS="2044" WIDTH="64" />
<SP HEIGHT="53" HPOS="1050" VPOS="2044" WIDTH="42" />
<String CONTENT="arc" HEIGHT="33" HPOS="1093" VPOS="2064" WIDTH="90" />
<SP HEIGHT="33" HPOS="1184" VPOS="2064" WIDTH="45" />
<String CONTENT="welding," HEIGHT="68" HPOS="1230" VPOS="2045" WIDTH="264" />
<SP HEIGHT="67" HPOS="1495" VPOS="2046" WIDTH="42" />
<String CONTENT="design" HEIGHT="67" HPOS="1538" VPOS="2046" WIDTH="199" />
<SP HEIGHT="34" HPOS="1738" VPOS="2063" WIDTH="41" />
<String CONTENT="and" HEIGHT="51" HPOS="1780" VPOS="2048" WIDTH="112" />
<SP HEIGHT="66" HPOS="1893" VPOS="2048" WIDTH="41" />
<String CONTENT="practice." HEIGHT="67" HPOS="1935" VPOS="2047" WIDTH="261" />
</TextLine>
<TextLine CS="1" HEIGHT="70" HPOS="207" STYLEREFS="StyleId-8A53EE25-452B-4D8C-91D6-B891D84E16BF-" VPOS="2121" WIDTH="1989">
<String CONTENT="Enl." HEIGHT="51" HPOS="207" VPOS="2124" WIDTH="131" />
<SP HEIGHT="33" HPOS="339" VPOS="2142" WIDTH="23" />
<String CONTENT="ed." HEIGHT="52" HPOS="363" VPOS="2124" WIDTH="83" />
<SP HEIGHT="10" HPOS="447" VPOS="2166" WIDTH="29" />
<String CONTENT="&#8230;" CS="1" />
<SP HEIGHT="54" HPOS="532" VPOS="2121" WIDTH="80" />
<String CONTENT="Cleveland," HEIGHT="67" HPOS="613" VPOS="2121" WIDTH="325" />
<SP HEIGHT="66" HPOS="939" VPOS="2122" WIDTH="24" />
<String CONTENT="O.," HEIGHT="67" HPOS="964" VPOS="2122" WIDTH="86" />
<SP HEIGHT="66" HPOS="1051" VPOS="2123" WIDTH="23" />
<String CONTENT="The" HEIGHT="53" HPOS="1075" VPOS="2122" WIDTH="118" />
<SP HEIGHT="52" HPOS="1194" VPOS="2123" WIDTH="23" />
<String CONTENT="Lincoln" HEIGHT="52" HPOS="1218" VPOS="2122" WIDTH="239" />
<SP HEIGHT="34" HPOS="1458" VPOS="2142" WIDTH="22" />
<String CONTENT="electric" HEIGHT="53" HPOS="1481" VPOS="2123" WIDTH="221" />
<SP HEIGHT="33" HPOS="1703" VPOS="2143" WIDTH="23" />
<String CONTENT="company," HEIGHT="50" HPOS="1727" VPOS="2141" WIDTH="295" />
<SP HEIGHT="63" HPOS="2023" VPOS="2128" WIDTH="24" />
<String CONTENT="1934." HEIGHT="50" HPOS="2048" VPOS="2126" WIDTH="148" />
</TextLine>
<TextLine CS="1" HEIGHT="48" HPOS="278" VPOS="2195" WIDTH="1191">
<String CONTENT="viii," HEIGHT="48" HPOS="278" VPOS="2195" WIDTH="98" />
<SP HEIGHT="46" HPOS="377" VPOS="2197" WIDTH="26" />
<String CONTENT="454" HEIGHT="39" HPOS="404" VPOS="2196" WIDTH="85" />
<SP HEIGHT="46" HPOS="490" VPOS="2197" WIDTH="24" />
<String CONTENT="p." HEIGHT="36" HPOS="515" VPOS="2207" WIDTH="41" />
<SP HEIGHT="39" HPOS="557" VPOS="2196" WIDTH="60" />
<String CONTENT="illus.," HEIGHT="47" HPOS="618" VPOS="2196" WIDTH="141" />
<SP HEIGHT="47" HPOS="760" VPOS="2196" WIDTH="27" />
<String CONTENT="3" HEIGHT="39" HPOS="788" VPOS="2196" WIDTH="25" />
<SP HEIGHT="39" HPOS="814" VPOS="2196" WIDTH="24" />
<String CONTENT="fold." CS="1" />
<SP HEIGHT="36" HPOS="957" VPOS="2207" WIDTH="26" />
<String CONTENT="pl.," CS="1" HEIGHT="15" HPOS="1052" VPOS="2227" WIDTH="8" />
<SP HEIGHT="46" HPOS="1061" VPOS="2196" WIDTH="27" />
<String CONTENT="diagrs." HEIGHT="47" HPOS="1089" VPOS="2195" WIDTH="176" />
<SP HEIGHT="39" HPOS="1266" VPOS="2195" WIDTH="57" />
<String CONTENT="23&#189;" CS="1" HEIGHT="41" HPOS="1324" VPOS="2195" WIDTH="55" />
<String CONTENT="cm" HEIGHT="21" HPOS="1412" STYLE="superscript" VPOS="2198" WIDTH="44" />
<String CONTENT="." HEIGHT="7" HPOS="1462" VPOS="2228" WIDTH="7" />
</TextLine>
<TextLine HEIGHT="51" HPOS="212" VPOS="2263" WIDTH="1928">
<String CONTENT="&#169;" HEIGHT="51" HPOS="212" VPOS="2263" WIDTH="50" />
<SP HEIGHT="51" HPOS="263" VPOS="2263" WIDTH="29" />
<String CONTENT="Mar." HEIGHT="38" HPOS="293" VPOS="2268" WIDTH="119" />
<SP HEIGHT="38" HPOS="413" VPOS="2268" WIDTH="29" />
<String CONTENT="1," HEIGHT="46" HPOS="443" VPOS="2268" WIDTH="39" />
<SP HEIGHT="46" HPOS="483" VPOS="2268" WIDTH="28" />
<String CONTENT="1934;" HEIGHT="42" HPOS="512" VPOS="2266" WIDTH="139" />
<SP HEIGHT="41" HPOS="652" VPOS="2267" WIDTH="30" />
<String CONTENT="2c." HEIGHT="39" HPOS="683" VPOS="2267" WIDTH="66" />
<SP HEIGHT="38" HPOS="750" VPOS="2267" WIDTH="29" />
<String CONTENT="Apr." HEIGHT="46" HPOS="780" VPOS="2267" WIDTH="112" />
<SP HEIGHT="38" HPOS="893" VPOS="2267" WIDTH="30" />
<String CONTENT="5;" HEIGHT="45" HPOS="924" VPOS="2267" WIDTH="50" />
<SP HEIGHT="36" HPOS="975" VPOS="2276" WIDTH="32" />
<String CONTENT="aff." HEIGHT="41" HPOS="1008" VPOS="2265" WIDTH="80" />
<SP HEIGHT="39" HPOS="1089" VPOS="2267" WIDTH="30" />
<String CONTENT="Apr." HEIGHT="46" HPOS="1120" VPOS="2267" WIDTH="112" />
<SP HEIGHT="37" HPOS="1233" VPOS="2268" WIDTH="27" />
<String CONTENT="4;" HEIGHT="44" HPOS="1261" VPOS="2268" WIDTH="54" />
<SP HEIGHT="44" HPOS="1316" VPOS="2268" WIDTH="30" />
<String CONTENT="A" HEIGHT="37" HPOS="1347" VPOS="2268" WIDTH="41" />
<SP HEIGHT="38" HPOS="1389" VPOS="2268" WIDTH="28" />
<String CONTENT="70929;" HEIGHT="47" HPOS="1418" VPOS="2266" WIDTH="168" />
<SP HEIGHT="45" HPOS="1587" VPOS="2268" WIDTH="33" />
<String CONTENT="Lincoln" HEIGHT="40" HPOS="1621" VPOS="2267" WIDTH="200" />
<SP HEIGHT="29" HPOS="1822" VPOS="2278" WIDTH="28" />
<String CONTENT="electric" HEIGHT="41" HPOS="1851" VPOS="2266" WIDTH="194" />
<SP HEIGHT="28" HPOS="2046" VPOS="2279" WIDTH="27" />
<String CONTENT="co." HEIGHT="30" HPOS="2074" VPOS="2277" WIDTH="66" />
</TextLine>
<TextLine HEIGHT="48" HPOS="293" VPOS="2323" WIDTH="248">
<String CONTENT="(34-9870)" HEIGHT="48" HPOS="293" VPOS="2323" WIDTH="248" />
</TextLine>
<TextLine HEIGHT="60" HPOS="207" STYLEREFS="StyleId-864AF774-602C-4759-8052-29310D52EF95-" VPOS="2428" WIDTH="582">
<String CONTENT="Lorentz," HEIGHT="60" HPOS="207" VPOS="2428" WIDTH="269" />
<SP HEIGHT="60" HPOS="477" VPOS="2428" WIDTH="27" />
<String CONTENT="Pare." HEIGHT="55" HPOS="505" VPOS="2428" WIDTH="168" />
<SP HEIGHT="35" HPOS="674" VPOS="2448" WIDTH="31" />
<String CONTENT="ed." HEIGHT="53" HPOS="706" VPOS="2428" WIDTH="83" />
</TextLine>
<TextLine HEIGHT="70" HPOS="279" STYLEREFS="StyleId-8A53EE25-452B-4D8C-91D6-B891D84E16BF-" VPOS="2503" WIDTH="1920">
<String CONTENT="The" HEIGHT="53" HPOS="279" VPOS="2504" WIDTH="120" />
<SP HEIGHT="53" HPOS="400" VPOS="2504" WIDTH="31" />
<String CONTENT="Roosevelt" HEIGHT="52" HPOS="432" VPOS="2504" WIDTH="300" />
<SP HEIGHT="62" HPOS="733" VPOS="2509" WIDTH="27" />
<String CONTENT="year;" HEIGHT="50" HPOS="761" VPOS="2521" WIDTH="162" />
<SP HEIGHT="46" HPOS="924" VPOS="2523" WIDTH="36" />
<String CONTENT="a" HEIGHT="32" HPOS="961" VPOS="2527" WIDTH="30" />
<SP HEIGHT="49" HPOS="992" VPOS="2522" WIDTH="32" />
<String CONTENT="photographic" HEIGHT="68" HPOS="1025" VPOS="2503" WIDTH="417" />
<SP HEIGHT="35" HPOS="1443" VPOS="2522" WIDTH="31" />
<String CONTENT="record," HEIGHT="66" HPOS="1475" VPOS="2505" WIDTH="215" />
<SP HEIGHT="48" HPOS="1691" VPOS="2523" WIDTH="32" />
<String CONTENT="edited" HEIGHT="53" HPOS="1724" VPOS="2504" WIDTH="189" />
<SP HEIGHT="52" HPOS="1914" VPOS="2505" WIDTH="31" />
<String CONTENT="by" HEIGHT="68" HPOS="1946" VPOS="2505" WIDTH="75" />
<SP HEIGHT="68" HPOS="2022" VPOS="2505" WIDTH="31" />
<String CONTENT="Pare" HEIGHT="51" HPOS="2054" VPOS="2505" WIDTH="145" />
</TextLine>
<TextLine CS="1" HEIGHT="147" HPOS="208" STYLEREFS="StyleId-8A53EE25-452B-4D8C-91D6-B891D84E16BF-" VPOS="2581" WIDTH="1967">
<String CONTENT="Lorentz" HEIGHT="53" HPOS="209" VPOS="2582" WIDTH="242" />
<SP HEIGHT="33" HPOS="452" VPOS="2601" WIDTH="39" />
<String CONTENT="&#8230;" CS="1" />
<SP HEIGHT="53" HPOS="548" VPOS="2582" WIDTH="78" />
<String CONTENT="New" HEIGHT="53" HPOS="627" VPOS="2582" WIDTH="136" />
<SP HEIGHT="51" HPOS="764" VPOS="2582" WIDTH="34" />
<String CONTENT="York" HEIGHT="52" HPOS="799" VPOS="2581" WIDTH="163" />
<SP HEIGHT="53" HPOS="963" VPOS="2581" WIDTH="34" />
<String CONTENT="and" HEIGHT="52" HPOS="998" VPOS="2582" WIDTH="112" />
<SP HEIGHT="53" HPOS="1111" VPOS="2581" WIDTH="32" />
<String CONTENT="London," HEIGHT="68" HPOS="1144" VPOS="2581" WIDTH="257" />
<SP HEIGHT="66" HPOS="1402" VPOS="2583" WIDTH="34" />
<String CONTENT="Funk" HEIGHT="53" HPOS="1437" VPOS="2582" WIDTH="171" />
<SP HEIGHT="53" HPOS="1609" VPOS="2582" WIDTH="31" />
<String CONTENT="&amp;" HEIGHT="50" HPOS="1641" VPOS="2585" WIDTH="46" />
<SP HEIGHT="53" HPOS="1688" VPOS="2583" WIDTH="31" />
<String CONTENT="Wagnalls" HEIGHT="68" HPOS="1720" VPOS="2583" WIDTH="299" />
<SP HEIGHT="34" HPOS="2020" VPOS="2602" WIDTH="35" />
<String CONTENT="company," HEIGHT="127" HPOS="208" VPOS="2601" WIDTH="1967" />
<SP HEIGHT="65" HPOS="380" VPOS="2663" WIDTH="30" />
<String CONTENT="1934." HEIGHT="50" HPOS="411" VPOS="2663" WIDTH="149" />
</TextLine>
<TextLine CS="1" HEIGHT="51" HPOS="277" VPOS="2732" WIDTH="1801">
<String CONTENT="viii," HEIGHT="49" HPOS="277" VPOS="2732" WIDTH="100" />
<SP HEIGHT="47" HPOS="378" VPOS="2734" WIDTH="30" />
<String CONTENT="197" HEIGHT="40" HPOS="409" VPOS="2733" WIDTH="83" />
<SP HEIGHT="46" HPOS="493" VPOS="2734" WIDTH="29" />
<String CONTENT="p." HEIGHT="37" HPOS="523" VPOS="2743" WIDTH="40" />
<SP HEIGHT="28" HPOS="564" VPOS="2744" WIDTH="31" />
<String CONTENT="of" HEIGHT="40" HPOS="596" VPOS="2732" WIDTH="49" />
<SP HEIGHT="40" HPOS="646" VPOS="2732" WIDTH="25" />
<String CONTENT="illus.," HEIGHT="49" HPOS="672" VPOS="2732" WIDTH="144" />
<SP HEIGHT="38" HPOS="817" VPOS="2743" WIDTH="26" />
<String CONTENT="ports.," HEIGHT="46" HPOS="844" VPOS="2734" WIDTH="164" />
<SP HEIGHT="37" HPOS="1009" VPOS="2743" WIDTH="29" />
<String CONTENT="map." HEIGHT="38" HPOS="1039" VPOS="2741" WIDTH="125" />
<SP HEIGHT="40" HPOS="1165" VPOS="2732" WIDTH="55" />
<String CONTENT="30&#189;cm." CS="1" HEIGHT="40" HPOS="1221" VPOS="2732" WIDTH="56" />
<SP HEIGHT="47" HPOS="1367" VPOS="2735" WIDTH="70" />
<String CONTENT="(Literary" HEIGHT="48" HPOS="1438" VPOS="2734" WIDTH="248" />
<SP HEIGHT="47" HPOS="1687" VPOS="2735" WIDTH="32" />
<String CONTENT="digest" HEIGHT="50" HPOS="1720" VPOS="2733" WIDTH="156" />
<SP HEIGHT="40" HPOS="1877" VPOS="2735" WIDTH="28" />
<String CONTENT="books)" HEIGHT="47" HPOS="1906" VPOS="2735" WIDTH="172" />
</TextLine>
<TextLine CS="1" HEIGHT="52" HPOS="278" VPOS="2788" WIDTH="469">
<String CONTENT="&#8220;Sources&#8221;:" CS="1" HEIGHT="41" HPOS="278" VPOS="2789" WIDTH="260" />
<SP HEIGHT="37" HPOS="568" VPOS="2800" WIDTH="27" />
<String CONTENT="p." HEIGHT="37" HPOS="596" VPOS="2800" WIDTH="41" />
<SP HEIGHT="30" HPOS="638" VPOS="2810" WIDTH="32" />
<String CONTENT="[iv]" CS="1" HEIGHT="50" HPOS="684" VPOS="2788" WIDTH="63" />
</TextLine>
<TextLine HEIGHT="52" HPOS="213" VPOS="2856" WIDTH="1982">
<String CONTENT="&#169;" HEIGHT="51" HPOS="213" VPOS="2856" WIDTH="50" />
<SP HEIGHT="51" HPOS="264" VPOS="2856" WIDTH="31" />
<String CONTENT="Apr." HEIGHT="47" HPOS="296" VPOS="2860" WIDTH="110" />
<SP HEIGHT="37" HPOS="407" VPOS="2861" WIDTH="32" />
<String CONTENT="12," HEIGHT="48" HPOS="440" VPOS="2859" WIDTH="68" />
<SP HEIGHT="47" HPOS="509" VPOS="2860" WIDTH="32" />
<String CONTENT="1934;" HEIGHT="47" HPOS="542" VPOS="2859" WIDTH="139" />
<SP HEIGHT="45" HPOS="682" VPOS="2861" WIDTH="33" />
<String CONTENT="2c," HEIGHT="37" HPOS="716" VPOS="2861" WIDTH="66" />
<SP HEIGHT="28" HPOS="783" VPOS="2870" WIDTH="34" />
<String CONTENT="and" HEIGHT="38" HPOS="818" VPOS="2860" WIDTH="94" />
<SP HEIGHT="38" HPOS="913" VPOS="2860" WIDTH="32" />
<String CONTENT="aff." HEIGHT="42" HPOS="946" VPOS="2858" WIDTH="80" />
<SP HEIGHT="41" HPOS="1027" VPOS="2859" WIDTH="31" />
<String CONTENT="Apr." HEIGHT="47" HPOS="1059" VPOS="2859" WIDTH="112" />
<SP HEIGHT="37" HPOS="1172" VPOS="2861" WIDTH="32" />
<String CONTENT="23;" HEIGHT="46" HPOS="1205" VPOS="2860" WIDTH="81" />
<SP HEIGHT="46" HPOS="1287" VPOS="2860" WIDTH="35" />
<String CONTENT="A" HEIGHT="38" HPOS="1323" VPOS="2860" WIDTH="41" />
<SP HEIGHT="40" HPOS="1365" VPOS="2860" WIDTH="31" />
<String CONTENT="71327;" HEIGHT="47" HPOS="1397" VPOS="2860" WIDTH="169" />
<SP HEIGHT="46" HPOS="1567" VPOS="2861" WIDTH="36" />
<String CONTENT="Funk" HEIGHT="40" HPOS="1604" VPOS="2861" WIDTH="139" />
<SP HEIGHT="39" HPOS="1744" VPOS="2862" WIDTH="31" />
<String CONTENT="&amp;" HEIGHT="39" HPOS="1776" VPOS="2862" WIDTH="37" />
<SP HEIGHT="39" HPOS="1814" VPOS="2862" WIDTH="30" />
<String CONTENT="Wagnalls" HEIGHT="47" HPOS="1845" VPOS="2861" WIDTH="250" />
<SP HEIGHT="29" HPOS="2096" VPOS="2872" WIDTH="32" />
<String CONTENT="co," HEIGHT="30" HPOS="2129" VPOS="2871" WIDTH="66" />
</TextLine>
<TextLine HEIGHT="47" HPOS="292" VPOS="2916" WIDTH="249">
<String CONTENT="(34-9644)" HEIGHT="47" HPOS="292" VPOS="2916" WIDTH="249" />
</TextLine>
<TextLine HEIGHT="66" HPOS="205" STYLEREFS="StyleId-864AF774-602C-4759-8052-29310D52EF95-" VPOS="3018" WIDTH="579">
<String CONTENT="Lorimer," HEIGHT="66" HPOS="205" VPOS="3018" WIDTH="282" />
<SP HEIGHT="64" HPOS="488" VPOS="3020" WIDTH="29" />
<String CONTENT="Graeme." HEIGHT="55" HPOS="518" VPOS="3020" WIDTH="266" />
</TextLine>
<TextLine HEIGHT="71" HPOS="283" STYLEREFS="StyleId-8A53EE25-452B-4D8C-91D6-B891D84E16BF-" VPOS="3093" WIDTH="1911">
<String CONTENT="Stag" HEIGHT="69" HPOS="283" VPOS="3094" WIDTH="143" />
<SP HEIGHT="69" HPOS="427" VPOS="3094" WIDTH="32" />
<String CONTENT="line," HEIGHT="68" HPOS="460" VPOS="3094" WIDTH="130" />
<SP HEIGHT="68" HPOS="591" VPOS="3094" WIDTH="34" />
<String CONTENT="by" HEIGHT="69" HPOS="626" VPOS="3094" WIDTH="74" />
<SP HEIGHT="70" HPOS="701" VPOS="3093" WIDTH="39" />
<String CONTENT="Graeme" HEIGHT="54" HPOS="741" VPOS="3093" WIDTH="236" />
<SP HEIGHT="35" HPOS="978" VPOS="3112" WIDTH="37" />
<String CONTENT="and" HEIGHT="51" HPOS="1016" VPOS="3095" WIDTH="111" />
<SP HEIGHT="54" HPOS="1128" VPOS="3093" WIDTH="38" />
<String CONTENT="Sarah" HEIGHT="54" HPOS="1167" VPOS="3093" WIDTH="183" />
<SP HEIGHT="51" HPOS="1351" VPOS="3096" WIDTH="36" />
<String CONTENT="Lorimer." HEIGHT="53" HPOS="1388" VPOS="3096" WIDTH="270" />
<SP HEIGHT="51" HPOS="1659" VPOS="3096" WIDTH="73" />
<String CONTENT="Boston," HEIGHT="68" HPOS="1733" VPOS="3096" WIDTH="230" />
<SP HEIGHT="68" HPOS="1964" VPOS="3096" WIDTH="36" />
<String CONTENT="Little," HEIGHT="67" HPOS="2001" VPOS="3096" WIDTH="193" />
</TextLine>
<TextLine HEIGHT="68" HPOS="211" STYLEREFS="StyleId-8A53EE25-452B-4D8C-91D6-B891D84E16BF-" VPOS="3172" WIDTH="867">
<String CONTENT="Brown" HEIGHT="53" HPOS="211" VPOS="3172" WIDTH="210" />
<SP HEIGHT="34" HPOS="422" VPOS="3192" WIDTH="32" />
<String CONTENT="and" HEIGHT="54" HPOS="455" VPOS="3172" WIDTH="111" />
<SP HEIGHT="51" HPOS="567" VPOS="3172" WIDTH="33" />
<String CONTENT="company," HEIGHT="50" HPOS="601" VPOS="3190" WIDTH="293" />
<SP HEIGHT="66" HPOS="895" VPOS="3173" WIDTH="34" />
<String CONTENT="1934." HEIGHT="51" HPOS="930" VPOS="3172" WIDTH="148" />
</TextLine>
<TextLine CS="1" HEIGHT="50" HPOS="280" VPOS="3242" WIDTH="683">
<String CONTENT="5" HEIGHT="41" HPOS="280" VPOS="3242" WIDTH="25" />
<SP HEIGHT="49" HPOS="306" VPOS="3242" WIDTH="25" />
<String CONTENT="p." HEIGHT="38" HPOS="332" VPOS="3253" WIDTH="43" />
<SP HEIGHT="39" HPOS="376" VPOS="3244" WIDTH="24" />
<String CONTENT="l.," CS="1" />
<SP HEIGHT="47" HPOS="447" VPOS="3244" WIDTH="25" />
<String CONTENT="3-301," HEIGHT="49" HPOS="473" VPOS="3242" WIDTH="157" />
<SP HEIGHT="30" HPOS="631" VPOS="3262" WIDTH="30" />
<String CONTENT="[1]" HEIGHT="49" HPOS="662" VPOS="3243" WIDTH="56" />
<SP HEIGHT="38" HPOS="719" VPOS="3254" WIDTH="28" />
<String CONTENT="p." HEIGHT="37" HPOS="748" VPOS="3254" WIDTH="43" />
<SP HEIGHT="41" HPOS="792" VPOS="3243" WIDTH="52" />
<String CONTENT="20cm." CS="1" HEIGHT="42" HPOS="845" VPOS="3242" WIDTH="118" />
</TextLine>
<TextLine HEIGHT="53" HPOS="211" VPOS="3313" WIDTH="1982">
<String CONTENT="&#169;" HEIGHT="51" HPOS="211" VPOS="3313" WIDTH="50" />
<SP HEIGHT="51" HPOS="262" VPOS="3313" WIDTH="32" />
<String CONTENT="Apr." HEIGHT="46" HPOS="295" VPOS="3319" WIDTH="113" />
<SP HEIGHT="38" HPOS="409" VPOS="3319" WIDTH="31" />
<String CONTENT="23," HEIGHT="47" HPOS="441" VPOS="3318" WIDTH="68" />
<SP HEIGHT="46" HPOS="510" VPOS="3319" WIDTH="33" />
<String CONTENT="1934;" HEIGHT="47" HPOS="544" VPOS="3317" WIDTH="139" />
<SP HEIGHT="46" HPOS="684" VPOS="3318" WIDTH="34" />
<String CONTENT="2c." HEIGHT="38" HPOS="719" VPOS="3318" WIDTH="65" />
<SP HEIGHT="28" HPOS="785" VPOS="3328" WIDTH="34" />
<String CONTENT="and" HEIGHT="38" HPOS="820" VPOS="3318" WIDTH="94" />
<SP HEIGHT="38" HPOS="915" VPOS="3318" WIDTH="33" />
<String CONTENT="aff." HEIGHT="40" HPOS="949" VPOS="3316" WIDTH="80" />
<SP HEIGHT="39" HPOS="1030" VPOS="3317" WIDTH="33" />
<String CONTENT="Apr." HEIGHT="47" HPOS="1064" VPOS="3317" WIDTH="111" />
<SP HEIGHT="37" HPOS="1176" VPOS="3319" WIDTH="33" />
<String CONTENT="24;" HEIGHT="44" HPOS="1210" VPOS="3319" WIDTH="82" />
<SP HEIGHT="44" HPOS="1293" VPOS="3319" WIDTH="34" />
<String CONTENT="A" HEIGHT="37" HPOS="1328" VPOS="3319" WIDTH="41" />
<SP HEIGHT="39" HPOS="1370" VPOS="3319" WIDTH="32" />
<String CONTENT="71343;" HEIGHT="47" HPOS="1403" VPOS="3319" WIDTH="168" />
<SP HEIGHT="46" HPOS="1572" VPOS="3320" WIDTH="38" />
<String CONTENT="Graeme" HEIGHT="39" HPOS="1611" VPOS="3320" WIDTH="202" />
<SP HEIGHT="38" HPOS="1814" VPOS="3321" WIDTH="33" />
<String CONTENT="Lorimer" HEIGHT="40" HPOS="1848" VPOS="3319" WIDTH="216" />
<SP HEIGHT="29" HPOS="2065" VPOS="3329" WIDTH="32" />
<String CONTENT="and" HEIGHT="39" HPOS="2098" VPOS="3320" WIDTH="95" />
</TextLine>
<TextLine HEIGHT="48" HPOS="281" VPOS="3374" WIDTH="1264">
<String CONTENT="Sarah" HEIGHT="40" HPOS="281" VPOS="3375" WIDTH="154" />
<SP HEIGHT="38" HPOS="436" VPOS="3374" WIDTH="30" />
<String CONTENT="Lorimer," HEIGHT="46" HPOS="467" VPOS="3374" WIDTH="229" />
<SP HEIGHT="45" HPOS="697" VPOS="3375" WIDTH="32" />
<String CONTENT="Meadowbrook," HEIGHT="45" HPOS="730" VPOS="3374" WIDTH="382" />
<SP HEIGHT="45" HPOS="1113" VPOS="3374" WIDTH="31" />
<String CONTENT="Pa." HEIGHT="38" HPOS="1145" VPOS="3374" WIDTH="79" />
<SP HEIGHT="47" HPOS="1225" VPOS="3374" WIDTH="71" />
<String CONTENT="(34-9620)" HEIGHT="48" HPOS="1297" VPOS="3374" WIDTH="248" />
</TextLine>
<TextLine HEIGHT="66" HPOS="206" STYLEREFS="StyleId-864AF774-602C-4759-8052-29310D52EF95-" VPOS="3475" WIDTH="1245">
<String CONTENT="McCormick," HEIGHT="65" HPOS="206" VPOS="3475" WIDTH="381" />
<SP HEIGHT="63" HPOS="588" VPOS="3477" WIDTH="27" />
<String CONTENT="Robert" HEIGHT="52" HPOS="616" VPOS="3477" WIDTH="219" />
<SP HEIGHT="53" HPOS="836" VPOS="3476" WIDTH="28" />
<String CONTENT="Rutherford," HEIGHT="66" HPOS="865" VPOS="3475" WIDTH="385" />
<SP HEIGHT="61" HPOS="1251" VPOS="3480" WIDTH="29" />
<String CONTENT="1880-" HEIGHT="49" HPOS="1281" VPOS="3480" WIDTH="170" />
</TextLine>
<TextLine CS="1" HEIGHT="68" HPOS="277" STYLEREFS="StyleId-8A53EE25-452B-4D8C-91D6-B891D84E16BF-" VPOS="3552" WIDTH="1817">
<String CONTENT="The" HEIGHT="52" HPOS="277" VPOS="3553" WIDTH="119" />
<SP HEIGHT="49" HPOS="397" VPOS="3571" WIDTH="42" />
<String CONTENT="prospect" HEIGHT="63" HPOS="440" VPOS="3557" WIDTH="261" />
<SP HEIGHT="52" HPOS="702" VPOS="3552" WIDTH="45" />
<String CONTENT="for" HEIGHT="52" HPOS="748" VPOS="3552" WIDTH="92" />
<SP HEIGHT="50" HPOS="841" VPOS="3553" WIDTH="40" />
<String CONTENT="America" HEIGHT="52" HPOS="882" VPOS="3552" WIDTH="263" />
<SP />
<String CONTENT="[by]" CS="1" HEIGHT="33" HPOS="1293" VPOS="3585" WIDTH="11" />
<SP HEIGHT="65" HPOS="1305" VPOS="3553" WIDTH="50" />
<String CONTENT="Robert" HEIGHT="53" HPOS="1356" VPOS="3553" WIDTH="214" />
<SP HEIGHT="52" HPOS="1571" VPOS="3554" WIDTH="43" />
<String CONTENT="R." HEIGHT="52" HPOS="1615" VPOS="3554" WIDTH="66" />
<SP HEIGHT="50" HPOS="1682" VPOS="3556" WIDTH="46" />
<String CONTENT="McCormick" HEIGHT="54" HPOS="1729" VPOS="3554" WIDTH="365" />
<SP />
<String CONTENT="&#8230;" CS="1" />
</TextLine>
<TextLine CS="1" HEIGHT="67" HPOS="213" STYLEREFS="StyleId-8A53EE25-452B-4D8C-91D6-B891D84E16BF-" VPOS="3629" WIDTH="474">
<String CONTENT="[Chicago," HEIGHT="67" HPOS="213" VPOS="3629" WIDTH="287" />
<SP HEIGHT="60" HPOS="501" VPOS="3635" WIDTH="27" />
<String CONTENT="c" HEIGHT="21" HPOS="529" STYLE="superscript" VPOS="3635" WIDTH="18" />
<String CONTENT="1934]" CS="1" HEIGHT="48" HPOS="552" VPOS="3633" WIDTH="135" />
</TextLine>
<TextLine CS="1" HEIGHT="63" HPOS="277" VPOS="3687" WIDTH="300">
<String CONTENT="31" HEIGHT="39" HPOS="277" VPOS="3702" WIDTH="55" />
<SP HEIGHT="47" HPOS="333" VPOS="3703" WIDTH="26" />
<String CONTENT="p." CS="1" HEIGHT="36" HPOS="360" VPOS="3714" WIDTH="29" />
<SP HEIGHT="55" HPOS="438" VPOS="3687" WIDTH="24" />
<String CONTENT="23" HEIGHT="39" HPOS="463" VPOS="3702" WIDTH="54" />
<String CONTENT="cm" HEIGHT="21" HPOS="522" STYLE="superscript" VPOS="3704" WIDTH="43" />
<String CONTENT="." HEIGHT="8" HPOS="570" VPOS="3734" WIDTH="7" />
</TextLine>
<TextLine CS="1" HEIGHT="109" HPOS="205" VPOS="3756" WIDTH="1966">
<String CONTENT="An" HEIGHT="41" HPOS="276" VPOS="3756" WIDTH="72" />
<SP HEIGHT="29" HPOS="349" VPOS="3769" WIDTH="26" />
<String CONTENT="address" HEIGHT="39" HPOS="376" VPOS="3759" WIDTH="199" />
<SP HEIGHT="38" HPOS="576" VPOS="3759" WIDTH="24" />
<String CONTENT="delivered" HEIGHT="39" HPOS="601" VPOS="3758" WIDTH="241" />
<SP HEIGHT="38" HPOS="843" VPOS="3759" WIDTH="26" />
<String CONTENT="at" HEIGHT="38" HPOS="870" VPOS="3759" WIDTH="50" />
<SP HEIGHT="39" HPOS="921" VPOS="3758" WIDTH="24" />
<String CONTENT="Harris" HEIGHT="39" HPOS="946" VPOS="3758" WIDTH="177" />
<SP HEIGHT="39" HPOS="1124" VPOS="3758" WIDTH="24" />
<String CONTENT="hall." HEIGHT="40" HPOS="1149" VPOS="3758" WIDTH="113" />
<SP HEIGHT="40" HPOS="1263" VPOS="3758" WIDTH="27" />
<String CONTENT="Northwestern" HEIGHT="41" HPOS="1291" VPOS="3758" WIDTH="365" />
<SP HEIGHT="28" HPOS="1657" VPOS="3771" WIDTH="27" />
<String CONTENT="university," HEIGHT="47" HPOS="1685" VPOS="3760" WIDTH="283" />
<SP HEIGHT="47" HPOS="1969" VPOS="3760" WIDTH="27" />
<String CONTENT="December" HEIGHT="92" HPOS="205" VPOS="3760" WIDTH="1966" />
<SP HEIGHT="38" HPOS="290" VPOS="3814" WIDTH="23" />
<String CONTENT="13," HEIGHT="51" HPOS="314" VPOS="3814" WIDTH="68" />
<SP HEIGHT="49" HPOS="383" VPOS="3816" WIDTH="26" />
<String CONTENT="1933." HEIGHT="41" HPOS="410" VPOS="3813" WIDTH="126" />
</TextLine>
<TextLine HEIGHT="54" HPOS="210" VPOS="3880" WIDTH="1978">
<String CONTENT="&#169;" HEIGHT="51" HPOS="210" VPOS="3880" WIDTH="50" />
<SP HEIGHT="51" HPOS="261" VPOS="3880" WIDTH="32" />
<String CONTENT="Mar." HEIGHT="38" HPOS="294" VPOS="3886" WIDTH="120" />
<SP HEIGHT="38" HPOS="415" VPOS="3886" WIDTH="31" />
<String CONTENT="15." HEIGHT="40" HPOS="447" VPOS="3885" WIDTH="67" />
<SP HEIGHT="39" HPOS="515" VPOS="3886" WIDTH="32" />
<String CONTENT="1934;" HEIGHT="46" HPOS="548" VPOS="3884" WIDTH="139" />
<SP HEIGHT="45" HPOS="688" VPOS="3885" WIDTH="33" />
<String CONTENT="2c." HEIGHT="39" HPOS="722" VPOS="3885" WIDTH="66" />
<SP HEIGHT="29" HPOS="789" VPOS="3895" WIDTH="33" />
<String CONTENT="and" HEIGHT="38" HPOS="823" VPOS="3886" WIDTH="94" />
<SP HEIGHT="38" HPOS="918" VPOS="3886" WIDTH="32" />
<String CONTENT="aff." HEIGHT="41" HPOS="951" VPOS="3883" WIDTH="79" />
<SP HEIGHT="39" HPOS="1031" VPOS="3885" WIDTH="32" />
<String CONTENT="Apr." HEIGHT="46" HPOS="1064" VPOS="3885" WIDTH="111" />
<SP HEIGHT="38" HPOS="1176" VPOS="3886" WIDTH="32" />
<String CONTENT="16;" HEIGHT="46" HPOS="1209" VPOS="3885" WIDTH="81" />
<SP HEIGHT="45" HPOS="1291" VPOS="3886" WIDTH="34" />
<String CONTENT="A" HEIGHT="37" HPOS="1326" VPOS="3886" WIDTH="40" />
<SP HEIGHT="39" HPOS="1367" VPOS="3886" WIDTH="30" />
<String CONTENT="72070;" HEIGHT="47" HPOS="1398" VPOS="3885" WIDTH="169" />
<SP HEIGHT="45" HPOS="1568" VPOS="3887" WIDTH="35" />
<String CONTENT="Tribune" HEIGHT="41" HPOS="1604" VPOS="3887" WIDTH="211" />
<SP HEIGHT="29" HPOS="1816" VPOS="3899" WIDTH="33" />
<String CONTENT="co.," HEIGHT="37" HPOS="1850" VPOS="3897" WIDTH="80" />
<SP HEIGHT="47" HPOS="1931" VPOS="3887" WIDTH="34" />
<String CONTENT="Chicago." HEIGHT="48" HPOS="1966" VPOS="3885" WIDTH="222" />
</TextLine>
<TextLine HEIGHT="48" HPOS="285" VPOS="3941" WIDTH="248">
<String CONTENT="(34-9846)" HEIGHT="48" HPOS="285" VPOS="3941" WIDTH="248" />
</TextLine>
</TextBlock>
</PrintSpace>
</Page>
</Layout>
</alto>