2350 4196
1130 4008 131 49 1608

293 452 30 39 3
348 462 40 28 v.
446 450 55 39 24½
534 453 43 20 cm
584 484 7 8 .

227 503 51 51 ©
311 508 117 38 Nov.
458 508 68 45 14,
558 505 140 47 1934;
731 507 67 40 2c.
831 508 119 41 each
982 508 109 38 Dec.
1125 505 81 46 26;
1241 515 107 30 affs.
1382 506 111 38 Dec.
1524 504 83 47 24;
1639 505 42 38 A
1713 505 344 47 78716-78718;
295 507 1900 96 Burdette
453 563 156 40 Smith
636 574 80 35 co.,

743 563 191 39 Vernon
961 565 94 37 law
1082 563 121 39 book
1229 573 65 29 co.
1324 562 94 39 and
1444 562 138 39 West
1605 562 108 47 pub.
1741 572 65 29 co.

222 681 175 65 Jaffe,
429 681 173 64 John,
638 686 170 49 1895-

288 757 189 53 Labor
516 764 116 46 cost
670 758 252 66 records;
962 758 150 52 their
1151 757 177 53 forms
1370 758 111 51 and
1521 755 387 69 preparation,
1945 756 73 67 by
2059 757 153 54 John

218 835 976 66 Jaffe … Lancaster, Pa., 1934.
291 921 44 36 x,
365 909 83 39 141
480 920 43 37 p.
582 908 142 48 illus.,
755 909 155 39 forms
936 908 136 49 (part
1100 907 144 46 fold.)
1314 907 56 40 23½
1402 910 44 22 cm
1451 940 7 7 .

296 965 171 40 Thesis
506 965 106 47 (PH.
674 965 355 46 D.)—Columbia
1062 964 281 48 university,
1374 964 127 40 1934.

293 1022 125 41 Vita.

291 1078 374 48 Bibliography:
697 1089 42 38 p.
769 1077 216 41 136-140.

228 1130 51 52 ©
305 1136 118 47 Aug.
452 1135 69 47 20,
547 1134 140 48 1934;
719 1135 67 41 2c.
814 1136 95 38 and
937 1134 81 41 aff.
1045 1134 120 47 Aug.
1192 1132 81 42 22;
1302 1133 44 38 A
1371 1131 168 47 73961;
1571 1132 43 40 J.
1644 1131 142 48 Jaffe,
1815 1131 240 48 Palisade,
2084 1133 55 39 N.
2170 1133 30 39 J

305 1190 279 48 (34-40069)

223 1293 313 67 Johnston,
564 1295 154 54 John
747 1294 199 66 Black,
978 1300 170 50 1868-

294 1370 324 53 Education
647 1370 94 53 for
770 1371 358 69 democracy;
1161 1388 185 50 essays
1376 1370 113 52 and
1518 1369 309 67 addresses,
1855 1369 75 69 by
1960 1369 155 55 John
2147 1370 66 51 B.

222 1445 1993 71 Johnston … Minneapolis, The University of Minnesota press
228 1556 14 35 [
245 1530 20 23 c
270 1528 152 66 1934]

297 1598 45 38 vi
369 1608 57 37 p.,
453 1600 24 37 1
539 1629 9 15 l.,
574 1597 86 41 280
683 1608 41 38 p.
787 1598 176 48 diagrs.
1025 1599 53 38 21
1083 1600 43 21 cm
1132 1628 7 7 .

229 1652 51 51 ©
310 1657 101 40 Oct.
440 1656 68 47 30,
537 1656 140 42 1934;
708 1657 66 39 2c.
804 1657 116 38 Nov.
949 1657 54 39 13;
1063 1656 80 41 aff.
1172 1657 115 38 Nov.
1319 1656 81 41 12:
1438 1657 36 37 A
1505 1656 140 39 78063;
1707 1655 280 48 University
2017 1657 51 39 of

295 1656 1902 103 Minnesota,
509 1713 332 47 Minneapolis.
915 1712 277 50 (34-40273)

225 1816 221 65 Keffer,
480 1818 198 53 Frank
708 1817 375 64 McCleunan,
1118 1824 170 48 1895-

297 1893 1857 67 History of San Fernando valley, by Frank M. Keffer …
227 1972 56 51 in
324 1978 112 46 two
477 1977 176 61 parts,
691 1971 291 53 narrative
1022 1972 111 52 and
1172 1971 425 66 biographical;
1638 1970 312 67 managing
1987 1972 228 65 editors,

228 2048 219 52 Harold
513 2048 250 53 McLean
824 2048 180 51 Meier
1070 2048 148 67 [and]
1286 2048 224 52 Arthur
1569 2047 302 53 Hamilton
1932 2048 282 55 Cawston.
228 2125 293 56 Glendale,
567 2124 196 66 Calif.,

810 2124 271 55 Stillman
1124 2125 261 65 printing
1431 2143 296 48 company,
1774 2128 151 50 1934.

296 2196 1273 51 2 p. l 9-329. [3] p. front., plates, ports. 28 cm .
229 2251 50 51 ©
311 2257 103 39 Aug
460 2256 67 39 15.
560 2253 139 41 1934:
733 2254 67 39 2c.
829 2255 117 38 Nov.
976 2253 81 40 21:
1092 2253 80 40 aff.
1203 2254 118 40 Nov.
1353 2252 81 41 19:
1468 2254 41 38 A
1539 2253 168 40 78203:
1745 2254 226 39 Stillman
2001 2254 217 47 printing

296 2323 65 29 co.
433 2311 279 47 (34-39885)

223 2413 248 67 Knittel,
500 2415 172 65 John,
704 2419 170 49 1891-

296 2492 107 52 Via
437 2493 175 67 Mala,
645 2513 28 33 a
707 2492 182 67 novel,
919 2492 74 67 by
1026 2492 153 54 John
1212 2490 243 56 Knittel.
1524 2493 138 50 New
1696 2493 178 53 York,
1907 2493 308 51 Frederick

223 2571 70 51 A.
325 2570 199 54 Stokes
552 2588 296 49 company,
877 2573 148 49 1935.

295 2646 28 38 5
347 2656 39 36 p.
451 2674 7 11 l.,
484 2643 84 40 667
594 2654 42 37 p.
690 2642 143 39 21½cm.

228 2697 51 51 ©
306 2702 117 39 Nov.
451 2700 68 42 27.
547 2699 140 43 1934;
719 2699 62 40 2c.
815 2701 94 38 and
938 2699 79 39 aff.
1049 2700 117 40 Nov.
1193 2700 80 39 30:
1306 2701 41 37 A
1376 2701 141 39 78383:
1575 2700 42 40 J.
1646 2701 61 38 H.
1737 2701 53 38 E.
1819 2700 204 46 Knittel,
2054 2700 157 42 Cairo,

294 2759 169 46 Egypt.
536 2755 278 49 (34-39937)

224 2857 259 67 Landon,
511 2860 153 53 John
693 2857 190 66 Fitch,
914 2863 170 49 1895-

292 2935 444 68 Poliomyelitis;
778 2956 29 32 a
843 2936 304 51 handbook
1181 2936 94 53 for
1311 2938 325 66 physicians
1674 2938 112 51 and
1822 2938 239 51 medical
226 2942 1961 138 students,

432 3014 167 51 based
627 3033 67 32 on
725 3033 27 33 a
779 3014 172 67 study
976 3014 63 51 of
1063 3014 95 52 the
1185 3017 131 48 1931
1344 3016 278 66 epidemic
1643 3018 60 50 in
1729 3017 138 51 New
1895 3015 161 53 York
2080 3018 132 64 city,

224 3091 1984 63 by John F. Landon … and Lawrence W. Smith … with a
224 3167 210 52 section
472 3188 71 33 on
581 3170 93 51 the
712 3169 331 66 orthopedic
1083 3168 149 53 after
1269 3187 128 36 care
1428 3171 63 52 of
1528 3172 95 51 the
1661 3172 214 52 disease
1910 3173 74 66 by
2022 3172 188 65 Garry

224 3246 1986 70 DeN. Hough, jr. … New York. The Macmillan company.
224 3327 146 50 1934.

292 3397 63 46 xi,
382 3396 88 40 275
495 3407 42 36 p.
594 3398 169 45 plates,
794 3397 176 46 diagrs.
1030 3396 55 39 22
1089 3399 43 20 cm
1139 3430 7 7 .

293 3453 346 46 Bibliography
665 3455 50 36 at
743 3452 89 39 end
859 3452 51 39 of
935 3454 117 38 each
1078 3454 210 46 chapter.

226 3506 56 50 ©
306 3510 114 38 Nov.
449 3510 68 45 13,
546 3508 112 39 1934:
714 3509 67 39 2c.
808 3511 93 37 and
930 3509 80 40 aff.
1038 3510 117 39 Nov.
1183 3512 54 37 14:
1294 3512 40 38 A
1363 3512 142 40 78076:
1564 3513 280 39 Macmillan
1872 3523 64 28 co.

302 3566 278 47 (34-40283)

224 3654 382 63 McCormick,
635 3655 221 52 Robert
885 3655 386 66 Rutherford,
1304 3663 170 49 1880-

292 3731 229 52 Ulysses
561 3730 57 54 S.
657 3730 203 67 Grant,
896 3732 94 52 the
1027 3739 160 59 great
1220 3734 210 53 soldier
1468 3735 63 53 of
1567 3736 282 65 America,
1885 3737 75 64 by
1993 3735 214 52 Robert

221 3808 70 51 R.
339 3806 380 55 McCormick.
803 3808 138 52 New
987 3809 179 65 York,
1210 3809 257 69 London,
1513 3813 71 51 D.
1632 3811 575 67 Appleton-Century

221 3901 295 48 company,
547 3883 416 65 incorporated,
999 3888 151 50 1934.
