2350 4196
1166 4005 99 50 498

195 383 204 61 Casey,
430 381 220 51 Robert
678 378 236 63 Joseph,
948 380 169 50 1890-

268 458 119 52 The
436 457 159 52 third
646 456 124 67 owl,
819 454 75 69 by
942 455 213 52 Robert
1204 454 56 53 J.
1312 453 197 66 Casey.
1597 448 414 69 Indianapolis,
2062 447 120 52 The

198 532 439 56 Bobbs-Merrill
672 551 277 49 company
987 566 12 33 [
1004 539 17 22 c
1027 535 133 50 1934
1166 563 10 36 ]

265 609 29 39 4
319 620 43 37 p.
426 639 10 15 l.,
465 605 171 41 11-312
665 617 44 38 p.
769 606 55 39 20
828 608 44 21 cm
878 638 6 4 .

269 665 160 40 “First
463 662 225 43 edition.”

205 733 50 52 ©
287 738 111 47 Apr.
429 737 69 45 25,
531 734 139 41 1934;
704 735 66 39 2c.
802 735 111 47 Apr.
947 733 80 46 28;
1063 733 80 40 aff.
1175 733 112 46 Apr.
1319 732 81 40 30:
1435 731 41 38 A
1508 730 167 47 72251;
1712 730 53 38 R.
1801 730 42 40 J.
1879 729 164 47 Casey,

274 729 1895 112 Chicago.
473 790 277 49 (34-10331)

200 894 328 64 Cauffman,
559 892 242 66 Stanley
826 893 171 62 Hart,
1031 894 164 50 1880-

272 972 120 53 The
435 970 382 54 witchfinders
867 971 108 66 [by]
1026 967 234 69 Stanley
1304 967 154 53 Hart
1500 963 320 58 Cauffman.
203 965 1962 153 Philadelphia,
384 1051 119 51 The

532 1049 160 52 Penn
720 1048 333 68 publishing
1081 1064 276 50 company
1391 1078 12 34 [
1408 1052 17 21 c
1431 1047 151 64 1934]

272 1123 99 48 viii,
408 1122 171 51 [9]-347
611 1133 42 37 p.
715 1121 55 40 19½
803 1124 42 20 cm
850 1153 7 8 .

209 1179 50 51 ©
288 1182 121 39 Mar.
438 1181 68 40 30.
535 1179 138 42 1934;
705 1180 65 39 2c.
800 1180 94 38 and
924 1177 78 41 aff.
1033 1177 110 48 Apr.
1172 1176 81 46 25;
1284 1176 40 39 A
1352 1176 169 40 72178:
1553 1175 132 40 Penn
1713 1176 108 47 pub.
1851 1187 64 29 co.

289 1237 277 48 (34-10332)

203 1339 291 64 Crumley,
524 1337 273 66 Thomas,
830 1337 168 53 1872-

276 1410 1855 75 Logic, deductive and inductive, by Thomas Crumley …
209 1493 138 52 New
378 1494 112 52 and
521 1510 111 34 rev.
666 1493 82 52 ed.
816 1492 137 52 New
988 1490 177 59 York,
1196 1490 121 52 The
1346 1487 334 54 Macmillan
1712 1506 295 51 company,
2043 1490 149 51 1934.

277 1565 84 39 442
396 1576 42 37 p.
500 1564 176 49 diagrs.
737 1562 55 41 20½
825 1565 44 22 cm
875 1596 6 7 .

280 1620 345 41 “References”
657 1622 53 39 at
736 1621 91 39 end
856 1620 51 39 of
935 1620 116 39 each
1083 1619 208 47 chapter.

214 1676 49 50 ©
293 1681 110 46 Apr.
435 1680 69 42 24,
534 1677 138 43 1934;
705 1679 67 39 2c.
803 1679 96 38 and
927 1677 80 40 aff.
1039 1678 111 46 Apr.
1180 1676 80 44 25;
1293 1677 41 38 A
1364 1676 141 39 72182;
1567 1676 279 40 Macmillan
1878 1687 65 29 co.

291 1736 277 48 (34-10301)

207 1839 233 63 Dewey,
468 1841 138 51 Mrs.
636 1839 257 54 Suzette.

281 1916 194 53 Wines
508 1915 93 52 for
630 1915 157 53 those
820 1915 126 52 who
976 1914 142 53 have
1151 1913 290 70 forgotten
1473 1913 111 53 and
1614 1913 158 53 those
1804 1913 124 52 who
2014 1917 98 47 want
2141 1915 58 48 to

213 1993 183 66 know,
431 1993 74 67 by
542 1992 55 55 S.
634 1992 225 69 Dewey.
932 1990 268 70 Chicago,
1235 1993 120 51 The
1389 1992 277 51 Lakeside
1702 2009 172 50 press,
1912 1993 151 49 1934.

285 2067 68 47 97,
389 2067 54 48 [7]
475 2077 42 37 p.
578 2064 126 41 illus.
735 2066 131 45 (inch
898 2065 160 49 maps)
1128 2064 53 40 17
1186 2067 43 21 cm
1233 2097 7 9 .

288 2118 1910 56 “Twelve hundred copies … have been printed.” This copy is signed
213 2182 60 47 by
304 2180 43 41 S.
378 2181 190 47 Dewey.

286 2239 158 39 Blank
469 2247 145 39 pages
639 2237 80 41 for
747 2236 201 41 “Notes”
987 2236 48 46 (6
1062 2239 50 38 at
1139 2237 113 47 end)

219 2293 50 51 ©
297 2299 120 37 Mar.
444 2297 68 46 20,
538 2295 140 42 1934;
707 2295 66 39 2c.
801 2296 119 38 Mar.
949 2295 81 39 24:
1060 2293 78 40 aff.
1168 2295 109 41 Apr.
1306 2295 81 41 16;
1417 2296 40 38 A
1484 2295 168 46 71306;
1686 2294 40 41 S.
1756 2297 190 45 Dewey,
1977 2293 221 49 Chicago.

300 2352 278 47 (34-10319)

214 2453 385 54 Educational
628 2455 361 53 conference.
1179 2457 138 50 New
1348 2456 177 66 York,
1555 2457 147 51 1933.

285 2532 378 52 Educational
688 2537 407 46 measurement
1120 2530 109 53 and
1254 2532 303 66 guidance;
1583 2538 193 61 report
1800 2531 64 54 of
1886 2533 94 50 the
2003 2532 198 53 second

215 2609 328 54 conference
578 2608 180 53 under
793 2609 93 51 the
925 2607 250 69 auspices
1213 2608 63 52 of
1308 2609 95 53 the
1443 2607 372 69 Cooperative
1851 2613 106 48 test
1996 2608 207 54 service

218 2688 110 51 and
375 2686 95 53 the
517 2684 334 55 Committee
896 2704 67 33 on
1012 2688 293 64 personnel
1351 2686 256 54 methods
1655 2687 63 52 of
1761 2689 94 50 the
1900 2687 303 52 American

217 2765 215 51 council
463 2782 69 33 on
562 2763 296 53 education
888 2765 109 51 and
1027 2763 94 52 the
1151 2763 377 53 Educational
1558 2765 223 53 records
1808 2765 229 62 bureau,
2066 2764 135 53 New

220 2841 176 67 York,
442 2840 333 68 November,
821 2843 118 60 2-3,
989 2843 149 48 1933.
1210 2841 399 68 Washington,
1653 2843 69 51 D.
1774 2841 80 66 C.,
1901 2840 302 54 American

218 2919 218 52 council
465 2936 70 34 on
566 2916 297 54 education
898 2951 12 33 [
916 2924 17 20 c
939 2921 130 48 1933]

291 2991 280 44 cover-title,
601 2989 86 41 148
716 3001 40 37 p.
817 2990 54 40 23
876 2993 42 20 cm
924 3023 7 7 .

293 3047 263 48 Reprinted
585 3046 127 40 from
742 3047 78 39 the
851 3046 318 40 Educational
1202 3049 180 39 record.

291 3104 113 39 Also
432 3104 259 46 sponsored
718 3103 59 47 by
806 3104 79 39 the
912 3102 306 48 Progressive
1247 3104 255 40 education
1529 3105 306 40 association,
1897 3105 58 47 cf.
1985 3115 41 37 p.
2055 3106 38 39 3.

629 3159 99 40 CONTENTS.—The
758 3162 171 37 second
958 3158 318 42 Educational
1305 3161 294 40 conference,
1628 3162 61 45 by
1716 3162 70 38 W.
1815 3162 53 38 B.
1900 3160 306 48 Stephens.—

224 3216 319 41 Coordinated
573 3215 277 49 examining
875 3217 93 38 and
997 3216 177 48 testing
1199 3226 263 37 programs,
1491 3218 58 46 by
1578 3218 52 39 B.
1658 3218 56 39 D.
224 3216 1965 105 Wood.—Accrediting

333 3273 186 39 schools
550 3272 93 39 and
674 3273 214 46 colleges,
919 3273 59 45 by
1011 3272 50 40 G.
1093 3272 49 38 F.
1175 3273 345 41 Zook.—Units
1551 3276 94 37 and
1675 3276 280 46 placement,
1986 3275 60 44 by
2078 3273 48 40 C.
2157 3273 48 41 C.

224 3327 519 50 Brigham.—Judging
766 3329 94 38 and
884 3328 252 48 recording
1156 3329 131 47 pupil
1310 3329 407 48 characteristics,
1739 3332 59 45 by
1823 3331 50 38 E.
1898 3330 54 38 R.
1979 3328 229 41 Smith.—

227 3388 354 37 Measurement
624 3385 50 38 in
716 3384 306 40 educational
1066 3384 447 49 experimentation,
1560 3388 57 45 by
1663 3387 113 39 Max
1821 3385 386 42 McConn.—The

227 3442 251 47 technique
505 3441 49 40 of
579 3440 329 49 constructing
935 3443 119 37 tests
1080 3442 50 37 in
1156 3441 205 41 relation
1388 3444 47 37 to
1461 3442 195 41 various
1683 3453 108 29 uses
1819 3442 49 40 of
1896 3445 93 37 test
2018 3441 189 48 results,

228 3499 59 46 by
327 3500 52 37 E.
422 3498 50 39 F.
513 3496 431 48 Lindquist.—The
988 3495 367 43 administrator
1395 3500 92 38 and
1531 3501 79 38 the
1652 3500 179 48 testing
1872 3508 236 38 program,
2149 3497 60 47 by

227 3555 58 38 H.
314 3555 70 39 W.
415 3554 166 40 Chase.

230 3607 51 51 ©
310 3613 108 38 Dec.
448 3611 67 41 12,
544 3609 138 42 1933;
712 3610 64 39 2c.
807 3610 108 39 Feb.
943 3610 68 46 21,
1041 3609 136 41 1934;
1209 3609 80 40 aff.
1319 3611 109 39 Feb.
1457 3611 80 42 23;
1569 3612 40 38 A
1638 3610 167 48 69575;
1838 3611 155 39 Amer.
2024 3610 184 40 council

297 3679 58 27 on
384 3667 269 41 education.
725 3665 248 48 (34-9880)

228 3761 1983 77 Enciclopedia universal ilustrada europeo-americana … t. 9,
298 3848 63 48 10
402 3844 346 69 (Apéndice)
838 3846 300 66 [Ref-Zyz]
1217 3847 222 52 Bilbao,
1469 3847 251 58 Madrid,
1750 3849 328 52 Barcelona.
296 3848 1891 143 Espasa-Calpe,
688 3945 40 34 s.
761 3943 46 33 a.
844 3928 170 63 [1933]
