2350 4196
1143 4007 98 49 900

199 381 343 55 Oklahoma.
616 385 276 66 Supreme
928 392 174 48 court.

199 459 1958 148 Oklahoma reports. Volumes CLXV-CLXVII. Cases determined … July, 1933-April, 1934. Howard Parker, state
200 561 1962 123 reporter. Oklahoma City, Okl., Harlow publishing co. [ c 1934]
277 690 24 38 3
328 700 40 27 v.
396 690 49 37 in
470 689 39 39 2.
565 689 55 39 25½
653 692 43 20 cm
702 722 6 7 .

204 755 43 29 v.
280 745 98 46 365,
414 745 82 39 166
504 776 6 13 :
548 741 49 51 ©
635 747 120 38 Mar.
790 746 68 42 29,
894 745 139 47 1934;
1070 746 65 40 2c.
1172 747 111 46 Apr.
1319 746 52 46 2;
1410 745 81 39 aff.
1526 746 118 46 Aug.
1681 746 51 45 6;
1769 757 41 27 v.
1847 746 98 46 167,
1985 742 50 50 ©
2074 747 114 47 July

275 786 1432 63 28; 2c. A ug. 7; aff. Aug. 6; A 73761, 73762; State of
1736 802 281 46 Oklahoma,
275 802 1894 96 Oklahoma
453 858 121 48 City.

201 961 297 67 Oliphant,
529 970 122 48 Jas.
682 964 90 63 H.,
803 963 51 52 &
883 980 81 38 co.

272 1037 327 69 Oliphant’s
651 1040 213 52 studies
916 1042 61 50 in
1029 1039 303 66 securities,
1387 1041 151 50 1934.
1614 1040 96 50 8th
1764 1040 210 51 annual
2025 1038 160 53 issue.

205 1114 164 55 Some
404 1117 63 52 of
500 1118 94 52 the
628 1117 213 53 studies
876 1118 63 51 of
973 1117 388 52 considerably
1394 1135 132 33 over
1563 1136 28 32 a
1626 1117 262 51 hundred
1924 1114 264 54 different

201 1194 320 67 companies
567 1195 280 67 prepared
893 1196 111 51 and
1048 1195 301 67 published
1392 1195 75 65 by
1509 1195 114 51 this
1669 1192 127 54 firm
1840 1195 211 66 during
2093 1195 94 52 the

200 1278 130 61 past
358 1272 202 52 twelve
587 1273 472 66 years—selected
1091 1293 57 32 as
1179 1273 284 65 examples
1494 1271 62 52 of
1583 1272 195 52 varied
201 1273 1990 143 enterprise—past

377 1350 224 52 records
650 1351 247 67 brought
945 1350 120 52 into
1115 1351 241 51 relation
1404 1351 141 51 with
1591 1351 94 52 the
1734 1356 241 60 present.
2051 1352 138 50 New
202 1428 178 64 York,

410 1428 268 66 Chicago,
706 1430 117 53 Jas.
855 1430 75 52 H.
960 1429 282 66 Oliphant
1270 1432 45 49 &
1343 1447 77 33 co.
1458 1461 11 33 [
1476 1435 16 20 c
1498 1431 135 49 1934
1636 1461 12 32 ]

276 1501 98 46 viii,
404 1501 143 40 9-174
575 1511 42 37 p.
673 1502 54 38 21½
761 1504 44 20 cm
810 1532 7 6 .

209 1568 50 50 ©
291 1571 125 39 June
444 1571 68 47 22,
543 1571 140 46 1934;
715 1571 68 39 2c.
815 1572 114 46 July
961 1571 51 46 5;
1045 1570 81 40 aff.
1159 1572 114 46 July
1305 1570 50 47 6;
1390 1571 40 37 A
1460 1570 169 46 73298;
1666 1571 101 38 Jas.
1798 1570 60 38 H.
1894 1568 230 48 Oliphant
2155 1570 36 40 &

275 1639 66 28 co.

201 1729 239 63 O’Neill,
469 1729 225 54 Helena
721 1729 325 58 Elizabeth.

340 1803 1850 70 … Eidetic imagery [by] Helena E. O’Neill and J. Edward
211 1884 207 52 Rauth.
505 1882 395 69 Washington,
950 1883 69 51 D.
1076 1882 79 68 C.,
1205 1883 121 53 The
1379 1881 259 55 Catholic
1688 1882 296 53 education
2034 1899 156 50 press

216 1995 12 34 [
233 1968 18 21 c
256 1964 134 48 1934
394 1994 13 34 ]

278 2033 25 38 1
327 2044 42 36 p.
429 2064 7 16 l.,
460 2032 55 38 22
539 2043 42 37 p.
634 2032 54 40 23
693 2035 43 20 cm
741 2065 8 7 .
813 2033 124 47 (The
961 2032 218 41 Catholic
1204 2032 269 48 university
1501 2034 51 39 of
1578 2033 234 41 America.
1867 2033 322 40 Educational

210 2089 1127 48 research monographs … vol. VIII, no. 2)
282 2147 68 38 “A
374 2147 176 39 review
572 2147 52 39 of
648 2148 82 38 the
750 2146 257 40 literature
1030 2146 52 40 of
1103 2147 81 40 the
1208 2148 227 46 problem.
1490 2148 144 39 Much
1660 2148 49 38 of
1734 2149 81 38 the
1839 2148 225 39 material
209 2157 1963 87 presented

400 2205 112 37 here
533 2203 42 40 is
597 2204 147 40 taken
765 2203 127 39 from
917 2214 27 28 a
968 2203 326 47 dissertation,
1321 2204 187 40 Eidetic
1535 2204 184 49 ability,
1745 2205 261 40 submitted
2034 2208 47 37 to
2108 2208 81 37 the

209 2261 188 47 faculty
427 2261 51 39 of
505 2262 82 38 the
615 2261 248 39 Graduate
890 2261 161 38 school
1080 2261 51 38 of
1160 2263 102 36 arts
1292 2262 94 38 and
1415 2261 210 40 sciences
1653 2262 52 39 of
1730 2263 81 38 the
1842 2261 218 42 Catholic
210 2261 1961 105 university

423 2318 51 40 of
503 2317 220 40 America
753 2319 60 44 by
842 2317 119 40 Miss
991 2317 185 40 Helena
1207 2317 253 40 Elizabeth
1490 2318 560 41 O'Neill.”—Foreword.

279 2375 347 48 Bibliography:
685 2385 42 37 p.
758 2374 158 39 19-22.

210 2446 50 51 ©
288 2451 125 38 June
438 2450 66 46 13,
531 2448 139 45 1934;
698 2448 66 39 2c.
792 2448 126 38 June
943 2447 81 45 15;
1053 2446 80 40 aff.
1163 2447 124 39 June
1311 2447 82 46 29;
1422 2448 43 37 A
1488 2447 140 40 74063;
1688 2448 219 40 Catholic
1935 2445 257 43 education

276 2517 148 37 press.
496 2503 277 50 (34-19834)

202 2606 322 65 O’Rourke,
554 2608 200 52 James
781 2606 173 61 John,
987 2609 171 49 1905-

330 2684 1800 67 … Parish registers, an historical synopsis and commentary …
213 2757 1955 134 by Rev. James J. O’Rourke … Washington, D. C., The Catholic
350 2839 315 65 university
696 2836 63 52 of
791 2834 280 69 America,
1107 2840 146 48 1934.

279 2909 68 39 vii
370 2920 56 37 p.,
452 2909 25 38 1
539 2940 7 16 l.,
571 2908 85 40 109
680 2919 42 36 p.
782 2908 53 40 23
841 2910 43 21 cm
890 2940 7 6 .
969 2909 123 47 (The
1118 2909 217 40 Catholic
1362 2910 268 47 university
1660 2911 50 39 of
1736 2910 235 40 America.
2027 2910 162 40 Canon

211 2968 93 38 law
335 2966 197 47 studies,
562 2976 73 29 no.
668 2964 78 45 88)

279 3023 170 39 Thesis
491 3023 61 47 (J.
615 3057 7 8 C.
686 3020 324 48 D.)—Catholic
1041 3020 268 49 university
1339 3023 53 39 of
1420 3023 236 49 America,
1691 3024 125 40 1934.

279 3080 342 47 Biographical
655 3080 125 39 note.

281 3137 372 47 Bibliography:
690 3146 42 37 p.
767 3133 156 44 93-95.

212 3208 1555 52 © May 28, 1934; 2c. and aff, June 14; A 73069: Catholic
1796 3212 129 39 univ.
1953 3212 50 38 of
279 3212 1894 96 America
437 3266 277 49 (34-19833)

205 3373 250 63 Osburn,
487 3372 144 52 Burl
660 3373 73 53 N.

276 3450 298 52 Measured
610 3448 287 67 drawings
933 3447 63 51 of
1032 3447 154 67 early
1223 3448 306 52 American
1564 3448 287 54 furniture
1910 3449 73 67 [by]
2045 3448 141 52 Burl

211 3524 1975 68 N. Osburn … and Bernice B. Osburn … Milwaukee, Wis.,
209 3606 122 51 The
361 3607 181 50 Bruce
572 3602 331 68 publishing
933 3619 277 50 company
1248 3637 12 32 [
1265 3609 18 21 c
1288 3607 134 49 1934
1425 3638 12 32 ]

282 3679 55 39 94
364 3688 41 36 p.
431 3677 108 39 incl.
565 3677 161 45 front.,
754 3676 141 45 illus.,
923 3675 177 45 diagrs.
1159 3674 54 40 28
1217 3677 42 20 cm
1266 3709 8 7 .

284 3734 268 47 “Enlarged
583 3734 94 38 and
709 3731 186 40 revised
928 3731 224 40 edition.”

284 3791 344 46 Bibliography:
687 3800 41 36 p.
759 3789 69 40 18.

214 3845 49 51 ©
295 3849 125 40 June
447 3848 67 45 16,
545 3846 139 46 1934;
716 3846 64 39 2c.
812 3847 93 38 and
936 3845 81 39 aff.
1048 3846 116 47 July
1192 3848 80 44 11;
1304 3848 40 37 A
1373 3847 168 46 73374;
1574 3849 158 38 Bruce
1760 3848 107 47 pub.
1899 3858 66 29 co.
281 3846 1890 106 [Copyright
438 3905 41 39 is
507 3903 201 40 claimed

737 3913 58 29 on
825 3901 209 40 revision
1064 3903 93 38 and
1185 3913 103 28 new
1318 3906 192 45 matter]
1583 3903 277 48 (34-20190)
