2350 4296
1084 3997 96 54 841

147 354 239 65 Adams,
418 353 242 55 Cornele
688 352 264 56 Berrien.

218 430 272 53 National
526 429 307 53 industrial
872 428 393 70 organization
1315 428 207 68 (under
1561 428 172 53 social
1772 429 246 68 control)
2068 428 73 70 by

149 506 236 55 Cornele
415 507 237 52 Berrien
682 506 235 54 Adams.
986 505 293 70 Santurce,
1309 507 64 51 P.
1406 506 66 52 R.
1531 505 246 54 [Cantero
1810 507 331 53 Fernéndez

147 588 44 51 &
214 603 97 51 co.,
338 585 266 68 printers]
641 587 148 51 1934.

216 655 1010 53 2 p. l., iii p., 2 l., 3-181 p., 1 l. 17½ cm .
218 714 144 42 “This
397 714 122 41 book
552 714 40 40 is
628 725 27 29 a
689 715 239 46 carefully
966 714 185 40 revised
1187 714 95 39 and
1317 712 232 49 partially
1588 712 264 42 rewritten
1872 715 184 40 edition
2092 713 52 41 of

147 771 79 39 the
262 770 217 42 author’s
516 769 172 41 ‘Social
724 780 253 37 economy;
1016 780 65 36 or,
1117 769 98 42 The
1254 768 267 42 economics
1556 769 53 40 of
1642 770 149 40 social
1826 770 316 48 production’,

147 826 80 42 the
258 827 203 49 original
496 827 183 41 edition
712 828 52 38 of
794 827 157 40 which
985 837 100 29 was
1119 825 253 49 published
1406 828 47 38 in
1489 827 268 39 November
1791 825 351 43 1906.”—Pref.

150 894 50 52 ©
226 899 125 41 June
377 899 67 44 14,
472 898 112 41 1934
603 910 8 35 ;
640 899 66 40 2c.
733 901 95 38 and
854 899 82 40 aff.
964 900 124 39 June
1115 898 81 48 26;
1226 898 40 38 A
1292 899 170 46 73221;
1493 899 49 40 C.
1572 901 50 37 B.
1652 900 194 46 Adams,
1876 901 263 47 Bayamon,

218 956 177 40 Puerto
431 956 129 38 Kico.
627 956 283 47 [Copyright,
943 957 41 38 is
1020 955 200 40 claimed
1260 967 57 26 on
1355 956 224 46 revision,
1618 956 251 49 rewriting
1905 959 95 38 and
2036 969 106 28 new

216 1013 192 48 matter]
482 1012 279 47 (34-19156)

143 1113 189 66 Aimé,
362 1115 234 55 Denise.

276 1193 1862 66 … Du Pont de Nemours, honnete homme. Preface de
148 1269 270 56 Edouard
450 1272 253 52 Herriot.
781 1271 181 68 Paris,
994 1274 62 51 P.
1092 1272 160 54 Ortiz
1290 1276 170 64 [1934]

220 1342 1057 51 5 p. l. , 414 p., 1 l. front, (port.) 20 cm .
221 1399 232 43 “Sources
480 1404 48 37 et
556 1402 378 48 bibliographie”
954 1414 7 27 :
992 1414 41 36 p.
1062 1403 215 39 411-414.

148 1467 50 52 ©
230 1472 108 41 Feb.
368 1473 69 47 10,
467 1473 138 46 1934;
638 1475 65 40 1c.
734 1475 113 46 May
874 1474 82 46 15;
988 1473 309 49 A-Foreign
1326 1475 170 46 24661;
1528 1475 177 40 Denise
1737 1476 161 47 Azam,
1931 1476 153 39 Paris.

226 1530 278 47 (34-18809)

143 1633 313 57 American
484 1636 163 53 labor
675 1640 196 61 party.

276 1709 1864 74 … Declaration of principles, and program of the American
145 1785 1998 80 labor party … Los Angeles, Calif., ALP publishing company,
144 1872 17 21 c
167 1868 150 52 1934.

213 1937 1633 57 2 p. l. , 25 p. 23½ cm . (American labor library book no. 1)
215 1994 71 42 On
318 2007 165 31 cover:
519 1997 159 41 Bread
715 2000 93 39 and
843 2010 26 29 a
904 2001 150 39 home,
1089 2000 269 47 protection
1393 2001 192 46 against
1620 2004 132 38 want
1787 2002 49 39 in
1871 2002 76 41 old
1985 2011 100 39 age.

214 2052 121 43 Text
365 2054 192 47 signed:
589 2056 126 39 John
744 2056 48 42 L.
826 2056 205 41 Riemer.

150 2122 55 52 ©
237 2126 114 49 May
384 2128 68 46 26,
489 2128 113 40 1934
620 2139 10 35 ;
667 2130 66 39 2c.
770 2131 95 38 and
901 2130 82 40 aff.
1018 2132 125 38 June
1177 2132 53 44 4;
1269 2131 40 39 A
1344 2132 171 46 72620;
1553 2134 128 39 John
1718 2134 49 38 L.
1805 2132 205 49 Riemer,
2050 2135 91 40 Los

218 2184 218 48 Angeles.
508 2185 280 48 (34-16358)

142 2288 239 65 Becker,
413 2290 185 56 Edna.

275 2366 1861 74 … Hugh and Denis, by Edna Becker. Caldwell, Id., The
146 2441 222 57 Caxton
400 2444 266 67 printers,
695 2448 121 60 ltd.,
851 2451 148 51 1934.

216 2515 85 43 277
329 2527 41 37 p.
432 2517 126 41 illus.
621 2519 56 40 19½
707 2522 44 21 cm
757 2552 8 8 .

219 2571 63 42 At
311 2574 123 40 head
466 2575 51 39 of
548 2575 134 40 title:
715 2576 191 40 Twelve
939 2578 122 39 tales
1092 2579 51 38 of
1172 2580 93 38 two
1297 2581 115 45 boys
1442 2580 50 39 of
1526 2581 81 38 the
1638 2581 176 41 middle
1847 2592 126 36 ages.

221 2628 286 44 Illustrated
537 2631 363 50 lining-papers.

149 2696 50 52 ©
230 2702 115 48 July
376 2702 37 46 5,
445 2702 113 41 1934
577 2714 7 32 ;
618 2705 66 39 2c.
716 2706 99 38 and
842 2705 80 40 aff.
956 2707 113 47 July
1100 2707 80 43 10;
1215 2707 40 39 A
1285 2708 170 47 74169;
1485 2709 191 40 Caxton
1710 2709 225 49 printers,
1968 2711 86 41 ltd.

225 2758 279 51 (34-19030)

141 2859 278 69 Seeding,
448 2864 264 67 Francis,
740 2866 192 67 pseud.

214 2935 1927 83 The street of the serpents, by Francis Beeding … New
147 3013 160 55 York
333 3017 111 52 and
470 3017 260 67 London,
757 3018 233 70 Harper
1016 3021 45 50 &
1087 3020 277 72 brothers,
1394 3026 150 51 1934.

213 3086 530 53 4 p. l. , 276 p. 19 cm .
213 3143 40 39 A
278 3144 193 49 Harper
497 3147 160 40 sealed
685 3150 214 46 mystery
925 3152 134 45 story
1096 3151 65 48 (p.
1187 3152 204 41 251-276
1419 3154 186 47 sealed)

215 3198 161 45 “First
404 3202 227 42 edition.”

149 3268 50 51 ©
225 3273 115 49 July
365 3274 38 48 5,
429 3275 140 46 1934;
597 3276 66 40 2c.
691 3277 114 47 July
830 3278 24 38 5
873 3288 8 31 ;
910 3278 80 40 aff.
1018 3280 117 48 July
1159 3281 50 42 7:
1237 3282 40 38 A
1304 3282 169 47 74152;
1503 3284 127 40 John
1659 3285 191 40 Palmer
1877 3288 94 38 and
2000 3287 58 38 H.
2087 3285 52 39 A.

222 3329 65 42 St.
321 3331 52 41 G.
409 3331 259 49 Saunders,
703 3333 204 48 Geneva,
946 3334 330 45 Switzerland.
1350 3339 280 52 (34-18836)

140 3429 216 69 Bemis,
386 3434 208 55 Albert
625 3438 263 64 Farwell,
922 3438 169 55 1870-

211 3510 119 55 The
367 3514 266 68 evolving
669 3515 188 52 house.
934 3518 241 53 Volume
1211 3538 61 33 n.
1312 3522 120 52 The
1467 3526 311 52 economics
1816 3527 63 51 of
1917 3525 222 54 shelter.

143 3590 88 66 By
255 3591 207 54 Albert
485 3593 245 51 Farwell
758 3594 207 53 Bemis.
1030 3594 361 74 Cambridge,
1415 3602 190 67 Mass.,
1631 3604 121 53 The
1778 3605 364 68 Technology

143 3684 171 52 press,
342 3670 441 55 Massachusetts
812 3672 262 54 institute
1103 3676 64 52 of
1195 3677 339 70 technology
1570 3715 10 31 [
1587 3689 17 20 c
1611 3684 150 64 1934]

218 3743 182 47 xxxvii,
433 3743 84 40 605
547 3754 42 37 p.
649 3744 127 41 illus.
805 3746 132 46 (incl.
970 3749 163 45 plans)
1175 3759 147 40 maps,
1356 3752 178 48 diagrs.
1566 3754 135 48 (part
1732 3756 143 49 fold.)
1945 3759 54 38 24
2003 3762 14 19 cm
2053 3790 7 8 .

216 3800 374 49 Bibliography:
622 3804 89 37 vol.
788 3833 6 15 II,
828 3814 27 36 p
901 3803 247 49 [591]-595.

152 3868 48 50 ©
225 3872 124 40 June
373 3874 67 45 18,
466 3873 139 44 1934;
631 3873 66 40 2c.
722 3875 115 46 July
861 3875 81 40 23:
969 3875 78 39 aff.
1076 3876 114 49 July
1213 3879 81 39 21:
1323 3879 39 39 A
1387 3881 171 48 73565;
1585 3883 53 43 A.
1665 3884 49 41 F.
1742 3885 176 49 Bemis,
1947 3887 197 41 Boston.
