2350 4196
1175 3995 64 47 46

225 379 203 62 Perry,
457 377 275 55 Clarence
759 378 249 64 Arthur,
292 378 879 129 1872-The
446 454 327 69 rebuilding
806 456 64 51 of
903 455 259 68 blighted
1197 472 185 49 areas;
1419 474 29 33 a
1486 455 169 66 study

1692 455 63 52 of
1788 456 94 51 the
222 455 1968 130 neighborhood
418 531 126 53 unit
589 532 59 52 in
696 534 343 67 replanning
1087 534 110 52 and
1246 534 125 66 plot
1416 533 362 68 assemblage,
1824 534 73 67 by
1949 533 267 54 Clarence

229 612 1987 67 Arthur Perry … Architectural and planning studies under
220 689 1972 147 the direction of C. Earl Morrow … New York, N. Y., Regional plan association, inc. [c1933]
291 852 1708 53 2 p. l., 3-59 p. front., illus. (incl. maps, plans) diagrs. 28½cm.
296 927 143 39 “This
478 930 162 44 report
677 927 41 40 is
756 937 27 29 a
821 926 304 48 cooperative
1164 925 325 47 undertaking
1526 925 48 39 in
1615 924 155 40 which
1812 925 78 39 the
1930 924 289 40 Recreation

222 984 307 47 department
556 983 51 40 of
636 984 81 39 the
747 984 193 39 Russell
973 983 121 47 Sage
1123 981 291 40 foundation
1444 982 93 39 and
1570 982 80 39 the
1681 980 233 49 Regional
1946 981 114 48 plan

222 990 1977 96 association,
447 1040 103 46 inc.,
581 1040 122 39 have
731 1039 542 46 joined.”—Foreword,
1305 1050 43 36 p.
1378 1041 41 37 4.

225 1104 50 51 ©
302 1109 110 40 Dec.
439 1109 68 45 16,
534 1109 112 39 1933;
702 1108 67 41 2c.
797 1110 93 38 and
919 1108 78 39 aff.
1026 1108 109 39 Jan.
1162 1108 38 47 2,
1228 1108 140 46 1934;
1398 1107 41 38 A
1466 1107 168 46 68669;
1666 1107 234 47 Regional
1927 1108 114 47 plan
2069 1117 141 29 assn.,

292 1166 88 39 inc.
453 1165 248 49 (34-1391)

228 1281 330 65 Phillpotts,
592 1284 181 62 Eden,
808 1285 171 50 1862-

287 1360 57 51 A
378 1359 231 52 shadow
644 1377 206 49 passes,
884 1360 72 67 by
994 1360 162 51 Eden
1190 1359 334 67 Phillpotts,
1558 1358 169 69 being
1762 1360 159 52 third
1957 1361 112 51 and
2102 1362 110 50 last

221 1444 130 60 part
389 1437 65 52 of
491 1438 96 51 the
623 1438 146 51 book
808 1437 64 52 of
909 1438 160 51 Avis.
1145 1438 136 50 New
1321 1437 178 66 York,
1537 1437 120 52 The
1695 1436 332 53 Macmillan
221 1454 1968 129 company,
424 1519 148 49 1934.

290 1589 568 48 4 p. l., 308 p. 19½ cm .
225 1657 50 51 ©
307 1661 108 39 Jan.
443 1661 69 47 23,
541 1661 114 39 1934;
713 1661 65 39 2c.
811 1662 94 38 and
930 1660 85 40 aff.
1046 1660 109 40 Jan.
1183 1660 82 46 24;
1297 1660 42 39 A
1367 1659 169 48 69180;
1569 1661 52 38 E.
1652 1659 276 48 Phillpotts,
1960 1659 251 45 Kerswell,

291 1718 161 39 Broad
482 1717 149 47 Clyst,
661 1719 190 45 Exerer,
884 1718 233 47 England.
1192 1717 248 48 (34-1476)

221 1834 369 65 Probstfield,
624 1835 178 52 Edris
831 1837 191 62 Mary.

289 1910 165 67 Open
492 1912 270 51 windows
824 1912 90 67 [by]
959 1912 172 52 Edris
1167 1912 168 67 Mary
1373 1910 358 54 Probstfield.
1806 1912 217 67 Dallas,
2060 1913 153 66 Tex.,

219 1989 119 51 The
370 1989 435 68 Kaleidograph
838 2008 155 49 press
1033 2023 11 33 [
1050 1997 17 20 c
1074 1993 129 48 1933
1211 2023 10 33 ]

289 2063 1010 48 4 p. l., xi-xii p., 1 l., 15-62 p. 19½ cm .
290 2120 182 39 Poems.

223 2187 50 51 ©
306 2192 110 40 Dec.
448 2193 38 45 1,
517 2191 112 40 1933;
689 2192 66 39 2c.
788 2192 107 39 Jan.
927 2192 68 47 15,
1027 2191 140 48 1934;
1201 2191 80 41 aff.
1315 2193 108 39 Jan.
1455 2194 81 45 17;
1570 2193 41 38 A
1643 2191 168 48 69017;
1846 2192 365 48 Kaleidograph

292 2258 148 37 press.
513 2248 249 48 (34-1250)

220 2363 202 54 Punch.
518 2383 48 34 v.
596 2370 116 62 185,
736 2387 87 33 no.
850 2370 152 54 4822,
1028 2369 315 52 November
1369 2373 84 61 22,
1479 2372 151 50 1933.

224 2447 1986 54 © 1c. Jan. 18. 1934; A ad int. 18620; pubd. Nov. 22, 1933; Herbert
288 2509 232 46 Heather,
551 2509 211 39 London.

220 2624 221 53 Punch,
516 2644 50 33 v.
598 2630 115 63 185,
739 2645 88 33 no.
855 2630 154 64 4823,
1035 2629 315 52 November
1378 2632 84 64 29,
1492 2632 148 49 1933.

222 2708 1987 55 © 1c. Jan. 24, 1934; A ad int. 18633; pubd. Nov. 29, 1933; Herbert
288 2769 231 47 Heather,
549 2770 211 39 London.

221 2884 299 66 Quennell,
547 2889 138 51 Mrs.
715 2888 284 62 Marjorie
1032 2890 359 64 (Courtney)

353 2962 1855 75 … A history of everyday things in England … pt. 3. The
221 3040 1987 74 rise of industrialism, 1733-1851 … Written and illustrated by
220 3118 277 66 Marjorie
538 3120 111 51 and
692 3121 60 54 C.
795 3122 75 51 H.
914 3124 66 51 B.
1024 3123 294 61 Quennell.
1394 3125 256 56 London,
1692 3128 67 50 B.
1802 3126 64 52 T.
1910 3125 296 55 Batsford.

219 3197 102 52 ltd.
358 3229 12 33 [
376 3202 17 20 c
398 3200 133 48 1933
538 3229 11 33 ]

287 3269 83 46 xii,
412 3269 87 39 222
538 3281 41 36 p.
650 3272 84 38 col.
776 3272 163 47 front.,
982 3273 126 40 illus.
1140 3273 130 48 (incl.
1313 3275 163 47 plans)
1528 3277 158 46 plates
1715 3275 133 48 (part
1890 3275 111 48 col.)
2054 3276 149 47 diagr.

216 3326 54 39 23
275 3328 43 20 cm

223 3390 1983 58 © 1c. Dec. 29, 1933; A ad int. 18544; pubd. Oct. 31; Charles Scribner's
288 3461 124 37 sons,
442 3452 114 39 New
586 3453 141 39 York.

220 3568 243 64 Riddell,
494 3569 295 57 Florence.

290 3645 182 54 Silent
505 3648 197 66 world,
735 3667 31 33 a
795 3651 164 51 novel
991 3651 72 66 by
1097 3654 268 52 Florence
1398 3653 247 54 Riddell.
1721 3656 403 68 Philadelphia
2158 3661 46 49 &

220 3724 254 64 London,
501 3726 54 51 J.
586 3727 65 51 B.
680 3726 333 66 Lippincott
1044 3747 294 49 company,
1367 3736 147 49 1934.

290 3794 86 41 320
403 3805 43 38 p.
506 3796 54 40 19
564 3798 43 22 cm
612 3830 8 7 .

222 3861 50 51 ©
301 3866 108 40 Jan.
437 3867 39 45 3,
504 3867 139 42 1934;
672 3868 66 40 2c.
767 3871 93 38 and
890 3870 79 39 aff.
999 3871 108 40 Jan.
1137 3873 79 40 19:
1247 3874 40 38 A
1315 3873 168 41 69121:
1551 3906 6 7 J.
1588 3875 50 37 B.
1670 3875 276 47 Lippincott
2034 3911 6 6 Co.

298 3922 249 48 (34-1300)
