2350 4196
1132 4008 131 48 1396

290 454 56 52 A
383 454 296 68 technique
720 454 93 53 for
851 455 390 68 manualizing
1280 454 276 53 standard
1597 453 304 68 practices;
1946 473 29 34 a
220 472 1964 126 monograph

450 530 65 54 of
555 532 94 52 the
694 530 150 56 Ohio
891 531 158 56 State
1094 532 188 53 school
1327 530 94 54 for
1462 531 95 52 the
1603 530 153 69 deaf,
1800 532 75 68 by
1920 532 186 53 Marie
2150 531 57 56 S.

221 607 1971 71 Price … edited by Edward R. Abernathy … Columbus, O.,
223 684 160 55 State
409 687 190 53 school
629 685 93 54 for
749 687 94 52 the
872 685 153 69 deaf,
1053 689 149 50 1934.

290 757 913 54 1 p. l., 5-101 p. incl. forms. 23 cm .
293 815 129 40 “The
463 817 105 38 text
610 816 51 39 of
705 816 99 39 this
846 816 297 47 monograph
1184 815 97 38 will
1330 815 127 39 form
1503 815 81 40 the
1628 813 108 42 first
1780 814 209 41 division
2035 817 50 39 of
2130 815 81 40 the

224 871 231 50 [school’s]
490 872 431 43 manual.”·—Pref.

225 926 1982 52 © Sept. 15. 1934; 2c. Sept. 21: aff. Sept. 20: A 76083: Ohio state school
290 987 79 38 for
396 987 80 39 the
504 986 127 40 deaf.
702 986 278 47 (34-34207)

216 1076 247 64 Osborn,
492 1077 285 64 Marjorie
805 1077 204 56 Noble.

288 1154 161 67 Jolly
480 1152 165 55 times
677 1154 140 53 cook
847 1153 175 68 book;
1057 1154 204 68 simple
1291 1154 214 67 recipes
1540 1152 94 54 for
1666 1172 194 50 young
1892 1155 317 68 beginners.

218 1232 73 68 by
330 1232 276 68 Marjorie
647 1232 184 55 Noble
869 1231 254 68 Osborn;
1166 1232 381 52 illustrations
1586 1232 74 67 by
1706 1231 268 55 Clarence
2019 1234 179 53 Biers.

221 1309 1373 69 Chicago, Rand, McNally & company [ c 1934]
290 1385 55 40 64
375 1396 42 36 p.
475 1385 129 39 illus.
632 1386 135 46 (part
795 1386 111 46 col.)
973 1386 56 38 14
1046 1395 31 28 x
1094 1385 55 38 17
1153 1386 42 21 cm
1200 1415 8 7 .

224 1438 1983 52 © Oct. 3, 1934; 2c. Oct. 8: aff. Oct. 6: A 75819: Rand. McNally & co.
301 1499 280 48 (34-35118)

215 1585 516 68 O’Shaughnessy,
765 1587 250 54 Michael
1048 1587 278 67 Maurice,
1362 1591 170 49 1864-

218 1664 1966 149 Hetch Hetchy; its origin and history [by] M. M. O’Shaughnessy … San
694 1745 323 67 Francisco,
1045 1743 194 69 Calif.,
1267 1748 151 49 1934.

289 1818 1170 51 133, [1] p., 1 l. incl. col. front., illus. 30½ cm .
297 1877 92 41 “Of
420 1877 98 39 this
552 1876 106 40 first
693 1876 196 47 edition,
925 1887 89 29 one
1049 1876 242 40 thousand
1322 1875 162 49 copies
1520 1887 126 29 were
1682 1874 192 50 printed
1909 1876 60 48 by
2005 1876 83 41 the
220 1876 1973 98 Recorder

434 1933 218 49 printing
695 1934 94 39 and
837 1933 279 48 publishing
1161 1943 246 38 company,
1457 1932 95 41 San
1602 1933 272 47 Francisco,
1922 1933 286 47 California,

221 1990 216 47 October,
469 1989 157 42 1934.”

224 2045 50 51 ©
312 2049 99 40 Oct.
448 2049 39 40 1.
523 2047 114 40 1934;
700 2047 65 40 2c.
803 2049 95 38 and
931 2046 81 42 aff.
1050 2047 102 41 Oct.
1188 2047 79 40 10:
1309 2048 36 37 A
1385 2045 167 44 76469;
1593 2045 60 41 M.
1691 2049 61 38 M.
1792 2047 413 47 O’Shaughnessy.

293 2106 93 39 San
420 2105 271 39 Francisco.
764 2104 276 47 (34-35112)

218 2192 250 68 Palmer,
497 2195 228 53 Bertha
752 2194 235 63 Rachel,
1021 2197 170 52 1880-

289 2273 54 49 A
363 2272 251 67 syllabus
634 2271 58 51 in
717 2272 220 52 alcohol
959 2270 309 53 education.
1343 2270 98 69 (3d
1463 2271 112 68 ed.)
1642 2270 91 68 By
1758 2269 214 54 Bertha
1996 2269 210 54 Rachel

221 2346 1985 70 Palmer … [Evanston, Ill.] The Dept. of scientific temperance
224 2425 335 55 instruction
612 2430 61 47 of
723 2427 96 52 the
868 2425 271 54 National
1189 2427 265 52 woman’s
1508 2426 292 54 Christian
1852 2431 350 62 temperance

223 2506 380 66 union [ c 1934]
288 2575 54 41 53
369 2586 43 38 p.
464 2576 56 38 22
524 2578 42 21 cm
573 2608 7 8 .

293 2633 270 40 “Research
597 2633 133 39 work
759 2634 94 38 and
885 2634 311 46 preparation
1229 2634 50 39 of
1310 2636 226 38 material
1568 2636 120 38 done
1718 2636 49 38 in
1802 2636 80 39 the
1911 2635 200 39 Alcohol
221 2636 1968 102 investigation

561 2689 185 48 library
794 2690 50 39 of
892 2690 82 41 the
1027 2690 241 41 Scientific
1317 2694 304 44 temperance
1669 2692 289 48 federation,
2010 2692 196 48 Boston,

217 2746 429 41 Massachusetts.”

290 2803 374 48 Bibliography:
696 2814 43 36 p.
773 2801 157 43 51-53.

223 2861 1966 100 © Sept. 12. 1934; 2c. and aff. Sept. 20: A 75446: Natl. woman's Christian
421 2925 303 43 temperance
752 2919 159 40 union.
982 2919 277 48 (34-35452)

212 2993 286 66 Pradeau,
533 2994 246 54 Alberto
811 2995 329 63 Francisco,
1177 2998 168 49 1894-

286 3072 121 52 The
445 3071 263 52 Mexican
747 3070 174 53 mints
963 3069 64 54 of
1067 3070 234 54 Alamos
1344 3073 112 52 and
1499 3072 367 66 Hermosillo,
1907 3072 73 67 by
2023 3073 70 51 A.
2139 3069 65 54 F.

218 3149 278 54 Pradeau.
591 3149 136 51 New
786 3147 179 53 York.
1018 3147 120 53 The
1194 3148 305 54 American
1558 3148 362 54 numismatic
1979 3148 227 62 society.

221 3230 147 50 1934.

288 3296 1919 52 2 p. l., 73, [1] p. illus., plates. 16½ cm . (Half-title: Numismatic notes
221 3357 89 38 and
343 3355 333 48 monographs,
752 3365 74 29 [no.
855 3353 97 50 63])

224 3410 1981 51 © Aug. 1, 1934; 2c. Sept. 17: aff. Sept. 15: A 75338: Amer. numismatic
289 3482 92 28 soc.
453 3469 276 49 (34-35096)

213 3546 192 63 Pratt,
436 3545 288 55 Fletcher.

289 3624 118 52 The
435 3624 189 51 heroic
652 3640 190 50 years;
876 3620 261 54 fourteen
1167 3639 163 50 years
1357 3621 66 55 of
1451 3623 95 53 the
1577 3623 273 69 republic,
1883 3625 322 51 1801-1815,

220 3701 69 64 by
314 3701 262 52 Fletcher
600 3701 171 52 Pratt…
932 3699 138 53 New
1096 3699 178 66 York,
1298 3700 77 53 H.
1403 3699 189 56 Smith
1618 3702 111 55 and
1755 3702 68 53 R.
1848 3701 178 64 Haas,
2055 3703 147 49 1934.

292 3772 1441 50 352 p. front., illus. (incl. music) plates. ports. 22 cm .
295 3831 374 47 “Bibliography
697 3831 94 39 and
819 3829 165 40 notes”:
1044 3840 41 37 p.
1115 3830 214 40 335-344.

225 3884 1977 51 © Oct. 8. 1934; 2c. and aff. Oct. 17: A 76607: Harrison Smith and
292 3945 178 38 Robert
502 3945 149 42 Haas,
682 3945 88 38 inc.
843 3942 277 47 (34-35128)
