2350 4296
1045 4003 131 50 1289

153 351 236 66 Atkins,
421 352 181 55 Gaius
636 353 205 65 Glenn,
875 356 168 50 1868-

224 429 323 69 Preaching
580 430 114 53 and
729 430 94 53 the
856 429 161 53 mind
1053 429 64 53 of
1149 428 193 69 today,
1376 428 74 69 by
1487 426 180 56 Gaius
1701 427 189 55 Glenn
1922 426 230 55 Atkins.

155 508 138 52 New
322 506 179 68 York,
530 507 209 53 Round
767 508 151 52 table
946 525 175 50 press,
1151 506 125 68 inc.,
1307 508 150 50 1934.

224 579 642 50 xvi p., 1 l., 227 p. 20 cm .
159 635 50 51 ©
239 639 98 41 Oct
367 637 39 49 2,
436 638 139 47 1934;
606 638 66 40 2c.
704 639 100 40 Oct.
836 638 51 48 6;
918 638 81 41 aff.
1030 638 102 41 Oct.
1161 637 50 47 5;
1244 637 41 39 A
1313 635 171 49 76352;
1515 637 174 41 Round
1720 639 130 39 table
1880 647 149 38 press,
2061 637 91 42 inc.

235 696 279 48 (34-27288)

152 755 277 67 Baldwin,
460 756 255 56 William
749 758 272 62 Edward,
1055 761 168 49 1885-
1438 775 84 34 ed.

228 880 54 9 ...
312 837 138 52 New
477 837 162 51 York
667 836 255 67 banking
944 840 126 62 law,
1096 835 336 67 annotated;
1460 834 333 68 containing
1819 836 76 51 all
151 836 1972 131 amendments

363 916 250 66 through
646 916 158 66 July,
840 918 150 63 1934,
1020 914 141 53 with
1193 914 363 54 annotations
1590 913 151 52 from
1776 913 276 53 decisions
2086 913 63 53 of

152 992 94 54 the
277 996 187 48 courts
495 993 111 52 and
639 992 222 68 rulings
892 992 64 52 of
985 992 95 51 the
1111 996 262 62 attorney
1402 991 247 67 general,
1680 990 189 54 edited
1899 992 75 66 by
150 991 1973 132 William

312 1071 251 52 Edward
592 1071 268 52 Baldwin
891 1116 54 7 ...
1025 1071 137 51 New
1191 1069 178 66 York,
1397 1069 327 66 Cleveland,
152 1068 1970 133 Banks-Baldwin
293 1148 110 53 law

434 1147 334 69 publishing
797 1166 279 49 company
1112 1182 12 33 [
1129 1154 18 20 c
1153 1151 134 49 1934
1290 1182 12 32 ]

224 1220 753 50 3 p. l., 395 (i. e. 440) p. 23½cm.
224 1278 224 40 Includes
477 1281 140 37 extra
647 1279 262 39 numbered
939 1288 158 38 pages.

224 1334 62 41 At
312 1336 123 39 head
464 1336 51 38 of
540 1335 107 40 title;
704 1335 114 41 1934
846 1335 197 41 edition.

153 1389 51 52 ©
232 1393 119 48 Aug.
378 1395 39 46 1,
445 1393 113 40 1934;
615 1394 64 39 2c.
710 1393 100 41 Oct.
836 1395 27 37 4;
920 1393 81 40 aff.
1031 1393 99 40 Oct.
1159 1392 54 40 19;
1268 1393 41 38 A
1337 1392 143 40 75625;
1538 1393 71 39 W.
1638 1394 52 39 E.
1719 1392 237 42 Baldwin,
217 1393 1913 97 Cleveland.
420 1450 279 49 (34-32876)

218 1511 138 54 New
394 1512 163 53 York
592 1513 296 52 insurance
923 1512 127 67 law,
1088 1516 134 49 1934
1256 1512 83 52 ed.
1418 1510 351 69 Containing
1805 1512 77 51 all
147 1512 1973 131 amendments

366 1596 58 47 to
463 1592 279 66 January,
784 1594 151 63 1934,
978 1590 139 53 with
1158 1608 71 34 an
1268 1589 291 68 appendix
1599 1589 334 67 containing
146 1608 1974 128 emergency
369 1686 281 36 measures

698 1670 112 51 and
856 1668 425 54 miscellaneous
1328 1671 138 50 laws
1513 1667 271 68 affecting
1829 1668 314 67 insurance,

145 1745 189 55 edited
355 1747 75 67 by
453 1747 261 55 William
737 1748 253 52 Edward
1016 1747 268 53 Baldwin
1313 1791 55 8 ...
1448 1746 138 53 New
1611 1747 179 65 York,
1816 1745 327 68 Cleveland,

146 1824 492 54 Banks-Baldwin
666 1826 109 52 law
804 1823 335 70 publishing
1169 1842 278 50 company
1523 1828 151 62 [c1934]

218 1896 61 49 vi,
310 1898 83 40 508
423 1898 53 47 (i.
507 1910 37 29 e.
574 1897 109 48 510)
720 1909 42 37 p.
823 1898 54 40 23½
911 1900 44 21 cm
960 1931 9 8 .

217 1954 249 49 Irregular
496 1953 190 50 paging.

222 2012 94 41 “To
349 2014 104 39 Eva
485 2013 59 39 H.
579 2012 177 40 Dirkes
789 2013 156 40 credit
975 2013 40 39 is
1049 2013 91 39 due
1174 2012 78 39 for
1284 2013 80 39 the
1396 2011 186 48 editing
1612 2011 51 40 of
1695 2012 81 39 the
1806 2011 114 40 1934
149 2013 1974 97 amendments.”—Pref.

147 2122 51 52 ©
223 2128 116 47 July
361 2128 68 46 15,
456 2127 114 40 1934;
624 2127 65 40 2c.
718 2129 94 38 and
839 2127 80 42 aff.
948 2128 101 40 Oct.
1074 2128 27 38 4;
1155 2128 40 38 A
1219 2126 144 41 75626;
1420 2128 71 40 W.
1519 2128 51 38 E.
1598 2126 239 43 Baldwin,
1866 2126 277 41 Cleveland.

224 2184 279 48 (34-32878)

140 2246 251 65 Baruch,
419 2248 138 54 Mrs.
586 2247 274 63 Dorothy
886 2247 243 56 Walter.

208 2321 104 71 My
342 2323 152 69 body
527 2324 112 52 and
671 2323 128 53 how
830 2324 45 52 it
908 2323 213 68 works;
1158 2342 30 34 a
1220 2322 125 54 first
1375 2321 364 70 physiology,
1770 2323 76 69 by
1879 2322 264 69 Dorothy

141 2398 220 57 Walter
403 2402 231 52 Baruch
681 2444 55 9 ...
785 2402 112 52 and
943 2400 178 56 Oscar
1163 2401 163 53 Reiss
1375 2444 56 10 ...
1477 2400 142 54 with
1663 2419 32 35 a
1741 2399 288 55 foreword
2067 2400 77 69 by

140 2476 199 71 Logan
376 2479 375 69 Clendening,
844 2523 9 10 M.
929 2521 29 26 D.,
995 2480 112 52 and
1144 2498 31 34 a
1212 2478 230 69 preface
1478 2479 75 69 by
1591 2479 70 53 A.
1700 2479 56 55 J.
1798 2478 240 55 Carlson
2082 2520 57 11 ...

140 2554 325 57 illustrated
504 2558 76 69 by
621 2556 121 71 Syd
784 2559 260 51 Browne.
1122 2557 140 53 New
1302 2556 180 69 York,
1522 2555 261 70 London,
1824 2557 236 69 Harper
2096 2558 48 52 &

139 2633 276 71 brothers,
456 2638 149 52 1934.

210 2708 94 49 xiv,
341 2709 70 51 [2],
446 2708 56 41 99
532 2718 43 38 p.
636 2709 162 47 front.,
834 2708 128 41 illus.
1023 2707 146 42 19½cm.

212 2765 162 41 “First
401 2765 230 41 edition.”

144 2820 48 51 ©
225 2826 126 46 Sept.
379 2824 69 47 21,
477 2824 140 47 1934;
649 2824 64 40 2c.
748 2824 126 47 Sept.
904 2823 81 48 19;
1017 2824 81 40 aff.
1131 2824 126 48 Sept.
1286 2824 82 48 24;
1400 2825 41 39 A
1469 2824 170 48 76058;
1672 2826 193 47 Harper
1895 2826 35 38 &
1957 2826 123 39 bros.

218 2881 280 50 (34-32894)

134 2943 172 64 Beck,
338 2944 275 53 Amanda
641 2944 299 62 Kathryn.

206 3022 55 52 A
296 3021 285 53 reference
616 3021 331 53 hand-book
981 3020 94 54 for
1109 3041 211 38 nurses,
1355 3022 76 66 by
1464 3023 268 51 Amanda
1767 3023 73 51 K.
1880 3023 154 51 Beck
2075 3067 54 9 ...

140 3101 95 51 8th
262 3099 102 67 ed.,
393 3118 112 35 rev.
582 3098 409 68 Philadelphia
1023 3101 111 51 and
1164 3100 256 66 London,
1449 3102 89 52 W.
1570 3102 67 51 B.
1672 3100 288 55 Saunders
140 3118 1972 127 company,
339 3182 148 49 1934.

211 3249 769 50 2 p. l., 9-323 p. illus. 17 cm .
212 3306 157 40 Blank
399 3317 145 37 pages
571 3307 79 38 for
680 3306 311 40 “Additional
1018 3306 165 40 notes”
1221 3307 253 47 (279-294)

141 3359 49 52 ©
220 3365 125 47 Sept.
370 3364 69 43 28,
465 3364 115 41 1934;
635 3365 66 38 2c.
730 3363 100 40 Oct.
858 3363 26 39 2;
964 3362 80 41 aff.
1074 3363 100 41 Oct.
1202 3365 25 39 3;
1285 3365 43 38 A
1352 3364 143 41 76273;
1552 3366 71 40 W.
1652 3366 54 39 B.
1738 3366 246 40 Saunders
2011 3377 68 30 со.

217 3421 278 48 (34-32888)

135 3483 200 64 Benét,
366 3484 215 55 Laura.

205 3562 211 52 Basket
457 3561 95 52 for
594 3581 31 34 a
667 3560 135 66 fair,
841 3560 76 68 by
955 3559 191 54 Laura
1186 3562 198 52 Benét.
1461 3561 233 56 Garden
1735 3561 155 70 City,
1929 3562 72 53 N.
2044 3562 91 69 Y.,

136 3636 352 64 Doubleday,
515 3639 199 51 Doran
742 3641 46 49 &
814 3655 296 45 company,
1137 3637 127 63 inc.,
1294 3642 152 50 1934.

205 3711 100 48 xiii,
338 3712 55 40 93
425 3723 44 37 p.
529 3711 58 40 20
588 3713 44 21 cm
636 3743 9 8 .

206 3767 160 43 “First
399 3767 226 43 edition.”

205 3824 181 43 Poems.

141 3878 48 51 ©
221 3883 124 49 Sept.
374 3883 38 46 5,
441 3882 114 41 1934;
613 3882 65 39 2c.
709 3882 94 39 and
864 3880 50 42 aff.
943 3879 103 43 Oct.
1075 3880 55 41 11;
1187 3882 43 40 A
1256 3883 143 39 75712;
1459 3884 50 41 L.
1540 3886 167 48 Benét,
1737 3888 283 49 Westtown,
2051 3891 81 39 Pa.

215 3939 277 50 (34-27285)
