2350 4196
1097 4057 132 50 1411

174 488 73 64 by
279 487 153 53 Fray
466 487 304 54 Francisco
803 489 200 65 Palóu,
1037 486 111 53 and
1179 485 252 52 hitherto
1464 487 383 66 unpublished
1879 489 193 51 letters
2106 490 70 50 of

177 564 185 66 Serra,
394 565 179 51 Palóu
611 567 110 50 and
757 566 241 54 Galvéz:
1030 566 95 51 the
1158 564 177 53 whole
1369 564 184 64 newly
1586 567 315 51 translated
1936 569 111 50 and
174 587 1970 123 arranged

420 661 58 33 as
512 662 27 32 a
572 645 352 50 consecutive
949 643 309 65 narrative,
1287 642 141 53 with
1458 644 96 50 the
1584 642 94 53 aid
1709 644 63 52 of
1803 646 247 52 Thomas
2077 648 89 53 W.

175 721 233 67 Temple
442 739 65 39 n;
538 722 75 63 by
647 723 256 65 Douglas
941 720 55 55 S.
1031 722 265 53 Watson:
1335 724 58 48 to
1428 721 182 51 which
1649 722 48 52 is
1732 723 185 52 added
1951 725 96 52 the
174 744 1971 107 account

378 801 63 49 of
480 798 214 54 Serra’s
730 800 169 51 death
936 798 281 53 inscribed
1251 799 76 56 by
1361 800 157 55 Fray
1553 801 303 53 Francisco
1892 804 180 50 Palóu
2109 805 59 50 in

174 878 93 52 the
317 878 162 52 Book
525 878 63 51 of
634 878 97 52 the
779 878 144 52 dead
974 882 59 48 at
1082 877 225 55 Carmel
1353 877 250 53 mission.
1682 879 117 53 San
1848 881 321 57 Francisco.

174 955 239 53 Printed
445 964 59 45 at
528 956 95 52 the
652 957 198 51 Nueva
880 954 323 56 California
1232 972 174 50 press,
1437 957 147 52 1934.

244 1028 1733 49 2 p. l., iii, 124 p., 1 l. front, (port.) fold, map, facsims. 28½ crn .
248 1084 1926 50 “400 copies of this book … were printed … in the year of the 150th
175 1143 319 47 anniversary
531 1143 52 39 of
618 1143 84 39 the
736 1144 149 38 death
918 1143 54 38 of
1005 1142 160 39 Padre
1198 1142 129 47 Pray
1367 1142 234 48 Junipero
1643 1144 188 40 Serra.”
1898 1146 117 41 This
2054 1158 117 37 copy

173 1204 84 37 not
284 1200 275 40 numbered.

245 1258 227 40 Includes
499 1263 225 42 excerpts
751 1257 127 38 from
909 1257 193 39 Palou’s
1132 1257 160 47 books,
1352 1256 223 41 “Noticias
1603 1260 60 39 de
1688 1260 49 38 la
1768 1260 168 40 Nueva
175 1259 1980 96 California”
309 1316 92 38 and
429 1314 259 40 “Relaeion
712 1314 229 39 historica
972 1315 57 38 de
1053 1315 45 37 la
1123 1313 107 40 vida
1259 1325 28 35 y
1310 1313 292 48 apostolicas
1627 1317 167 39 tareas
1815 1318 73 39 del
1916 1318 256 41 venerable

175 1373 149 47 padre
347 1374 112 45 fray
487 1371 237 48 Junipero
752 1371 188 41 Serra”.

246 1429 261 39 Published
551 1430 116 39 also,
712 1430 205 38 without
964 1430 81 38 the
1087 1428 280 41 facsimiles,
1413 1429 50 38 in
1507 1440 62 28 an
1613 1429 180 41 edition
1839 1432 52 38 of
1933 1431 113 40 1000

175 1443 1979 83 unnumbered
465 1486 172 47 copies,
670 1487 152 37 under
853 1486 108 40 title
980 1497 8 27 :
1023 1487 101 38 The
1154 1484 238 49 founding
1424 1485 51 40 of
1507 1487 80 39 the
1618 1487 109 40 first
1760 1487 275 42 California
176 1489 1978 93 missions

329 1545 151 38 under
505 1545 81 38 the
611 1543 228 47 spiritual
865 1542 238 48 guidance
1126 1543 49 39 of
1200 1544 80 38 the
1304 1543 270 40 Venerable
1599 1544 157 41 Padre
1783 1545 129 48 Fray
1939 1545 233 47 Junipero

178 1602 155 39 Serra.

179 1654 51 51 ©
253 1659 119 46 Aug.
399 1659 39 46 5,
464 1657 140 43 1934;
632 1657 65 39 2c.
724 1658 102 39 Oct.
853 1659 52 40 3;
935 1656 79 40 aff.
1043 1657 101 40 Oct.
1171 1657 50 39 1:
1248 1657 40 38 A
1314 1657 170 47 75616;
1513 1659 216 47 Douglas
1759 1660 43 40 S.
1828 1660 217 47 Watson,
2076 1661 96 39 San

246 1714 272 41 Francisco.
591 1714 279 45 (34-35664)

245 1777 120 52 The
413 1776 287 68 founding
748 1776 62 52 of
857 1778 93 50 the
999 1774 124 55 first
1172 1775 323 55 California
1541 1777 261 54 missions
1849 1780 180 52 under
2078 1781 96 51 the

174 1854 270 68 spiritual
494 1853 279 68 guidance
824 1855 62 51 of
935 1855 94 52 the
1080 1855 315 53 Venerable
1445 1856 190 53 Padre
1685 1858 154 54 Fray
1889 1859 283 65 Junipero

178 1931 197 69 Serra;
418 1952 70 32 an
526 1933 294 53 historical
861 1938 236 47 account
1134 1933 62 52 of
1233 1933 96 52 the
1367 1934 357 67 expeditions
1762 1940 122 47 sent
1923 1936 75 56 by
2036 1937 136 51 land

178 2010 1993 68 and sea in the year 1769, as told by Fray Francisco Palóu. and
174 2089 252 53 hitherto
461 2088 384 68 unpublished
882 2089 193 51 letters
1112 2089 63 52 of
1211 2091 188 54 Serra,
1434 2091 183 52 Palóu
1654 2092 111 51 and
1801 2091 242 55 Galvéz:
2077 2094 94 51 the

177 2167 180 52 whole
391 2168 184 55 newly
611 2167 316 52 translated
965 2168 111 51 and
1111 2168 281 66 arranged
1430 2187 57 33 as
1524 2187 28 33 a
1592 2170 350 53 consecutive
177 2190 1970 113 narrative,

350 2246 140 51 with
531 2246 93 51 the
667 2244 93 53 aid
803 2246 62 50 of
906 2245 247 52 Thomas
1191 2246 90 53 W.
1324 2248 236 65 Temple
1652 2290 10 24 II,
1702 2248 75 67 by
1816 2250 255 67 Douglas
2116 2251 56 52 S.

176 2325 265 53 Watson;
483 2329 59 46 to
582 2324 184 51 which
809 2323 43 53 is
892 2323 185 52 added
1115 2324 94 52 the
1248 2329 238 48 account
1522 2325 63 52 of
1627 2327 213 54 Serra’s
1880 2328 170 52 death
176 2330 1972 124 inscribed

429 2403 73 65 by
538 2402 154 55 Fray
730 2401 304 52 Francisco
1069 2402 182 52 Palóu
1287 2402 59 51 in
1381 2403 94 52 the
1512 2404 163 51 Book
1708 2404 64 52 of
1805 2406 94 51 the
1935 2407 138 51 dead
2116 2414 56 45 at

180 2480 219 52 Carmel
441 2479 247 53 mission.
769 2477 116 55 San
921 2479 320 66 Francisco,
1280 2481 241 51 Printed
1560 2487 59 47 at
1652 2483 96 50 the
1785 2485 193 50 Nueva

177 2485 1968 125 California
399 2577 174 49 press,
605 2560 148 52 1934.

248 2632 24 38 2
298 2643 41 37 p.
386 2662 23 16 l.,
434 2631 67 47 iii,
527 2631 83 39 124
636 2641 57 37 p..
720 2631 24 38 1
791 2661 7 6 l.
850 2630 150 39 front,
1029 2630 170 47 (port.)
1235 2632 173 39 double
1433 2642 124 38 map.
1613 2632 55 40 28½
1701 2635 44 21 cm
1751 2664 6 6 .

252 2687 1922 50 “One thousand copies of this book were printed … in the year of the
179 2747 139 39 150th
353 2745 319 46 anniversary
708 2744 50 39 of
788 2744 80 39 the
902 2744 148 39 death
1078 2744 56 40 of
1164 2745 156 39 Padre
1353 2745 131 47 Fray
1517 2747 234 47 Junipero
1788 2748 185 41 Serra.”

249 2804 224 39 Includes
503 2804 221 44 excerpts
753 2801 129 38 from
911 2800 197 41 Palou’s
1135 2802 161 46 books,
1330 2802 250 41 “Noticias
1606 2804 57 39 de
1692 2805 45 38 la
1771 2804 165 39 Nueva
177 2806 1981 94 California”

311 2861 95 39 and
433 2859 259 40 “Relation
715 2858 234 39 historica
974 2859 57 38 de
1052 2860 48 37 la
1124 2858 111 40 vida
1260 2871 28 35 y
1311 2860 294 47 apostolicas
1631 2863 163 38 tareas
1819 2863 75 38 del
1919 2863 256 40 venerable

177 2918 149 47 padre
350 2918 112 46 fray
491 2916 234 47 Junipero
755 2914 189 41 Serra”.

249 2976 262 38 Published
536 2975 102 38 also
661 2973 48 38 in
735 2983 62 29 an
818 2971 186 40 edition
1031 2973 50 39 of
1104 2972 84 39 400
1212 2975 264 38 numbered
1501 2975 172 46 copies,
1701 2975 194 47 printed
1919 2987 61 29 on
179 2979 1979 93 watermarked

416 3041 162 38 paper,
618 3030 120 39 with
774 3030 113 38 four
925 3028 281 48 facsimiles,
1246 3031 153 39 under
1440 3030 134 41 title:
1616 3032 100 39 The
1755 3032 277 47 expedition
2073 3034 102 39 into

125 3121 14 7 .
181 3088 271 41 California
490 3088 51 40 of
579 3088 80 39 the
694 3086 270 40 Venerable
997 3087 158 39 Padre
1188 3087 129 39 Ffav
1354 3087 234 48 Junipero
1630 3089 140 40 Serra
1811 3090 94 39 and
1943 3091 74 37 his
179 3100 1979 94 companions
407 3146 49 38 in
483 3146 81 39 the
591 3154 115 38 year
732 3143 125 40 1709.

183 3200 53 51 ©
267 3205 119 46 Aug.
422 3204 38 41 5,
496 3202 139 40 1934:
673 3202 65 38 2c.
775 3201 100 40 Oct.
910 3202 53 40 3;
1000 3200 82 40 aff.
1119 3201 98 40 Oct.
1254 3202 52 40 1:
1344 3203 40 37 A
1419 3202 168 42 75615;
1626 3204 219 42 Douglas
1878 3204 43 40 S.
1957 3205 215 38 Watson.

253 3262 96 39 San
379 3260 273 39 Francisco.
725 3258 279 47 (34-35665)

175 3320 316 68 Perbandt,
522 3323 156 52 Asta
703 3319 197 64 Sigrid
931 3336 133 47 von,
1098 3323 169 49 1909-

310 3397 1789 69 … Die schatten der wolfe, roman. Berlin, Scherl [ c 1934 ]
249 3473 97 48 252,
428 3494 9 29 [1]
472 3484 42 37 p.
576 3471 55 40 19
635 3474 15 20 cm
683 3503 9 8 .

250 3532 61 40 At
339 3531 124 40 head
492 3529 50 41 of
569 3529 136 40 title:
737 3525 305 50 Asta-Sigrid
1071 3537 40 29 v.
1143 3527 256 41 Perbandt.

184 3586 53 51 ©
267 3591 115 45 July
412 3588 68 41 12.
512 3586 113 40 1934
644 3597 7 31 ;
685 3586 66 40 1c.
784 3584 125 47 Sept.
942 3583 55 38 20
1016 3595 7 29 ;
1059 3584 310 47 A-Foreign
1400 3583 143 41 25676
1562 3596 7 31 ;
1605 3587 189 46 August
1829 3587 178 43 Scherl,
2040 3599 41 37 g.
2113 3601 60 28 m.

251 3649 41 39 b.
319 3648 45 38 h.
435 3642 280 51 (34-34949)

180 3706 408 67 Philadelphia
615 3705 216 63 college
861 3703 63 53 of
953 3704 341 63 pharmacy.

250 3785 158 54 First
453 3781 293 56 decennial
789 3781 363 67 supplement
1192 3786 62 49 to
1295 3782 119 52 The
1461 3781 189 53 “First
1693 3788 235 62 century
1973 3785 62 51 of
2080 3787 94 51 the

180 3861 406 68 Philadelphia
616 3860 211 66 college
853 3857 64 55 of
944 3858 347 66 pharmacy”
1321 3862 323 50 1921-1931.
1726 3861 173 64 [John
1930 3863 65 52 E.
181 3864 1967 144 Kramer,

339 3940 202 63 editor]
628 3934 443 68 [Philadelphia]
1103 3936 118 51 The
1247 3936 403 67 Philadelphia
1681 3938 208 67 college
1917 3940 61 51 of
2005 3942 167 64 phar-
