2350 4196
1104 3999 131 51 1415

233 435 85 39 viii
343 445 57 36 p.,
422 433 25 39 2
493 465 20 16 l.,
540 435 84 39 331
649 444 40 37 p.
744 434 164 45 front.,
935 433 169 47 plates,
1133 432 147 47 ports.
1333 430 54 38 22
1391 433 43 20 cm
1440 462 7 6 .

233 492 147 39 “This
411 494 134 45 story
580 492 52 38 of
665 493 81 38 the
780 501 183 37 voyage
998 490 51 39 of
1085 490 81 39 the
1199 489 324 38 four-masted
1560 489 181 47 barque
1777 489 175 39 Parma
1991 489 49 38 in
2077 490 84 37 the

162 550 142 46 grain
335 548 136 40 ‘race’
504 549 52 39 of
588 549 83 39 the
700 550 100 38 last
830 547 51 41 of
912 549 82 38 the
1027 544 332 49 sailing-ships
1391 545 129 40 from
1555 545 251 40 Australia
1840 548 47 37 to
1923 547 81 39 the
164 547 1979 99 English

278 607 200 39 channel
508 607 258 46 completes
791 606 81 39 the
895 605 188 47 picture
1109 603 157 40 which
1293 604 23 37 I
1341 605 75 37 set
1440 605 84 37 out
1550 606 47 36 to
1622 603 107 47 give
1753 604 53 39 of
1832 605 81 38 the
1936 602 222 48 graceful

163 665 128 39 wind
314 663 134 47 ships
474 664 165 38 before
665 664 80 38 the
770 664 96 37 last
893 663 51 38 of
970 662 131 40 them
1126 660 327 47 departed—a,
1477 660 188 47 picture
1692 660 155 39 which
1876 670 100 30 was
2005 661 154 45 begun

164 723 47 37 in
248 721 273 39 ‘Falmouth
554 720 79 40 for
669 719 179 40 orders’
887 720 93 38 and
1016 717 257 41 continued
1309 716 49 39 in
1399 716 84 48 ‘By
1520 727 107 36 way
1664 717 50 39 of
1750 727 118 38 cape
1903 716 256 40 Horn’.”—

163 778 272 41 Foreword.

167 830 1974 103 © Mar. 3. 1933; 2c. Nov. 21, 1934; aff. Nov. 2 ; A 78359: Charles Scribner’s sons.
167 994 275 64 Waddell,
470 996 186 51 Helen
686 995 166 65 Jane,
884 1001 67 46 tr.

240 1072 194 53 Beasts
477 1072 112 51 and
631 1072 205 66 saints;
882 1069 370 54 translations
1296 1071 71 65 by
1411 1070 184 52 Helen
1636 1071 295 66 Waddell;
164 1071 1972 130 woodcuts

323 1149 74 65 by
437 1149 213 52 Robert
693 1149 296 67 Gibbings.
1066 1148 258 66 London,
1366 1148 305 54 Constable
1712 1149 112 52 and
1865 1168 296 48 company,

165 1227 121 66 ltd.,
327 1230 149 49 1934.

235 1300 99 47 xix,
364 1301 69 48 [1],
464 1300 96 46 150,
593 1300 37 37 rl
637 1319 9 29 3
676 1310 42 37 p.
744 1300 108 40 incl.
880 1300 164 47 front.,
1072 1300 126 39 illus.
1254 1298 54 39 21
1312 1301 43 20 cm
1361 1330 7 7 .

239 1357 1924 47 “Stories of … saints and beasts, from the; end of the fourth to the
167 1414 1999 48 end of the twelfth century … translated … from the original Latin.”—
167 1471 327 41 Translator’s
523 1474 124 38 note.

239 1529 260 41 “Sources”
521 1541 8 27 :
557 1540 43 37 p.
626 1528 235 50 149—[154]

171 1584 50 51 ©
249 1589 65 39 1c.
340 1587 100 41 Oct.
468 1586 38 42 9.
536 1588 138 40 1934:
704 1588 39 38 A
769 1588 60 38 ad
854 1587 84 40 int.
968 1586 170 40 19420:
1166 1587 139 46 pubd.
1335 1586 100 40 Oct.
1463 1587 24 37 4
1508 1597 7 30 ;
1548 1588 166 44 Henry
1742 1588 117 38 Holt
1887 1587 36 39 &
1949 1597 80 30 co..
2057 1588 105 39 inc..

238 1646 115 38 New
377 1645 142 38 York.
593 1644 280 49 (34-35867)

168 1747 178 66 Weill,
382 1749 219 65 Erwin,
639 1753 170 49 1885-

297 1826 1868 68 … Requiem; der roman des Wolfgang Amadeus Mozart.
170 1904 110 52 Mit
310 1906 181 51 einem
525 1911 249 47 vorwort
806 1923 109 34 von
949 1904 300 53 Friedrich
1284 1904 369 68 Schreyvogl.
1722 1896 169 75 Graz,
1962 1924 52 32 Im
171 1923 1973 128 verlag

313 1982 152 53 “Das
516 1981 522 70 Bergland-buch”,
1088 1983 283 52 Deutsche
1422 1983 541 53 vereins-druckerei
2017 2004 47 32 a.
2114 2002 52 50 g.

174 2093 12 34 [
193 2067 16 20 c
215 2064 151 63 1932]

242 2131 98 49 297,
379 2134 54 48 [1]
470 2144 41 37 p.
576 2133 164 43 front.,
775 2134 172 49 plates,
983 2135 148 47 ports.
1194 2133 53 40 18½
1281 2136 43 21 cm
1329 2166 8 7 .
1434 2134 277 48 (Half-title:
1747 2135 127 41 “Das
1913 2136 257 50 Bergland-

171 2191 175 47 buch”)

175 2245 50 51 ©
252 2250 111 39 Dec.
389 2249 68 39 31.
484 2248 140 40 1932:
653 2249 65 39 1c.
749 2249 125 46 Sept.
903 2247 80 40 20:
1012 2248 311 47 A-Foreign
1347 2248 171 47 25641;
1548 2250 178 47 Verlag
1752 2251 128 39 “Das
1909 2251 261 47 Bergland-

242 2306 167 46 buch”,
447 2307 243 39 Deutsche
727 2305 479 48 vereins-druckerei,
1243 2316 39 29 a.
1321 2316 40 37 g.
1434 2306 280 51 (34-34953)

177 2397 189 64 Wells,
400 2397 256 52 Herbert
688 2397 246 63 George,
969 2402 170 49 1866-

243 2473 374 67 Experiment
658 2474 57 51 in
758 2474 484 67 autobiography;
1289 2475 335 53 discoveries
1667 2477 112 51 and
1820 2478 350 52 conclusions

175 2551 62 51 of
272 2571 27 33 a
336 2569 135 49 very
506 2552 274 54 ordinary
813 2552 166 52 brain
1024 2552 175 66 (since
1235 2553 162 67 1866)
1441 2554 74 67 by
1548 2556 75 51 H.
1660 2555 68 53 G.
1763 2556 194 52 Wells.
2033 2557 138 51 New

178 2629 175 58 York,
384 2631 118 51 The
533 2629 334 52 Macmillan
897 2648 295 50 company,
1224 2634 148 49 1934.

244 2702 1681 51 xi p.. 1 l., 718 p. front., illus. (facsims.) plates, ports. 24 cm .
179 2756 50 51 ©
261 2760 100 40 Oct.
391 2760 68 45 26,
489 2760 140 41 1934;
661 2761 66 38 2c.
757 2761 92 38 and
881 2759 81 40 aff.
992 2759 101 40 Oct.
1124 2761 81 46 27;
1236 2762 40 38 A
1305 2761 170 42 75960;
1508 2764 59 40 H.
1600 2762 50 40 G.
1684 2764 163 41 Wells,
1878 2764 209 40 London.

257 2818 279 47 (34-28484)

179 2908 306 64 Wharton,
515 2908 146 63 Don,
691 2908 83 52 ed.

246 2986 118 53 The
425 2985 304 53 Roosevelt
785 2985 278 68 omnibus,
1120 2987 188 53 edited
1370 2989 113 52 and
1542 2991 308 51 annotated
1911 2990 70 67 by
2042 2990 128 52 Don

181 3064 293 52 Wharton.
550 3062 139 53 New
724 3062 180 68 York,
935 3063 71 53 A.
1040 3065 71 51 A.
1147 3064 225 69 Knopf,
1407 3070 149 49 1934.

247 3137 63 46 ix,
338 3136 100 50 [38],
461 3135 157 46 3-174,
646 3135 100 49 [60],
770 3148 41 36 v,
839 3138 53 48 [1]
920 3148 41 36 p.
985 3138 109 39 incl.
1120 3138 139 46 illus.,
1285 3141 157 46 plates
1471 3140 134 48 (part
1629 3141 111 46 col.)
1774 3141 146 47 ports.
1951 3140 47 46 (1
2024 3141 143 48 fold.)

180 3193 224 46 facsims.,
440 3193 182 47 geneal.
662 3192 167 40 tables,
890 3191 147 41 front.
1099 3193 56 39 24½
1187 3196 43 21 cm
1237 3228 6 7 .

248 3248 225 40 Includes
505 3247 211 48 articles,
748 3248 343 48 photographs,
1124 3252 223 40 cartoons
1379 3253 95 39 and
1504 3251 311 41 caricatures.

250 3304 160 40 “First
444 3303 228 41 edition.”

256 3359 369 48 Bibliography:
657 3369 42 38 p.
730 3359 90 47 i-v,
851 3361 52 39 at
933 3359 105 42 end.

185 3412 1990 59 © Oct. 25, 1934: 2c. Oct. 26 ; aff. Oct. 27 ; A 75954 : Alfred A. Knopf, inc.
261 3473 279 49 (34-35666)

183 3560 292 68 Wiidbolz,
507 3565 187 64 Hans,
731 3563 171 56 1873-

248 3640 300 53 Lehrbuch
593 3642 99 51 der
735 3642 255 68 urologie
1034 3644 116 51 und
1194 3645 98 51 der
1335 3644 426 68 chirurgischen
1803 3646 380 54 krankheiten

183 3717 96 53 der
332 3718 361 53 mannlichen
746 3719 577 71 geschlechtsorgane,
1378 3741 106 34 von
1539 3721 289 69 professor
1880 3722 83 53 dr.
2016 3724 165 54 Hans

189 3795 1860 73 Wiidbolz … 2. aufl. Mit 218 zum grossen teil farbigen
187 3801 1969 133 abbildungen.
586 3874 216 66 Berlin,
833 3875 55 54 J.
925 3874 295 70 Springer.
1258 3880 146 52 1934.
