2350 4196
1063 4008 131 51 1329

154 360 251 63 Massey,
436 359 255 55 Morrell.

223 436 120 52 The
372 436 338 52 adventures
740 435 62 53 of
833 455 29 33 a
893 436 107 66 boy
1031 433 300 69 magician,
1360 433 72 67 by
1463 432 237 52 Morrell
1728 433 254 66 Massey;
2014 430 141 54 with

153 533 72 33 an
266 513 389 52 introduction
701 513 74 67 by
820 513 317 61 Thurston;
1185 512 140 51 with
1373 514 64 49 16
1482 511 306 67 diagrams.
154 509 1978 149 Philadelphia,
336 591 258 66 London,
625 591 54 53 J.
712 592 66 51 B.
809 590 338 68 Lippincott
1175 606 279 50 company
1532 591 152 64 [c1934]

223 664 559 48 206 p. illus. 22½ cm .
161 717 1912 52 © Aug. 22, 1934; 2c. and aff. Sept. 20; A 76228; J. B. Lippincott co.
237 778 279 48 (34-33461)

149 853 270 67 Mecklin,
453 855 154 53 John
640 855 262 65 Moffatt,
940 856 170 53 1871-

229 931 120 53 The
384 936 152 63 story
571 931 62 51 of
667 931 301 52 American
1006 929 228 70 dissent,
1266 930 73 68 by
1375 930 155 54 John
1565 929 78 52 M.
1681 929 265 53 Mecklin.
2018 928 134 52 New

161 1008 1171 70 York, Harcourt, Brace and company [c1934]
229 1079 589 50 5 p. l., 3-381 p. 22 cm .
228 1138 161 40 ‘‘First
421 1139 227 39 edition.”

159 1195 1996 52 © Sept. 27, 1934; 2c. and aff. Oct, 3; A 76278: Harcourt, Brace & co.,
227 1257 89 39 inc·.
388 1256 279 48 (34-33440)

149 1329 299 67 Merriam,
479 1330 305 55 Thornton
817 1333 197 64 Ward,
1050 1338 169 49 1894-

224 1409 120 52 The
376 1409 270 54 relations
680 1410 248 53 between
963 1409 298 55 scholastic
1296 1409 386 54 achievement
1712 1409 60 52 in
1807 1429 30 33 a
1872 1409 190 53 school
2095 1409 62 52 of

150 1488 172 52 social
351 1487 158 52 work
535 1488 113 51 and
674 1490 86 50 six
789 1487 213 54 factors
1031 1489 56 51 in
1116 1488 274 53 students’
1416 1486 390 69 background,
1831 1487 75 68 by
154 1488 1978 129 Thornton

153 1564 1980 146 W. Merriam … New York city, Teachers college, Columbia university, 1934.
223 1716 1933 50 3 p. l., 136 p. diagrs. 23½ cm. (Teachers college, Columbia university.
153 1773 367 40 Contributions
550 1775 48 38 to
628 1774 271 47 education,
932 1785 72 28 no.
1039 1774 108 47 616)

225 1829 130 40 “The
388 1830 251 39 materials
677 1830 91 49 [for
804 1831 98 40 this
937 1829 362 50 investigation]
1335 1831 123 40 have
1492 1831 119 39 been
1644 1831 234 47 gathered
1913 1830 126 39 from
2076 1832 82 39 the

155 1887 193 40 records
389 1887 50 40 of
480 1888 82 38 the
605 1886 172 41 School
817 1886 51 41 of
909 1888 193 46 applied
1143 1886 147 41 social
1333 1887 213 41 sciences
1588 1888 51 40 of
1681 1888 222 40 Western
1947 1887 208 41 Reserve

154 1942 419 50 university.”—p.
606 1944 100 40 3-4.

224 2000 171 40 Issued
421 2000 102 40 also
550 2010 54 30 as
633 2000 152 40 thesis
820 2000 14 47 (PH.
1006 2000 14 48 D.)
1056 2000 247 41 Columbia
1336 2000 284 48 university.

223 2056 376 49 Bibliography:
633 2068 43 37 p.
708 2056 99 41 116.

158 2112 1997 51 © Aug. 1, 1934; 2c. Aug. 24; aff. Aug. 27; A 75069; T. W. Merriam, New
224 2173 144 39 York.
440 2171 280 48 (34-33626)

148 2245 207 67 Miller,
388 2247 219 65 Justin,
644 2252 170 50 1888-

220 2323 1937 69 Handbook of criminal law, by Justin Miller … St. Paul,
151 2403 200 53 Minn.,
382 2403 158 51 West
570 2401 335 68 publishing
933 2421 98 49 co.,
1062 2405 149 50 1934.

221 2475 102 48 xiii,
357 2475 87 40 649
473 2486 42 37 p.
576 2475 55 40 23½cm.
793 2475 287 47 (Hornbook
1113 2475 173 47 series)

225 2532 145 40 “This
401 2533 121 39 book
550 2532 42 40 is
620 2533 147 39 based
797 2543 127 37 upon
955 2532 208 40 Mikell’s
1192 2533 183 40 edition
1405 2533 51 40 of
1486 2533 188 41 Clark’s
1705 2531 221 41 criminal
1960 2533 195 38 law.”—

151 2588 131 43 Pref.

225 2645 176 41 “Cases
431 2644 183 42 cited”:
648 2657 42 36 p.
722 2644 215 41 545-601.

158 2700 49 50 ©
241 2704 127 47 Sept.
396 2704 69 41 21,
494 2704 139 45 1934;
665 2702 64 40 2c.
760 2704 94 38 and
884 2713 79 28 aff.
997 2702 100 40 Oct.
1127 2703 50 37 11;
1239 2703 41 38 A
1307 2703 171 43 76482;
1510 2704 136 39 West
1675 2705 108 46 pub.
1815 2715 66 28 co.

234 2760 278 48 (34-33641)

149 2836 262 65 Nathan,
442 2837 240 64 Robert,
718 2839 172 49 1894-

220 2914 219 64 Jonah;
480 2932 79 46 or,
599 2913 117 51 The
755 2913 307 68 withering
1099 2914 146 67 vine,
1279 2914 75 68 by
1392 2915 215 51 Robert
1643 2913 260 67 Nathan;
1945 2913 140 52 with
2123 2931 32 35 a

150 3011 120 33 new
298 2991 283 53 foreword
609 2991 73 66 by
708 2991 95 52 the
830 2991 232 67 author;
1092 2992 160 52 wood
1280 2993 345 67 engravings
1651 2993 73 66 by
1754 2992 167 52 Boris
152 2993 1979 129 Artzybashelf.

460 3070 139 51 New
633 3068 178 67 York,
841 3069 70 52 A.
945 3069 70 52 A.
1047 3069 223 67 Knopf,
1305 3073 149 49 1934.

222 3154 45 36 x,
295 3143 90 39 212
410 3153 29 37 p.,
498 3144 19 37 1
572 3173 7 7 l.
641 3144 171 45 plates.
873 3142 55 40 19½cm.

224 3200 143 39 “New
399 3200 196 45 edition,
630 3200 139 45 June,
801 3199 157 40 1934.”

160 3253 1996 51 © Sept. 24, 1934; 2c. Oct. 11: aff. Oct. 12: A 75751; R. Nathan. New
223 3315 142 38 York.
430 3313 280 49 [Copyright
739 3314 42 38 is
810 3312 204 40 claimed
1045 3324 57 28 on
1133 3314 241 39 foreword
1407 3315 94 37 and
1532 3313 344 48 illustrations]

236 3371 278 48 (34-33472)

150 3445 141 52 New
322 3446 161 52 York
514 3449 162 50 trust
705 3461 305 48 company.

229 3525 134 48 1934
399 3521 386 55 amendments
820 3519 270 70 affecting
1123 3524 164 65 wills,
1321 3529 177 47 trusts
1535 3521 112 52 and
1682 3524 203 49 estates
1918 3519 60 52 in
2016 3519 135 55 New

161 3599 175 69 York,
365 3599 297 68 including
689 3599 385 55 amendments
1104 3600 194 67 passed
1334 3606 57 46 at
1420 3602 133 49 1933
1581 3599 435 67 extraordinary

157 3614 1971 115 session
298 3677 63 52 of
381 3676 357 68 Legislature
762 3679 110 51 and
896 3694 325 51 emergency
1247 3683 295 61 mortgage
1566 3676 151 53 laws.
1802 3675 136 52 [New
1964 3674 179 69 York]

156 3753 1214 70 The New York trust company [ c 1934]
224 3824 54 40 93
312 3837 41 37 p.
414 3825 144 41 23½cm.

156 3881 1826 52 © Sept. 8, 1934; 2c. and aff. Oct. 3: A 76284; New York trust co.
232 3941 277 49 (34-33295)
