2350 4196
1085 4063 130 48 1529

181 408 244 55 Larisch
473 428 112 36 von
632 412 329 64 Moennich,
1010 410 186 54 Marie
1244 409 178 54 Luise
1471 409 310 55 Elisabeth
1813 410 206 68 (freiin
2064 424 115 38 von

249 487 346 66 Wallersee)
636 489 203 68 gräfin,
875 493 171 49 1858-

245 565 123 54 Her
405 567 251 68 Majesty
696 567 300 53 Elizabeth
1034 568 63 54 of
1132 567 573 68 Austria-Hungary,
1744 568 95 51 the
1875 565 305 67 beautiful,

178 646 183 66 tragic
410 664 247 48 empress
705 645 64 53 of
819 646 275 67 Europe’s
1140 651 146 47 most
1334 645 263 53 brilliant
1644 650 178 64 court,
1869 645 74 68 by
1992 644 185 54 Marie

176 723 218 68 Louise,
421 729 255 48 countess
701 725 237 52 Larisch
966 743 110 35 von
1103 724 330 55 Wailersee-
1438 723 395 67 Wittelsbach,
1860 723 141 53 with
2030 723 145 53 Paul

179 801 258 53 Maerker
481 803 270 53 Branden
796 804 110 52 and
954 803 136 53 Elsa
1134 802 284 53 Branden.
1496 801 232 55 Garden
1775 802 152 67 City,
1972 803 69 52 N.
2087 802 90 61 Y.,

174 879 354 68 Doubleday,
555 881 198 52 Doran
781 885 45 49 &
853 898 297 50 company,
1177 880 124 67 inc.,
1334 884 149 50 1934.

248 962 44 38 X,
320 952 85 41 308
429 960 43 37 p.
500 953 109 40 incl.
637 955 181 45 geneal.
847 954 95 40 tab.
1002 952 164 48 front.,
1192 955 148 47 ports.
1400 952 56 40 23½
1489 955 44 21 cm
1539 986 8 8 .

251 1009 144 40 “This
421 1013 133 44 story
583 1012 240 45 appeared
851 1011 198 46 serially
1077 1010 151 39 under
1253 1010 81 39 the
1361 1010 109 39 title
1497 1010 51 39 of
1572 1009 132 39 Aunt
1734 1009 292 48 Sissy—and
2056 1010 123 39 I.”—

178 1076 40 37 p.
248 1066 76 49 [iv]

247 1121 161 42 “First
438 1123 229 40 edition.”

182 1177 51 50 ©
264 1180 101 40 Oct.
392 1180 68 47 24,
491 1180 141 48 1934;
664 1181 65 40 2c.
762 1184 95 37 and
887 1182 81 40 aff.
997 1183 117 38 Nov.
1144 1182 52 46 3;
1228 1182 41 38 A
1300 1179 169 49 76896;
1503 1181 300 47 Doubleday,
1834 1182 168 39 Doran
2030 1182 39 39 &
2097 1191 82 38 со.,

249 1237 89 39 inc.
411 1237 279 48 (34-38322)

176 1340 242 65 Lasker,
451 1342 305 65 Emanuel,
792 1348 170 49 1868-

245 1418 261 53 Lasker’s
532 1420 233 52 manual
793 1419 64 53 of
885 1420 173 66 chess,
1084 1419 76 67 by
1185 1420 103 52 Dr.
1321 1420 282 52 Emanuel
1633 1419 216 53 Lasker;
1911 1420 141 52 with
2083 1422 101 50 308

177 1495 1769 69 diagrams. New York, E. P. Dutton & со., inc. [ c 1934]
247 1567 63 46 xi,
338 1566 86 40 349
453 1577 41 37 p.
553 1566 135 41 front.
733 1569 171 46 (port.)
944 1569 125 39 illus.
1129 1568 54 38 22
1187 1571 44 20 cm
1237 1601 7 7 .

181 1622 55 51 ©
264 1626 99 40 Oct.
395 1627 68 42 10,
495 1627 112 40 1934;
667 1627 65 41 2c.
765 1630 94 37 and
888 1627 79 40 aff.
1001 1627 102 41 Oct.
1133 1628 53 37 11;
1246 1628 42 38 A
1315 1628 144 38 75717;
1522 1629 52 39 E.
1606 1628 51 38 P.
1689 1628 193 38 Dutton,
1908 1627 39 40 &
1975 1637 82 37 со.,
2088 1628 89 39 inc.

250 1684 284 49 [Copyright
562 1684 40 39 is
632 1685 205 39 claimed
866 1696 60 28 on
956 1684 224 49 revision]
1254 1683 281 49 (34-27298)

175 1786 238 65 Lemon,
445 1789 241 63 Harvey
717 1789 204 61 Brace,
955 1793 170 50 1885-

249 1864 171 51 From
450 1862 221 55 Galileo
700 1871 57 46 to
782 1864 202 52 cosmic
1010 1881 160 51 rays;
1200 1882 31 32 a
1258 1883 121 34 new
1408 1862 130 54 look
1568 1869 58 47 at
1652 1862 246 69 physics,
1928 1862 71 69 by
181 1863 1974 145 Harvey
313 1941 178 52 Brace
522 1941 213 53 Lemon
771 1986 55 9 ...
861 1941 393 69 photographs
1285 1941 74 68 by
1388 1942 95 54 the
1513 1942 236 65 author;
1784 1940 290 68 drawings
2104 1941 73 69 by

178 2018 203 54 Chichi
411 2019 218 67 Lasley.
697 2018 269 69 Chicago,
995 2018 111 69 Ill.,
1134 2019 119 52 The
1287 2018 329 69 University
1647 2019 63 52 of
1743 2019 250 68 Chicago
2026 2037 155 50 press

182 2099 171 65 [1934]

245 2168 134 43 xviii,
411 2167 86 39 450
529 2179 40 35 p.
627 2169 134 38 front.
805 2166 171 50 (port.)
1016 2169 141 40 illus..
1188 2169 178 45 diagrs.
1428 2168 53 40 23½
1516 2172 43 20 cm
1566 2203 6 6 .

180 2225 51 50 ©
262 2229 100 39 Oct.
395 2228 68 42 16,
494 2228 114 39 1934;
667 2227 66 40 2c.
766 2229 101 39 Oct.
900 2227 55 40 29;
1016 2228 79 39 aff.
1129 2229 116 39 Nov.
1278 2229 54 38 17;
1393 2229 41 38 A
1465 2228 114 40 78178;

1673 2229 283 41 University
1989 2230 51 40 of
245 2230 1918 101 Chicago.
407 2286 223 45 Chicago.
703 2285 277 49 (34-28449)

174 2387 183 64 Lloyd
387 2389 244 64 George,
659 2388 208 65 David,
899 2395 171 48 1863-

243 2467 140 52 War
416 2467 264 52 memoirs
716 2467 62 52 of
813 2468 193 51 David
1040 2468 185 66 Lloyd
1262 2469 238 66 George.
1577 2501 87 34 [v.]
1704 2472 50 62 4·,
1792 2468 149 53 1917.
2012 2469 165 55 With

175 2544 395 53 illustrations.
639 2548 232 63 Boston,
901 2547 196 66 Little,
1126 2549 230 64 Brown,
1386 2547 112 52 and
1529 2564 298 50 company,
1858 2548 150 51 1934.

245 2618 1430 49 5 p, l., [3]-603 p. front., plates, ports., maps. 24½cm.
179 2671 54 51 ©
272 2676 116 39 Nov.
434 2676 67 40 23.
545 2675 113 39 1934;
727 2677 67 38 2c.
836 2678 94 37 and
973 2676 80 40 aff.
1096 2677 116 39 Nov.
1255 2676 55 40 27;
1382 2677 40 38 A
1465 2676 170 47 78370;
1681 2677 57 39 D.
1782 2677 152 46 Lloyd
1979 2676 197 48 George,

244 2733 209 38 London.

176 2837 375 64 MacDonald,
581 2840 138 51 Mrs.
752 2837 196 54 Sheila
980 2839 221 54 Scobie.

242 2909 110 57 Mr.
398 2914 258 54 Crusoe’s
698 2933 193 50 young
932 2934 239 49 woman,
1210 2917 35 51 by
1330 2915 193 55 Sheila
1566 2917 383 52 MacDonald.
174 2919 1973 125 London
319 2997 136 61 [etc.]

492 2993 213 54 Cassell
735 2994 111 51 and
876 3012 296 49 company,
1199 2995 104 53 ltd.
1358 2998 152 63 [1934]

242 3064 718 50 2 p. l., 7-319, [1] p. 19½cm.
175 3119 2000 53 © 1c. Nov. 9, 1934; A ad int. 19563; pubd. Sept. 20; Coward-McCann,
244 3180 102 47 inc.,
376 3181 116 38 New
520 3180 145 39 York.
737 3180 278 48 (34-38899)

174 3270 337 66 Macdonell,
546 3271 319 53 Archibald
899 3273 251 63 Gordon,
1185 3278 170 49 1895-

237 3348 149 51 How
421 3348 113 52 like
570 3366 72 33 an
676 3349 184 67 angel,
893 3349 74 67 by
1001 3350 71 50 A.
1106 3349 68 54 G.
1210 3350 340 52 Macdonell.
1621 3349 258 67 London,
166 3350 1980 127 Macmillan
291 3426 111 52 and
432 3444 97 46 со.,

559 3425 240 67 limited,
831 3430 149 50 1934.

238 3498 629 50 5 p. l., 3-297 p. 19½ cm .
173 3552 1998 53 © 1c. Nov. 21, 1934; A ad int. 19623; pubd. Nov. 1; A. G. Macdonell,
237 3614 200 39 Hasken
465 3615 155 46 Place,
649 3626 68 27 nr.
748 3614 300 46 Godaiming,
1080 3614 191 47 Surrey.
1303 3616 235 45 England.
1611 3613 279 49 (34-39058)

167 3705 274 63 Madlem,
469 3706 231 57 Wilma.

241 3780 116 55 San
403 3785 134 53 Jose
582 3784 252 68 mission,
880 3787 74 50 its
1001 3786 248 66 legends,
1295 3790 115 49 lore
1459 3786 112 51 and
1616 3785 241 67 history,
1901 3790 157 61 story
2104 3784 63 53 of

167 3858 128 53 “the
337 3877 174 50 queen
555 3862 63 51 of
658 3861 315 69 missions”,
1016 3864 73 66 by
1129 3864 214 53 Wilma
1385 3864 269 52 Madlem.
1734 3862 115 55 San
1894 3864 273 63 Antonio,

166 3937 154 67 Tex.,
352 3939 119 52 The
504 3940 218 63 Naylor
754 3959 298 49 company,
1083 3945 149 50 1934.
