2350 4196
0 0 0 0 57
162 365 239 62 Janzen,
436 361 307 55 Cornelius
773 359 219 55 Cicero.

234 438 304 68 Everyday
567 435 335 65 economics;
934 455 27 32 a
995 435 169 67 study
1195 432 63 53 of
1288 433 275 67 practices
1592 429 112 54 and
1734 426 327 72 principles,
2089 427 71 69 by

166 505 1993 71 Cornelius C. Janzen … and Orlando W. Stephenson … New
167 595 176 68 York,
378 593 243 53 Newark
662 598 136 62 ,-etc.;,
841 591 204 68 Silver,
1077 589 249 53 Burdett
1358 588 112 54 and
1506 605 276 50 company
1865 588 152 65 [c1934]

230 666 101 42 xiii,
368 666 97 47 510,
503 665 100 39 xvii
638 676 41 36 p.
716 664 108 41 incl.
862 665 148 38 front,
1042 663 170 48 (port.)
1259 662 141 48 illus.,
1438 661 178 48 diagrs.
1677 661 56 39 20
1737 663 43 21 cm
1786 693 7 7 .

237 724 287 40 References
552 726 50 37 at
631 724 89 38 end
750 723 50 38 of
828 723 116 38 each
974 722 226 45 chapter;
1232 720 376 47 Bibliography:
1638 730 42 36 p.
1709 718 216 41 503-510.

219 790 1945 56 © Jan. 10, 1934; 2c. and ail. Jan. 16 ; A 68883; Silver, Burdett & co.
234 853 68 52 [©
336 865 104 31 new
474 857 193 45 matter]
741 852 250 49 (34-1423)

166 975 196 62 Jones,
391 974 263 62 Bassett,
687 972 172 52 1877-

242 1050 209 51 Horses
492 1048 110 52 and
645 1047 225 68 apples;
914 1067 29 32 a
984 1047 169 67 study
1194 1047 63 51 of
1298 1044 170 54 index
1508 1045 280 66 numbers,
1828 1043 74 68 by
1942 1042 228 54 Bassett

164 1129 188 53 Jones.
427 1127 134 52 New
602 1126 176 67 York,
815 1126 121 53 The
970 1126 154 53 John
1161 1124 127 68 Day
1326 1141 275 50 company
1646 1157 13 34 [
1664 1130 18 20 c
1686 1124 136 50 1934
1826 1155 14 34 ]

237 1200 63 47 ix,
339 1199 97 48 123,
479 1201 52 47 [1]
573 1210 41 37 p.
683 1200 54 38 19½
770 1201 42 20 cm
819 1231 6 7 .

171 1271 50 51 ©
251 1276 107 38 Jan.
386 1275 38 47 2,
454 1275 138 39 1934;
623 1275 66 38 2c.
718 1275 94 38 and
841 1274 81 38 aff.
952 1274 106 38 Jan.
1090 1272 50 41 5;
1172 1272 39 39 A
1239 1270 143 41 67879
1402 1282 8 36 ;
1441 1272 53 39 B.
1524 1272 162 46 Jones,
1715 1271 117 39 New
1860 1269 144 41 York.

250 1333 249 47 (34-1433)

171 1450 226 63 Kawin,
428 1450 194 54 Ethel.

242 1525 272 54 Children
551 1526 62 51 of
649 1525 291 67 preschool
976 1543 130 49 age;
1144 1524 211 54 studies
1390 1524 59 51 in
1482 1521 458 58 socio-economic
1976 1525 197 64 status,

172 1604 168 52 social
385 1603 349 67 adjustment
779 1604 112 52 and
935 1602 209 54 mental
1188 1601 221 70 ability,
1451 1601 141 54 with
1636 1601 344 54 illustrative
2023 1619 148 36 cases

196 1678 1977 72 [by] Ethel Kawin … Chicago, Ill., The University of Chicago
173 1778 154 50 press
370 1763 172 64 [1934]

346 1864 8 13 XXV,
397 1831 85 40 340
525 1843 41 36 p.
639 1832 146 40 front.
846 1833 177 47 diagrs.
1098 1833 54 38 23½
1186 1835 42 20 cm
1235 1864 8 8 .
1315 1833 300 50 (Half-title:
1660 1832 243 40 Behavior
1950 1834 221 39 research

172 1888 136 41 fund.
373 1889 349 48 Monographs)

245 1947 1930 48 A preprint of part I was published in 1933 under title: Problems of
174 2006 79 38 the
290 2005 250 47 preschool
578 2015 100 37 age.

244 2062 319 40 “References"
619 2065 50 37 at
694 2063 91 39 end
813 2062 50 39 of
887 2063 226 45 chapters
1188 2084 137 18 VI-VIII.

245 2120 407 50 CONTENTS.—pt.
708 2153 11 8 I.
754 2120 100 38 The
888 2120 256 39 Preschool
1177 2120 308 47 department
1517 2121 50 39 of
1602 2121 82 40 the
1716 2120 191 41 Illinois
1942 2121 233 41 Institute

175 2178 73 38 for
275 2177 215 48 juvenile
521 2177 371 50 research.—pt.
922 2186 52 32 II.
1003 2177 243 40 Research
1275 2177 200 42 studies.

179 2248 50 51 ©
255 2253 109 39 Jan.
390 2252 37 48 8,
452 2251 114 40 1934
585 2263 6 34 ;
619 2253 64 37 2c.
710 2252 108 38 Jan.
844 2251 54 38 12
917 2261 7 36 ;
1026 2282 6 6 aff.
1060 2251 108 39 Jan.
1194 2252 54 38 13
1267 2261 8 36 ;
1303 2251 40 38 A
1367 2250 170 48 68868;
1567 2252 285 48 University
1876 2253 53 39 of
1953 2252 225 47 Chicago,

244 2309 221 47 Chicago.
538 2309 249 46 (34-1558)

179 2427 205 65 Keats,
412 2428 229 62 Myron.

247 2505 241 51 Woman
525 2503 125 52 who
686 2522 203 49 serves,
926 2504 71 67 by
1034 2504 209 67 Myron
1280 2504 179 52 Keats
1496 2505 112 52 and
1648 2505 271 54 Edmund
1957 2505 223 55 Goulet.

179 2582 261 67 Newark,
487 2582 68 51 N.
604 2582 75 66 J.,
727 2581 137 53 New
915 2582 161 51 York
1148 2586 118 63 [etc.]
1319 2582 258 53 Authors
1624 2581 403 70 publications,
2072 2585 110 53 inc.

201 2664 157 48 [ c 1934]
248 2734 87 41 287
364 2745 43 38 p.
467 2734 56 40 20
527 2736 44 21 cm
577 2767 8 8 .

250 2792 124 40 Text
403 2802 59 29 on
490 2791 136 40 front
654 2790 338 49 lining-paper.

185 2858 50 51 ©
261 2863 106 38 Jan.
393 2863 68 39 22.
487 2862 139 46 1934;
653 2862 66 38 2c.
745 2862 109 39 Jan.
879 2862 81 45 24;
989 2871 81 29 aff.
1097 2862 107 39 Jan.
1230 2861 54 40 23
1304 2873 7 35 ;
1339 2862 41 38 A
1404 2861 143 41 68975
1566 2873 8 36 ;
1603 2862 216 40 Authors
1844 2860 339 50 publications,

250 2919 88 39 inc.
412 2919 250 48 (34-1470)

187 3035 231 64 Kerley,
450 3035 244 54 Charles
726 3035 276 65 Gilmore,
1032 3040 170 49 1863-

316 3114 1867 67 … Where is my mother? New York, H. Smith and R.
190 3191 172 66 Haas,
395 3195 148 49 1933.

258 3264 85 39 359
372 3274 41 36 p.
478 3263 54 40 19½
565 3266 42 21 cm
615 3298 7 7 .

191 3317 50 51 ©
273 3322 100 40 Oct.
403 3322 67 41 12.
500 3321 140 44 1933;
671 3323 66 39 2c.
767 3324 94 37 and
891 3322 79 39 aff.
1003 3323 108 39 Jan.
1141 3322 68 47 25,
1240 3322 140 48 1934;
1412 3323 41 38 A
1481 3323 171 47 70004;
1686 3323 48 40 C.
1767 3323 51 40 G.
1849 3323 194 46 Kerley,
2073 3322 118 39 New

252 3379 143 39 York.
467 3379 250 48 (34-1578)

191 3498 168 63 Kerr,
388 3499 260 54 Lennox.

256 3574 111 65 Ice,
405 3594 26 33 a
472 3576 113 51 tale
621 3575 63 51 of
721 3575 184 66 effort,
944 3577 71 67 by
1055 3578 231 50 Lennox
1325 3578 179 66 Kerr;
1546 3577 138 52 with
1724 3578 355 52 decorations
2119 3578 67 65 by

190 3653 251 52 William
478 3652 300 55 Kermode.
857 3656 255 56 London,
1147 3656 152 53 John
1335 3657 155 51 Lane
1528 3659 172 64 [1933]

258 3727 860 48 4 p. l. , 196 p. incl. front. 19½ cm .
260 3785 140 38 Head
430 3786 93 38 and
556 3785 88 38 tail
674 3785 169 47 pieces.

194 3837 1994 54 © 1c. Jan. 8. 1934; A ad int. 18570 ; pubd. Nov. 10, 1933; L. Kerr, Paul,
260 3910 70 28 nr.
357 3900 259 45 Penzance,
644 3899 256 41 Cornwall.
927 3901 237 46 England.
1235 3900 250 48 (34-1462)
