2350 4196
1141 4002 130 48 1186

293 470 62 38 At
378 469 125 39 head
528 469 51 40 of
605 467 133 42 title:
767 470 138 47 Ruby
934 471 60 38 M.
1022 471 163 45 Ayres.

292 525 144 39 “This
471 528 134 44 story
637 527 240 46 appeared
911 527 197 45 serially
1145 526 149 38 under
1330 526 79 38 the
1446 524 107 40 title
1588 524 51 39 of
1676 524 130 39 'Bird
1843 524 48 38 in
1928 525 79 38 the
2044 524 161 41 nest’.”

291 581 160 40 “First
481 582 225 40 edition.”

224 648 1982 52 © Sept. 5. 1934; 2c. and aff. Sept. 20: A 75484: Ruby M. Ayres Pocock.
351 708 238 48 Weybridge.
628 710 190 45 Surrey.
855 711 233 46 England.
1161 708 275 45 (34-30877)

214 808 320 65 Barnhart,
565 810 224 55 Wilbur
820 813 56 54 S.

291 899 466 55 Social-business
812 902 320 51 arithmetic
1184 901 137 50 with
1374 899 385 52 introduction
1814 904 58 47 to
1924 899 278 65 business;

218 976 1798 69 complete course, by Wilbur S. Barnhart … and Leslie B.
219 977 1983 146 Maxwell … New York, Chicago, Mentzer, Bush & company [ c 1934]
294 1127 1344 50 xiv p., 1 l., 637 p. incl. illus., diagrs., forms. 21 cm .
225 1195 1901 52 © Aug. 28. 1934; 2c. and aff. Sept. 17; A 74926: Mentzer. Bush & co.
306 1256 277 46 (34-30539)

220 1355 288 68 Barrows,
549 1360 217 52 Harlan
801 1362 91 61 H.,
929 1364 170 48 1877-

297 1446 1910 70 Geography, southern lands, by Harlan H. Barrows … Edith
226 1524 1983 70 Putnam Parker … and Margaret Terrell Parker … New York,
228 1602 242 52 Newark
498 1609 137 61 [etc.]
666 1603 204 68 Silver,
895 1604 245 53 Burdett
1162 1603 110 54 and
1296 1621 274 51 company
1602 1637 12 33 [
1620 1611 17 21 c
1642 1605 134 49 1934
1780 1638 13 32 ]

295 1674 80 47 vii,
406 1676 53 47 [1],
504 1675 85 40 296
614 1686 42 36 p.
713 1676 124 39 illus.
867 1675 100 47 (incl.
1026 1678 159 45 maps)
1250 1676 55 39 26½
1336 1679 45 20 cm
1387 1708 7 6 .

297 1732 186 39 “Books
512 1734 253 46 suggested
793 1733 77 38 for
900 1737 138 35 extra
1070 1733 252 47 reading":
1356 1744 42 37 p.
1429 1733 98 40 291.

295 1789 100 39 The
420 1790 273 46 geography
721 1790 51 38 of
795 1789 145 40 Latin
964 1790 233 42 America,
1225 1790 167 40 Africa
1423 1792 91 38 and
1545 1791 264 39 Australia.

227 1860 1979 51 © Aug. 23. 1934; 2c. and aff. Sept. 1: A 74743: Silver. Burdett & co.
296 1920 278 48 [Copyright
603 1921 39 38 is
672 1921 200 38 claimed
904 1931 58 28 on
992 1920 207 39 revision
1229 1921 93 38 and
1351 1931 104 28 new
1486 1923 192 45 matter]

305 1977 275 47 (34-30713)

218 2077 206 67 Belloc,
460 2077 241 67 Hilaire,
740 2080 169 53 1870-

297 2157 318 67 Cromwell,
662 2158 74 67 by
781 2157 226 52 Hilaire
1054 2159 220 65 Belloc;
1325 2158 139 52 with
1509 2157 286 52 half-tone
1842 2156 367 67 frontispiece

227 2236 110 51 and
375 2237 200 50 twelve
612 2253 177 50 maps.
864 2234 256 68 London,
1161 2237 249 52 Toronto
1457 2240 137 62 [etc.]
1640 2235 214 54 Cassell
1894 2235 111 52 and
224 2234 1961 146 Company,
426 2313 102 52 ltd.
566 2316 171 64 [1934]

296 2385 1699 51 5 p. l., 3 407 p. front. (port.) illus. (maps) diagrs. 22½ cm .
226 2453 1982 53 © 1c. Sept. 6. 1934; A ad int. 19340; pubd. Aug. 30: H. Belloc. Shipley,
294 2514 257 38 Horsham.
590 2514 230 46 England.
894 2513 277 46 (34-30526)

220 2616 237 65 Berger,
491 2619 202 61 Henry
722 2616 220 65 Irving,
978 2616 168 54 1887-

300 2705 304 60 Diagnosis
657 2706 62 50 of
770 2707 450 53 genito-urinary
1275 2709 238 52 diseases
1568 2708 113 52 and
1733 2706 305 54 urinalvsis
2112 2708 33 51 [by]

227 2783 1981 69 Henry I. Berger, M. D. 6th ed. St. Louis, Od Peacock Sultan
228 2879 95 47 co.,
354 2863 148 49 1934.

299 2931 26 39 2
354 2942 42 37 p.
425 2932 45 47 h,
500 2932 83 39 100
611 2943 40 36 p.
711 2933 125 39 illus.
897 2933 114 39 19cm.

296 2989 196 40 Edition
524 2992 110 37 note
670 2990 255 39 cancelled.

297 3046 314 47 Advertising
639 3048 204 37 matter:
876 3055 42 38 p.
949 3046 156 41 93-96.

227 3116 1980 51 © May 16, 1934; 2c. July 19: aff. June 13: A 73529: Od Peacock Sultan
297 3187 63 28 co.
433 3177 276 46 (34-30717)

219 3276 120 53 The
373 3279 160 51 Book
570 3278 62 52 of
665 3278 348 67 knowledge,
1048 3280 93 51 the
1175 3281 301 53 children’s
1511 3282 427 67 encyclopedia;
293 3281 1914 137 editors-in-chief,

292 3353 1893 146 Holland Thompson … Arthur Mee … with an introduction by John
948 3432 1263 71 H. Finley … New York, The Grolier
291 3508 1844 72 society; London, The Educational book company [ c 1934]
293 3578 1918 53 20 v. fronts. (v. 1. 3. 8. 13, 16. 18) illus. (part col.) plates (part col.,
224 3634 14 36 1
278 3636 193 47 double)
541 3636 55 40 25
600 3639 44 22 cm
648 3670 7 8 .

296 3692 150 46 Paged
484 3692 350 47 continuously.

293 3746 232 43 Contains
554 3760 140 38 songs
724 3750 120 40 with
873 3751 164 40 music.

225 3814 1969 106 © Aug. 30. 1934; 2c. and aff. Sept. 15; A 74939; Grolier soc. [Copyright is claimed on
853 3879 234 39 revisions
1121 3882 91 37 and
1246 3882 244 40 additions
1523 3884 49 38 in
1606 3886 103 36 text
1743 3885 93 37 and
1871 3882 226 48 pictures]

302 3934 277 42 (34-30862)
