2350 4196
1148 4001 95 52 748

193 384 255 53 Colonial
490 386 110 51 and
640 385 422 66 revolutionary
1103 385 246 51 families
1388 385 61 51 of
1488 384 449 66 Pennsylvania;
261 402 1892 128 genealogical

506 461 1612 68 and personal memoirs. Editor, Wilfred Jordan …
261 540 138 51 New
436 540 183 51 series.
694 541 241 51 Volume
974 560 45 31 v.
1096 541 135 51 New
1272 540 178 64 York,
1487 538 184 53 Lewis
1708 540 294 51 historical

260 541 1894 143 publishing
503 636 293 48 company,
825 618 124 66 inc.,
982 621 147 48 1934.

271 692 27 37 2
329 702 43 36 p.
406 692 15 36 1.,
487 691 175 48 [3]-994
695 702 41 35 p.
799 691 162 45 front.,
998 691 140 45 illus.,
1174 692 168 45 plates,
1378 692 162 44 ports.,
1576 689 227 47 facsims.,
1841 692 82 37 col.
1963 694 133 36 coats
2130 692 53 38 of

198 758 142 29 arms.
397 748 58 39 28
456 749 43 20 cm
505 780 7 6 .

201 801 1981 50 © May 15. 1934; 2c. June 27: aff. June 18; A 74001; Lewis historical
272 861 107 46 pub.
408 871 78 34 co.,
516 860 89 40 inc.

196 961 410 63 Correlatives,
642 962 171 52 taken
849 962 152 50 from
1037 962 231 54 Genesis
1303 967 57 46 to
1395 960 364 53 Revelations
1795 960 62 54 of
1891 962 96 51 the
2022 960 158 68 King

271 1038 192 53 James
491 1037 220 54 version
740 1037 61 52 of
827 1038 93 52 the
948 1037 182 67 Bible,
1159 1037 109 52 and
1298 1036 225 53 Science
1551 1038 110 50 and
1690 1037 191 51 health
1911 1036 140 53 with
2076 1037 106 68 key

275 1122 56 47 to
368 1116 93 51 the
501 1115 338 67 Scriptures,
876 1117 110 50 and
1023 1132 161 50 prose
1221 1113 199 68 works,
1455 1113 73 68 by
1566 1113 167 67 Mary
1772 1114 187 51 Baker
1997 1114 185 68 Eddy.

272 1192 272 66 Jamaica,
579 1193 66 50 N.
683 1193 88 58 Y.,
802 1193 247 66 Helpful
1082 1191 169 54 books
1285 1209 94 49 co.,
1415 1194 147 48 1934.

271 1265 529 47 3 p. l., 118 p. 17 cm .
204 1321 1786 51 © Mar. 15. 1934; 2c. and aff. Apr. 4; A 70911; Helpful books co.
280 1382 276 47 (34-16163)

203 1485 214 62 Donne,
450 1485 186 55 Clare.

208 1558 1953 147 The unguarded moment, by Clare Donne … London, T. Butterworth, ltd. [1934]
275 1709 98 48 283,
409 1710 53 48 [1]
497 1720 41 36 p.
597 1708 55 40 19½cm.

205 1766 1965 107 © 1c. May 18, 1934; A ad int. 18965; pubd. Mar. 20; Thornton Butterworth, ltd. (34-17657)
202 1932 255 64 Duveen,
488 1931 201 53 James
720 1932 221 61 Henry.

267 2008 208 66 Money
505 2008 94 50 for
627 2006 257 68 nothing.

284 2082 82 47 (In
393 2077 198 42 London
620 2077 193 51 People,
842 2077 124 42 June
999 2078 70 49 10,
1101 2077 141 49 1934)

208 2134 1978 51 © 1c. June 23, 1934; A ad int. 19162; pubd. June 10; J. H. Duveen,
278 2195 208 38 London.

202 2281 1984 69 The engineering index … 1933. New York, N. Y., The
268 2360 1636 68 American society of mechanical engineers [c1934 ]
276 2435 130 45 xxix,
436 2434 113 40 1338
578 2445 42 36 p.
677 2434 54 39 26½
765 2436 43 20 cm
814 2466 7 7 .

209 2487 1963 107 © July 2. 1934; 2c. July 5; aff. July 3; A 74149; Ainer. soc. of mechanical engineers.
202 2631 254 68 Firkins,
489 2635 182 53 Oscar
701 2636 105 64 W.,
842 2637 321 51 1864-1932.

282 2711 268 52 Memoirs
575 2712 109 52 and
712 2712 193 53 letters
930 2710 63 53 of
1021 2709 173 54 Oscar
1222 2712 84 51 IV.
1337 2711 245 55 Firkins.
1646 2710 398 68 Minneapolls,
2072 2711 119 52 The

213 2787 330 68 University
575 2788 62 51 of
668 2786 319 57 Minnesota
1019 2806 154 49 press
1212 2823 12 33 [
1229 2795 18 21 c
1252 2792 150 64 1934]

280 2857 1226 51 vii, 312 p. incl. front. (mounted port.) 21 cm .
280 2915 202 40 Preface
512 2915 165 47 signed:
737 2917 87 38 Ina
857 2917 99 38 Ten
987 2917 131 46 Eyck
1149 2917 208 41 Firkins.

279 2971 373 48 Bibliography:
687 2983 41 36 p.
768 2971 245 50 [287]-310.

211 3027 1755 56 © May 26, 1934; 2c. June 15; aff. June 13; A 73091; University
1995 3035 50 40 of
277 3034 1897 101 Minnesota,
491 3088 333 48 Minneapolis.
896 3089 276 47 (34-27148)

210 3178 164 65 Ford,
403 3180 201 62 Harry
633 3180 279 64 Egerton,
945 3179 171 54 1873-

289 3256 284 52 Exercises
600 3256 109 49 and
736 3255 338 68 vocabulary
1101 3256 91 52 for
1217 3257 52 50 A
1295 3276 116 33 new
1442 3259 219 52 French
1687 3259 212 65 reader,
1923 3257 71 68 by
2023 3259 73 52 H.
2123 3257 66 52 E.

221 3332 1971 70 Ford and R. K. Hicks … New York, H. Holt and company
237 3412 173 65 [ c 1934]
283 3481 788 47 1 p. l., 195-247, xxv p. 19 cm .
213 3536 1979 53 © May 9. 1934; 2c. and aff. May 22: A 72463: Henry Holt & co., inc.
290 3597 277 48 (34-15954)

207 3687 205 62 Franz,
447 3686 285 61 Günther,
766 3691 169 48 1902-

210 3764 1983 148 Der deutsche bauernkrieg, von G ü nther Franz; mit 24 abhildungen und 3 karten. München und Berlin, R. Oldenbourg,
208 3921 148 51 1933.
