2350 4196
1128 4010 135 53 1700

189 364 149 59 Cole,
367 365 272 54 Jackson,

260 438 1915 57 The ramblin’ kid, by Jackson Cole … New York. G. H.
186 519 177 64 Watt,
394 521 147 48 1933.

259 601 28 26 v
313 601 57 37 p.,
401 592 23 36 1
489 621 7 12 l.,
526 589 143 39 9-286
697 601 42 36 p.
802 590 53 39 19½
889 592 41 20 cm
936 622 7 7 .

193 643 51 50 ©
270 647 98 39 Oct.
394 647 66 41 16,
488 646 111 40 1933
619 658 7 28 :
655 648 63 37 2c.
746 648 109 37 Dec.
881 645 67 42 21,
982 646 130 40 1931:
1144 645 76 38 aff.
1249 647 107 36 Dec.
1384 646 54 37 20
1458 655 6 27 :
1495 645 37 36 A
1559 644 140 38 77756
1719 654 7 29 ;
1756 645 180 42 George
1963 645 212 39 Howard

261 704 146 39 Watt.
480 703 277 49 (34-42177)

193 779 237 61 Cooper,
464 778 244 54 Charles
737 779 61 52 P,

266 853 153 52 “The
448 872 115 34 new
592 853 158 52 deal”
778 853 109 51 and
916 853 94 53 the
1036 852 93 52 old
1157 851 338 68 philosophy
1523 850 62 53 of
1611 856 367 61 government
2004 849 176 53 under

197 931 91 51 the
322 930 383 53 Constitution
741 929 62 54 of
833 931 93 52 the
960 928 212 55 United
1206 928 214 57 States;
1457 946 25 32 a
1521 927 308 53 discussion
1863 926 62 53 of
1960 934 219 60 present

196 1008 191 54 trends
412 1009 58 50 in
496 1007 253 53 national
774 1014 383 60 government,
1183 1006 134 52 with
1349 1025 26 30 a
1405 1012 293 46 statement
1731 1005 60 50 of
1817 1007 92 50 the
1935 1004 240 68 original

199 1083 296 53 American
532 1084 339 68 philosophy
908 1086 280 66 pertinent
1226 1084 232 65 thereto,
1495 1083 309 67 consisting
1838 1083 342 67 extensively

194 1160 1957 147 of views and principles in the words of the founders of American government, and other early American statesmen … pt. 1.
195 1317 1988 68 By Charles P. Cooper … Jacksonville. Fla., Cooper press
199 1399 190 63 [c1934]

266 1469 84 39 124
379 1480 40 36 p.
478 1469 53 40 23
536 1472 42 20 cm
584 1500 7 6 .

200 1522 51 50 ©
278 1525 98 40 Oct.
402 1526 68 41 29,
495 1525 140 41 1934:
661 1528 64 36 2c.
753 1527 93 39 and
873 1526 78 39 aff.
980 1527 113 37 Nov.
1121 1528 25 35 2
1166 1537 7 28 :
1202 1527 38 37 A
1268 1526 139 39 76869
1426 1537 7 27 ;
1464 1527 47 38 C.
1540 1527 49 36 P.
1619 1526 193 45 Cooper.
1843 1523 340 42 Jacksonville.

267 1582 98 39 Fla.
438 1582 278 48 (34-42014)

198 1657 213 64 Coyne,
439 1657 253 54 William
723 1660 75 52 M.

272 1732 1852 69 A sailor’s log of facts; not fables, by William M. Coyne …
203 1808 1568 63 Boston, The Christopher publishing house [ c 1934]
268 1880 87 40 228
375 1891 41 37 p.
477 1881 56 39 20½
565 1884 42 20 cm
614 1914 7 6 .

202 1937 51 50 ©
285 1941 100 40 Oct.
414 1942 68 39 17,
513 1940 141 41 1934:
687 1942 64 39 2c.
786 1941 98 40 Oct.
917 1941 80 40 19:
1031 1942 81 38 aff.
1145 1942 98 39 Oct.
1275 1944 80 37 22:
1390 1943 38 37 A
1460 1943 167 39 76657:
1663 1944 66 37 W.
1765 1945 57 36 M.
1857 1943 171 45 Coyne,
269 1944 1900 94 Marshall,
438 1998 89 39 Mo.
601 1997 277 48 (34-42409)

201 2071 232 65 Cruess,
466 2071 253 54 William
753 2074 169 63 Vere,
959 2080 167 48 1886-

270 2150 1851 67 The principles and practice of wine making, by W. V
202 2227 1988 68 Cruess … New York, N. Y., The Avi publishing co., inc.,
200 2307 149 49 1934.

271 2385 44 32 x.
347 2376 84 39 212
465 2388 41 37 p.
567 2377 125 40 illus.
755 2377 54 40 19½
842 2380 42 20 cm
890 2410 7 6 .

274 2431 244 42 “Selected
547 2433 145 41 books
721 2434 94 39 and
843 2434 221 46 journals
1093 2445 58 29 on
1180 2433 121 42 wine
1329 2435 251 49 making”:
1614 2447 39 36 p.
1683 2435 227 41 207-208;
1975 2436 211 39 “Selected

202 2487 84 42 list
311 2489 52 41 of
387 2489 270 41 references
684 2501 58 28 on
771 2491 121 39 wine
920 2490 271 46 analysis”:
1223 2502 39 36 p.
1293 2490 97 40 209.

206 2542 53 51 ©
285 2547 115 38 Nov.
429 2546 38 46 8,
495 2546 139 47 1934;
664 2546 63 39 2c.
758 2547 115 37 Nov.
904 2547 79 37 10:
1015 2546 79 39 aff.
1126 2547 113 38 Nov.
1270 2546 80 41 28;
1383 2548 37 37 A
1452 2548 133 39 78351
1612 2558 7 28 :
1657 2548 84 38 Avi
1773 2548 106 47 pub.
1909 2558 80 29 co..
2020 2548 87 38 inc.

282 2603 277 48 (34-42186)

204 2663 302 66 Cutchins,
536 2665 152 52 John
726 2665 235 66 Abram,
994 2671 168 48 1881-

272 2741 53 50 A
360 2741 223 53 famous
615 2742 312 65 command,
959 2742 95 52 the
1082 2741 321 54 Richmond
1435 2744 150 64 light
1617 2743 261 65 infantry
1913 2744 171 51 blues,
2118 2743 72 64 by

203 2817 1766 67 John A. Cutehins. Richmond, Garrett & Massie [ c 1934]
274 2900 66 28 xx
370 2900 58 37 p.,
460 2891 25 38 1
552 2921 8 16 l.,
590 2890 86 40 399
707 2901 43 37 p.
784 2892 107 38 incl.
924 2890 136 40 front.
1133 2891 185 48 plates.
1334 2894 162 45 ports.,
1527 2903 123 37 map.
1712 2894 114 37 27cm.

207 2942 51 50 ©
283 2948 113 38 Nov.
426 2946 67 43 26,
522 2946 138 43 1934;
690 2948 63 39 2c.
781 2948 115 39 Nov.
925 2946 80 41 30;
1036 2947 79 39 aff.
1146 2948 105 38 Dec.
1278 2949 53 39 4;
1361 2948 40 38 A
1426 2948 142 40 78415
1588 2959 7 35 ;
1625 2949 41 39 J.
1695 2949 52 39 A.
1777 2946 245 43 Cutehins,
276 2947 1896 95 Richmond.
501 3003 277 47 (34-41966)

206 3065 230 63 Cuyler,
467 3066 153 52 John
652 3067 223 62 Potter,
905 3068 70 64 jr.

274 3140 247 67 Calvary
568 3143 208 52 church
824 3144 58 52 in
929 3144 213 66 action;
1190 3145 169 67 being
1403 3148 94 52 the
1544 3147 194 51 record
1786 3144 62 53 of
1893 3145 93 51 the
2031 3162 161 46 years

208 3222 198 48 1932-3
452 3220 57 50 in
556 3239 27 32 a
632 3221 346 52 down-town
1022 3222 137 52 New
1207 3224 161 51 York
1414 3225 213 65 parish,
1672 3224 73 65 by
1793 3224 153 52 John
1995 3223 197 50 Potter

207 3295 1986 72 Cuyler, jr. … foreword by the rector, Samuel M. Shoemaker.
206 3373 1639 71 New York [etc.] Fleming H. Revell company [ c 1934]
274 3444 54 39 79
359 3456 40 35 p.
460 3444 160 43 front.,
654 3449 168 45 plates,
857 3455 145 39 ports.
1066 3448 52 39 19½
1152 3452 40 19 cm
1200 3482 7 6 .

208 3497 50 50 ©
288 3502 98 39 Oct.
413 3502 68 39 27.
508 3503 138 40 1934:
676 3503 62 40 2c.
767 3507 93 37 and
889 3505 80 38 aff.
997 3506 113 37 Nov.
1140 3507 50 37 21
1212 3517 7 29 ;
1251 3508 38 37 A
1319 3508 135 39 78211
1478 3519 7 28 :
1518 3508 218 41 Fleming
1765 3507 56 38 H.
1855 3505 162 39 Revell
2048 3513 65 30 co.

285 3558 277 46 (34-42131)

203 3616 201 66 Davis,
434 3620 252 53 William
717 3623 264 63 Stearns,
1015 3629 320 50 1877-1930.

275 3693 55 51 A
367 3694 220 64 history
625 3696 63 53 of
724 3698 294 53 mediæval
1058 3700 111 52 and
1207 3701 234 52 modern
1482 3701 230 67 Europe
1754 3698 94 53 for
1888 3696 307 67 secondary

205 3768 1990 75 schools, by William Stearns Davis … assisted by Norman
209 3844 1984 76 Shaw McKendrick … Boston, New York [etc.] Houghton
204 3921 197 55 Mifflin
433 3943 277 52 company
746 3962 11 34 [
764 3937 16 19 c
786 3934 134 48 1934
924 3963 12 33 ]
