2350 4196
1068 4004 100 49 405

204 428 347 48 Bibliography
580 431 51 37 at
656 430 92 39 end
775 429 51 39 of
851 432 127 37 most
1004 428 52 40 of
1081 428 82 40 the
1189 427 210 41 articles.

138 481 50 51 ©
217 487 120 38 Mar.
364 485 68 42 28.
461 485 140 47 1934;
630 486 67 39 2c.
725 487 95 38 and
849 485 80 40 aff.
956 485 112 47 Apr.
1097 485 52 47 2;
1178 485 41 38 A
1247 484 168 47 70888;
1447 484 261 41 Catherine
1737 484 165 40 Filene
1935 484 196 47 Shouse,

205 543 335 46 Washington.
612 541 249 48 (34-7636)

131 644 209 65 Foran,
368 644 255 55 William
652 645 239 65 Robert,
923 648 171 50 1882-

264 723 1862 66 … Drums of sacrifice. London, Hutchinson & co., ltd.
160 804 132 50 [1934]

201 873 611 49 4 p. l. , 13-287 p. 19 cm .
203 932 63 39 At
291 930 125 41 head
444 931 50 39 of
521 931 109 40 title:
687 932 72 46 By
787 932 71 40 W.
887 931 184 39 Robert
1096 930 173 39 Foran.

138 982 1942 54 © 1c. Mar. 9, 1934; A ad int. 18718; pubd. Jan. 12; W. R. Foran, ℅
207 1046 113 39 Mrs.
353 1045 188 47 Jacobs,
574 1045 277 47 Padworth,
884 1043 232 48 Reading,
1149 1044 167 43 Berks,
1349 1044 236 45 England.

214 1101 250 50 (34-9208)

135 1205 306 66 Foreman,
472 1205 194 65 Clark,
699 1208 173 50 1902-

201 1284 122 53 The
349 1302 122 34 new
500 1284 521 53 internationalism
1057 1284 108 68 [by]
1203 1282 176 55 Clark
1410 1283 299 53 Foreman.
1785 1284 138 53 New
1956 1283 181 68 York,

132 1362 1217 69 W. W. Norton & company, inc. [ c 1934]
199 1448 32 28 x
262 1446 58 38 p.,
353 1437 25 38 1
445 1468 8 16 l.,
492 1437 205 49 [13]-154
729 1448 43 37 p.
846 1437 55 39 21
905 1439 43 21 cm
954 1466 7 8 .
1070 1436 274 47 (Half-title:
1381 1436 158 41 Social
1574 1437 161 52 action
1770 1436 160 50 books,
1966 1438 71 40 ed.
2074 1438 57 47 by

131 1493 143 40 Alvin
310 1493 242 49 Johnson)

201 1549 163 42 “First
394 1548 227 42 edition.”

199 1605 348 50 Bibliography:
609 1617 43 38 p.
685 1606 215 42 151-154.

136 1660 50 51 ©
221 1665 121 38 Mar.
376 1664 68 42 22,
477 1663 115 41 1934;
653 1664 65 39 2c.
754 1666 94 37 and
882 1664 81 40 aff.
998 1665 120 38 Mar.
1152 1664 53 39 26:
1268 1664 43 38 A
1341 1663 143 40 71030;
1548 1664 70 40 W.
1654 1665 71 39 W.
1759 1665 185 38 Norton
1979 1664 36 40 &
2048 1675 82 31 co.,

200 1720 92 41 inc.
366 1720 224 49 (34-7633
603 1722 13 47 )

128 1823 120 52 The
280 1823 385 65 Fortnightly
695 1822 221 54 review,
990 1842 88 33 no.
1113 1826 114 65 809,
1254 1842 54 33 n.
1340 1843 60 47 s.,
1429 1826 156 66 May,
1618 1827 149 51 1934.

135 1894 1995 51 © 1c. May 10, 1934; A ad int. 18927; pubd. May 1; Fortnightly review,
201 1956 99 46 ltd.,
328 1956 210 38 London.

133 2041 238 67 Gibson,
398 2043 224 55 Walter
650 2044 231 64 Brown,
911 2043 172 54 1897-
1295 2061 179 51 comp.

199 2119 339 69 Magician’s
581 2121 259 67 manual;
887 2119 175 54 tricks
1108 2121 111 52 and
1262 2120 270 67 routines,
1576 2119 140 53 with
1762 2120 369 53 instructions

132 2197 92 52 for
258 2204 196 62 expert
487 2197 400 69 performance
916 2199 75 67 by
1023 2199 95 51 the
1152 2202 271 48 amateur.
1496 2197 300 69 Compiled
1833 2198 94 53 for
130 2216 1977 112 members

281 2276 64 53 of
371 2277 95 51 the
492 2276 338 68 Magicians’
857 2276 198 69 league
1083 2276 65 53 of
1171 2276 265 52 America
1466 2277 73 68 by
1565 2277 224 53 Walter
1818 2278 67 51 B.
1914 2276 215 55 Gibson

192 2353 1794 70 … New York, The Magicians’ league of America [ c 1933]
199 2426 655 50 140 p., 1 l. illus. 26 cm .
200 2482 133 42 With
368 2484 99 40 this
501 2483 198 40 manual
734 2494 82 30 are
851 2484 220 47 supplied
1107 2484 82 40 the
1223 2494 257 36 necessary
1518 2484 278 48 appliances
1831 2484 80 40 for
1946 2484 67 40 all
2050 2483 80 40 the

131 2539 152 41 tricks
320 2540 256 48 explained
616 2540 50 39 in
705 2541 82 39 the
823 2541 127 39 form
991 2540 51 40 of
1080 2542 189 39 colored
1311 2540 182 50 ribbon,
1537 2541 162 40 sheets
1740 2540 51 41 of
1829 2550 163 39 paper,
2035 2540 95 40 and

135 2598 225 39 mounted
391 2596 253 47 envelopes
675 2597 282 47 containing
987 2599 120 46 tags,
1140 2597 154 51 cards,
1327 2600 87 38 etc.
1477 2597 60 47 cf.
1569 2607 44 38 p.
1649 2598 84 50 [11]

205 2651 212 42 “Second
447 2652 226 41 edition.”

135 2707 52 51 ©
218 2713 111 39 Dec.
359 2712 40 44 4,
432 2711 139 47 1933;
606 2711 65 39 2c.
705 2711 109 40 Jan.
846 2712 39 46 2,
918 2712 139 46 1934;
1092 2711 82 41 aff.
1207 2713 108 40 Jan.
1349 2713 81 46 23;
1466 2712 41 39 A
1537 2712 170 47 70062;
1742 2713 73 39 W.
1848 2714 53 38 B.
1936 2711 193 44 Gibson,

204 2768 244 48 Solsbury,
478 2769 82 39 Pa.
632 2768 250 48 (34-7619)

134 2859 201 65 Gluck,
374 2858 264 66 Charles,
676 2862 172 50 1885-

200 2935 346 52 Permanent
573 2936 147 68 good
748 2936 195 51 health;
1002 2937 95 52 the
1126 2939 218 51 control
1374 2936 63 54 of
1467 2955 101 34 our
1598 2953 258 36 common
131 2936 1974 128 foundation
276 3012 64 53 of
365 3014 231 66 disease,
621 3013 74 68 by
724 3012 235 55 Charles
986 3013 201 69 Gluck,
1215 3034 66 33 m.
1308 3035 47 32 d.
1417 3014 138 53 New
1585 3014 181 68 York,
1793 3015 68 52 N.
1891 3015 90 67 Y.,
2010 3015 119 52 The

132 3091 345 52 Permanent
511 3092 148 67 good
694 3091 195 52 health
923 3092 336 68 publishing
1295 3110 280 51 company
1618 3125 13 34 [
1635 3098 18 21 c
1659 3095 151 63 1934]

203 3162 1178 50 xv, 19-322 p. front. (port.) plates. 19½c m .
201 3219 41 39 A
274 3220 271 40 discussion
578 3220 52 39 of
661 3220 264 41 bichloride
960 3221 391 48 antisepticizing
1382 3223 290 39 treatments
1706 3225 48 37 to
1787 3233 128 36 nose,
1950 3224 181 42 throat,

131 3277 130 38 teeth
289 3277 95 39 and
413 3277 181 39 mouth.

136 3330 57 51 ©
217 3335 119 39 Mar.
366 3335 68 46 20,
463 3334 115 40 1934;
635 3334 66 41 2c.
732 3336 95 38 and
855 3335 80 40 aff.
967 3336 120 39 Mar.
1118 3336 55 40 23;
1231 3337 41 38 A
1299 3336 143 40 70772;
1545 3369 7 8 C.
1584 3336 167 45 Gluck,
1782 3338 117 38 New
1928 3337 145 39 York.

213 3391 250 48 (34-7623)

134 3477 279 69 Graham,
443 3482 198 53 Frank
672 3483 326 65 Dunstone,
1032 3486 168 50 1890-

200 3559 1932 69 Protective tariffs, by Frank D. Graham … New York and
131 3637 257 66 London,
417 3637 234 68 Harper
679 3640 46 51 &
751 3638 278 69 brothers,
1061 3644 149 50 1934.

200 3710 52 40 xi
285 3721 58 37 p.,
377 3712 25 38 1
473 3744 8 16 l.,
518 3711 84 40 176
638 3722 43 37 p.
756 3711 116 43 19cm.
949 3713 226 49 [Current
1208 3713 242 42 economic
1487 3713 255 49 problems,
1779 3715 72 42 ed.
1889 3715 61 48 by
1987 3715 50 40 P.
2076 3715 53 42 T.

131 3767 205 50 Homan]

201 3822 164 42 “First
392 3824 228 40 edition.”

137 3875 50 52 ©
219 3881 108 38 Feb.
359 3881 68 46 21,
458 3881 113 39 1934;
631 3881 66 40 2c.
729 3882 108 40 Feb.
869 3883 54 39 23:
984 3883 81 41 aff.
1098 3884 110 40 Feb.
1238 3884 56 39 24;
1353 3883 41 39 A
1425 3883 141 40 69563;
1628 3885 194 46 Harper
1852 3885 37 40 &
1918 3885 125 40 bros.

213 3937 250 49 (34-7630)
