2350 4196
1169 4017 95 48 166

214 394 1988 223 The, cyclopedia of medicine; George Morris Piersol … editor-in-chief and Edward L. Bortz … assistant editor … illustrated with numerous half-tone and line engravings and
283 646 173 49 many
493 628 310 52 handsome
841 628 112 52 full
994 646 144 50 page
1176 629 151 51 color
1364 628 181 67 plates.
1638 647 49 32 v.
1730 631 27 48 9
1877 628 51 50 [Nai
1967 633 59 46 to
2064 629 133 63 Pra]

284 705 425 68 Philadelphia.
737 708 63 50 F.
830 708 70 50 A.
929 708 180 51 Davis
1138 724 294 48 company.
1464 708 148 51 1934.

282 779 183 40 xxxvii.
495 779 115 39 1166
636 790 42 36 p.
738 780 141 39 illus..
908 781 156 46 plates
1093 780 131 46 (part
1255 780 109 47 col.)
1403 778 178 48 diagrs.
1638 778 144 39 26½cm.

282 838 224 38 Includes
539 836 390 47 bibliographies.

217 902 50 51 ©
294 907 110 39 Feb.
431 907 39 40 2.
496 907 139 39 1934;
665 908 66 39 2c.
759 909 94 37 and
880 908 80 39 aff.
990 908 108 39 Feb.
1127 909 80 37 14:
1238 908 39 37 A
1304 907 168 46 69416;
1504 907 50 38 F.
1583 908 51 37 A.
1664 907 153 39 Davis
1845 917 65 29 co.

216 1011 292 64 Dervenn,
543 1011 234 55 Claude.

287 1086 106 53 Les
434 1086 293 66 Baléares;
771 1093 149 48 texte
961 1087 66 51 de
1070 1086 213 54 Claude
1326 1087 292 65 Dervenn;
1664 1085 212 54 dessins
1918 1086 66 51 de
2025 1086 179 51 M.-Y.

218 1163 308 54 Guibillon.
605 1164 182 65 Paris,
833 1163 294 55 Occitania
1176 1168 192 64 [c1933]

285 1236 86 40 120
399 1247 42 37 p.
497 1238 169 46 plates.
722 1237 116 40 28cm.

288 1294 182 40 “Guide
496 1294 223 48 pratique
749 1293 278 41 ‘Occitania’
1055 1305 96 29 aux
1178 1295 87 39 îles
1292 1294 231 40 Baléares”
1590 1296 80 46 (36
1694 1306 41 37 p.
1762 1296 100 39 laid
1888 1295 74 46 in)

217 1367 1971 114 © July 20, 1933; 1c. Dec. 28; A- Foreign 23161; E. H. Guitard (Éditions Occitania) (34-3700)
219 1536 209 65 Dixon,
459 1537 281 52 Franklin
769 1538 87 54 W.

383 1612 1827 69 … Brushing the mountain top; or, Aiding the lost traveler,
216 1690 1992 69 by Franklin W. Dixon … illustrated by J. Clemens Gretta.
215 1770 138 51 New
386 1769 175 67 York,
592 1768 230 54 Grosset
852 1771 45 49 &
924 1770 235 66 Dunlap
1196 1772 190 63 [c1934]

285 1843 59 46 vi,
379 1843 86 39 216
495 1853 42 37 p.
597 1842 148 40 front.
807 1843 144 39 19½cm.
1023 1843 114 45 (His
1170 1843 98 39 The
1301 1843 98 39 Ted
1435 1842 134 40 Scott
1599 1842 148 47 flying
1779 1842 197 47 stories)

219 1910 51 51 ©
296 1915 109 39 Feb.
430 1914 68 46 20,
523 1913 114 40 1934;
691 1914 65 38 2c.
784 1915 94 37 and
903 1913 78 39 aff.
1010 1914 110 38 Feb.
1145 1914 53 38 23
1218 1924 7 28 :
1254 1914 41 37 A
1321 1913 139 39 70301;
1519 1913 199 40 Grosset
1744 1913 36 40 &
1804 1914 207 46 Dunlap,
2038 1913 89 39 inc.

296 1971 248 47 (34-3289)

219 2072 246 66 Dudley,
494 2074 219 52 Lofton
741 2073 237 65 Leland,
1011 2077 168 49 1895-

288 2151 121 52 The
430 2151 188 52 school
642 2150 111 51 and
775 2151 93 51 the
894 2152 344 52 community;
1293 2172 31 33 a
1349 2150 169 54 study
1542 2150 62 52 of
1627 2152 142 50 local
1795 2150 215 52 control
2033 2150 58 50 in
2117 2150 94 52 the

222 2227 1868 69 public schools of Massachusetts, by L. Leland Dudley …
221 2304 358 68 Cambridge,
609 2305 271 52 Harvard
912 2304 314 68 university
1257 2323 170 50 press,
1462 2308 149 50 1933.

220 2376 1968 105 xiv p., 1 l., 176, [3] p. 22½cm. (Half-title: Harvard studies in education … v. 22)
222 2505 51 51 ©
306 2510 100 40 Oct.
496 2540 8 15 18,
533 2509 114 40 1933;
706 2509 66 40 2c.
804 2509 109 39 Jan.
943 2509 68 39 25.
1043 2509 138 46 1934;
1215 2509 80 38 aff.
1329 2509 108 39 Feb.
1471 2510 24 38 7;
1554 2510 41 38 A
1626 2510 168 46 69322;
1830 2510 256 40 President
2116 2509 95 40 and

286 2567 190 38 fellows
508 2567 50 39 of
589 2567 229 38 Harvard
850 2566 190 46 college.
1074 2565 299 48 Cambridge,
1407 2567 145 38 Mass.
1625 2567 250 47 (34-3520)

221 2670 293 63 Duranty,
545 2671 239 53 Walter.

291 2748 270 67 Duranty
598 2752 219 62 reports
857 2747 224 66 Russia,
1120 2747 72 67 by
1227 2747 222 52 Walter
1489 2748 296 67 Duranty;
1827 2748 237 52 selected
2104 2747 107 52 and

222 2825 1991 69 arranged by Gustavus Tuckerman, jr. … with a personal note
220 2920 69 33 on
312 2903 96 52 the
430 2904 204 51 author
657 2903 75 68 by
753 2903 326 52 Alexander
1103 2903 323 52 Woollcott.
1500 2905 137 51 New
1658 2905 179 66 York,
1856 2905 119 52 The
1993 2906 220 67 Viking

221 2999 170 48 press,
425 2984 151 50 1934.

293 3053 82 47 xii,
397 3054 85 40 401
503 3065 42 37 p.
605 3054 115 40 22cm.

297 3114 37 35 A
365 3112 312 47 compilation
709 3112 49 40 of
793 3113 264 45 Duranty’s
1087 3112 195 40 articles
1314 3114 95 38 and
1441 3113 278 48 dispatches
1749 3116 48 37 in
1830 3116 80 39 the
1941 3116 114 40 New
2088 3117 126 40 York

224 3169 152 41 times.
401 3167 272 42 1921-1933.

225 3238 51 50 ©
307 3242 109 39 Feb.
447 3242 68 40 19.
545 3242 140 39 1934;
718 3243 66 38 2c.
816 3242 110 38 Feb.
958 3243 80 38 17:
1073 3241 78 39 aff.
1185 3241 109 39 Feb.
1325 3241 55 39 20;
1440 3242 41 38 A
1512 3241 167 49 70295;
1714 3245 70 38 W.
1817 3245 238 46 Duranty,
290 3246 1903 92 Moscow.
439 3300 190 38 Russia.
705 3298 248 48 (34-3068)

225 3400 294 53 Fairchild
549 3401 181 52 aerial
761 3417 231 37 camera
1022 3401 386 63 corporation.

295 3475 270 69 Multiple
595 3481 117 49 lens
744 3479 174 52 aerial
948 3496 246 36 cameras
1223 3479 59 50 in
1312 3480 305 67 mapping;
1654 3500 26 33 a
1710 3482 229 51 treatise
1969 3501 72 32 on
225 3483 1960 137 multiple-lens
544 3557 173 50 aerial
748 3575 245 35 cameras
1025 3557 111 50 and
1164 3556 148 51 their
1344 3557 351 66 application
1725 3561 60 49 in
1814 3560 294 67 mapping,
2138 3561 72 64 by

227 3633 92 50 the
352 3632 278 51 technical
660 3631 134 54 staff
826 3634 61 50 of
920 3635 95 50 the
1046 3634 293 51 Fairchild
1375 3635 174 51 aerial
1581 3654 216 34 camera
1832 3638 376 65 corporation.

226 3708 137 52 New
404 3710 178 54 York,
620 3710 296 52 Fairchild
958 3712 174 50 aerial
1172 3728 212 34 camera
1429 3713 379 66 corporation.
1852 3716 148 49 1933.

292 3782 98 45 viii,
420 3783 81 38 161
532 3794 39 35 p.
631 3784 125 38 illus.
788 3784 130 45 (incl.
949 3784 158 47 maps)
1148 3784 174 47 diagrs.
1383 3784 142 40 23½cm.

225 3848 51 51 ©
314 3852 115 47 July
466 3854 37 44 5,
541 3853 112 40 1933;
721 3854 65 38 2c.
825 3856 94 37 and
958 3854 80 40 aff.
1078 3855 107 38 Jan.
1224 3855 38 46 3,
1301 3854 112 39 1934;
1483 3857 38 36 A
1560 3855 141 41 68725;
1770 3857 247 40 Fairchild
2057 3857 152 40 aerial

291 3920 189 28 camera
516 3910 318 46 corporation.
907 3911 275 46 (33-33556)
