2350 4196
1141 3996 131 50 1888

271 454 1910 51 “This first edition … was printed in April. 1934. and consists of 1000
202 516 197 48 copies.”
461 517 116 38 This
611 525 117 37 copy
761 518 83 36 not
877 514 272 39 numbered.

200 581 1981 56 © Mar. 1, 1934; 2c. Jan. 5. 1935: aff. Dec. 17, 1934: A 77724; Scott E.
268 648 248 43 Haselton,
547 646 90 38 Los
667 645 216 46 Angeles.
956 642 246 48 (35-2706)

203 750 303 61 Latzarus,
534 746 185 54 Marie
748 745 273 55 Thérèse.

330 818 1860 70 … Chez les cannibales; illustrations de Paul Dufau. Paris,
196 904 283 52 Hachette
515 935 13 35 [
531 908 19 23 c
555 904 152 65 1933]

269 986 97 41 223.
408 1007 10 29 [1]
498 996 41 37 p.
578 987 107 40 incl.
721 986 161 46 front.,
918 985 141 46 illus.,
1099 984 167 47 plates.
1328 983 54 40 19
1387 985 42 20 cm
1435 1015 7 7 .
1515 981 96 48 (On
1649 991 160 31 cover:
1847 980 338 49 Bibliothèque

204 1054 104 29 rose
335 1044 239 45 illustrée)

205 1110 1964 108 © Oct. 20, 1933; 1c. Nov. 20, 1934: A-Foreign 26202; Librairie Hachette. (35-2551)
204 1272 206 64 Lewis,
438 1272 192 64 Ethel,
660 1277 168 49 1896-

273 1350 92 51 An
410 1349 385 53 introduction
837 1355 58 47 to
941 1349 341 65 decoration,
1323 1349 75 65 by
1441 1348 172 52 Ethel
1657 1348 182 51 Lewis;
1913 1347 274 65 touching

207 1426 198 65 briefly
445 1427 101 52 but
584 1427 139 52 with
764 1426 292 66 authority
1096 1444 152 48 upon
1287 1444 171 46 many
1498 1425 282 65 problems
1821 1424 184 52 which
2048 1424 141 52 arise

207 1502 53 51 in
299 1503 93 52 the
428 1503 233 65 making
697 1502 63 53 of
797 1522 31 33 a
862 1503 178 52 home.
1137 1503 138 51 [New
1314 1502 177 63 York,
1529 1501 185 52 Home
1751 1502 276 63 institute,
2063 1501 126 63 inc.,

204 1586 17 20 c
225 1583 135 49 1934
364 1613 12 33 ]

277 1663 68 44 16,
379 1665 68 48 [4].
480 1664 141 39 17-32
652 1675 42 37 p.
755 1663 140 43 illus..
926 1664 177 48 diagrs.
1165 1662 53 38 22½
1252 1666 42 20 cm
1300 1697 7 6 .

209 1731 51 51 ©
292 1736 109 39 Dec.
431 1733 68 43 27.
530 1734 113 41 1934;
702 1735 65 39 2c.
800 1736 92 38 and
925 1734 79 40 aff.
1036 1735 109 38 Dec.
1177 1733 53 39 23:
1292 1735 39 37 A
1363 1733 140 40 77910;
1565 1735 153 38 Home
1749 1733 238 42 institute,
2020 1733 88 39 inc.

289 1791 247 49 (35-2128)

208 1893 233 64 Liddell,
475 1896 253 51 Howard
759 1895 183 63 Scott,
975 1900 169 47 1895-

340 1970 1819 68 … The comparative physology of the conditioned motor
213 2048 182 68 reflex,
421 2049 168 54 based
615 2068 72 33 on
710 2049 376 66 experiments
1113 2049 134 51 with
1275 2049 95 52 the
1395 2048 116 68 pig,
1538 2050 128 65 dog,
1693 2050 185 64 sheep,
1904 2058 150 57 goat,
2082 2052 105 49 and

216 2124 1919 145 rabbit, by H. S. Liddell, W. T. James, and O. D. Anderson … Baltimore,
569 2204 1195 67 Md., The Johns Hopkins press [ c 1934]
283 2277 279 46 cover-title,
590 2276 54 40 89
670 2286 41 37 p.
737 2276 108 41 incl.
870 2279 169 44 plates,
1067 2277 174 42 diagrs.
1302 2276 55 39 25½
1390 2279 43 20 cm
1439 2310 7 7 .
1519 2277 256 47 (Comparat
1808 2278 74 38 ive
1910 2278 283 46 psychology

215 2332 332 47 monographs,
607 2342 41 31 v.
677 2334 67 46 11,
773 2333 144 39 serial
943 2345 73 30 no.
1045 2334 66 41 51.
1140 2334 271 41 December.
1438 2333 138 46 1934)

284 2389 300 47 Descriptive
610 2390 281 46 letterpress
915 2401 59 28 on
1001 2401 163 28 versos
1189 2390 164 48 facing
1376 2392 82 38 the
1481 2393 168 45 plates.

284 2445 346 48 Bibliography:
685 2457 42 37 p.
755 2446 156 43 79-80.

216 2514 50 50 ©
290 2519 108 38 Dec.
424 2517 68 41 27.
516 2516 112 40 1934:
680 2517 65 39 2c.
771 2519 109 37 Dec.
906 2518 53 38 31:
1014 2517 79 39 aff.
1121 2519 107 38 Dec.
1255 2518 55 39 28:
1363 2519 40 37 A
1427 2519 141 39 78783:
1625 2520 153 38 Johns
1804 2519 219 47 Hopkins
2050 2529 147 37 press.

293 2574 248 48 (35-2214)
586 2620 5 4 .

213 2677 242 62 Linnaa,
485 2676 260 56 Harriet.

344 2752 1085 68 … Vanitas. Oslo, Gyldendal, 1934.
286 2826 87 41 194
400 2837 42 38 p.
502 2825 59 41 20
561 2828 44 21 cm
610 2858 8 7 .

285 2882 43 41 A
355 2883 153 40 novel.

219 2949 1966 107 © Oct. 24. 1934: 1c. Nov. 26: A-Foreign 26337: Gyldendal Norsk forlag.
449 3009 247 48 (35-2443)

214 3112 218 63 Logan,
462 3114 265 53 Leonard
756 3113 246 64 Marlon,
1035 3119 168 48 1891-

215 3190 1926 135 Principles of economics: a manual, by Leonard Logan … Norman,
517 3268 148 56 Okl.,
691 3268 295 54 University
1055 3270 141 51 litho
1230 3271 335 65 publishers,
1599 3275 148 48 1934.

288 3343 23 36 1
348 3351 40 36 p.
461 3372 7 9 l.
506 3340 52 38 iii
629 3371 7 10 l.
672 3339 97 41 204.
806 3341 301 41 204A-204B.
1146 3342 212 40 205-431.
1395 3345 281 39 431a-431d.
1714 3343 201 39 432-466
1954 3354 40 36 p.
2062 3344 111 37 illus
2195 3372 6 8 .

219 3398 174 45 diagrs.
455 3396 58 40 28
513 3399 43 20 cm
561 3428 7 6 .

291 3454 131 39 “List
448 3454 49 39 of
525 3456 128 37 texts
681 3455 116 38 used
825 3455 47 37 in
901 3454 296 39 references":
1255 3457 100 38 leaf
1382 3456 67 39 iii.

224 3519 51 51 ©
300 3524 107 45 Aug
445 3524 67 40 28.
539 3523 140 42 1934:
707 3524 64 39 2c.
799 3526 93 37 and
920 3524 78 39 aff.
1031 3524 124 48 Sept.
1182 3527 53 38 4:
1262 3527 39 37 A
1330 3527 166 39 75158:
1528 3528 217 38 Leonard
1775 3528 175 40 Logan.
2081 3535 123 29 Nouman.

289 3579 103 40 Okl.
464 3581 13 46 (CA
563 3579 172 40 34-421
756 3581 233 48 Unrev'd)

220 3681 296 64 Lovelace,
548 3683 203 53 Daniel
778 3685 69 53 D.

291 3760 52 49 A
385 3758 252 54 Sabbath
720 3777 67 49 day
826 3762 56 50 in
927 3779 27 32 a
995 3767 236 61 country
1270 3762 226 68 village,
1535 3764 111 50 and
1685 3764 161 50 other
1885 3780 206 49 poems,
2132 3761 71 66 by

222 3834 204 53 Daniel
460 3838 69 50 D.
563 3838 286 51 Lovelace.
920 3838 293 67 Danbury,
1248 3841 196 55 Conn.,
1478 3841 118 52 The
1631 3841 278 66 Danbury
1943 3839 262 67 printing

221 3930 293 49 company,
538 3921 17 20 c
561 3916 147 53 1934.
