<alto xmlns="http://www.loc.gov/standards/alto/ns-v3#" xmlns:xlink="http://www.w3.org/1999/xlink" xmlns:xsi="http://www.w3.org/2001/XMLSchema-instance" xsi:schemaLocation="http://www.loc.gov/standards/alto/ns-v3# http://www.loc.gov/alto/v3/alto-3-0.xsd"><Description>
<MeasurementUnit>pixel</MeasurementUnit>
<sourceImageInformation>
<fileName>1934_v1_Part1.pdf</fileName>
</sourceImageInformation>
<OCRProcessing ID="IdOcr">
<ocrProcessingStep>
<processingDateTime>2019-01-10</processingDateTime>
<processingSoftware>
<softwareCreator>ABBYY</softwareCreator>
<softwareName>ABBYY Recognition Server</softwareName>
<softwareVersion>4.0</softwareVersion>
</processingSoftware>
</ocrProcessingStep>
</OCRProcessing>
</Description>
<Styles>
<ParagraphStyle ID="StyleId-FFFFFFFF-FFFF-FFFF-FFFF-FFFFFFFFFFFF-" ALIGN="Left" LEFT="0." RIGHT="0." FIRSTLINE="0."/>
<ParagraphStyle ID="StyleId-521E1FC6-FE7E-43A4-90E6-A9B61626A263-" ALIGN="Right" LEFT="0." RIGHT="0." FIRSTLINE="0." LINESPACE="13.30000019"/>
<ParagraphStyle ID="StyleId-639B624E-F6F5-47B6-BB1D-34E64B53022F-" ALIGN="Left" LEFT="0." RIGHT="0." FIRSTLINE="-27." LINESPACE="13.43999958"/>
<ParagraphStyle ID="StyleId-100905F9-D385-406B-A5BD-ED5B8FD85431-" ALIGN="Left" LEFT="0." RIGHT="0." FIRSTLINE="0."/>
<ParagraphStyle ID="StyleId-7C9F9BA2-EF3A-4B7F-8486-CCC7B7F49B39-" ALIGN="Left" LEFT="0." RIGHT="0." FIRSTLINE="-27." LINESPACE="18.71999931"/>
<ParagraphStyle ID="StyleId-350780E3-60F2-4605-88F5-BB54F9B87091-" ALIGN="Block" LEFT="0." RIGHT="0." FIRSTLINE="-27." LINESPACE="18.71999931"/>
<ParagraphStyle ID="StyleId-90B16C58-D795-4C77-9B89-30378C515D40-" ALIGN="Left" LEFT="0." RIGHT="0." FIRSTLINE="0." LINESPACE="14.39999962"/>
<ParagraphStyle ID="StyleId-17090E09-AFAF-4086-BD9B-4E99FAE6B057-" ALIGN="Right" LEFT="0." RIGHT="0." FIRSTLINE="-27." LINESPACE="14.39999962"/>
<ParagraphStyle ID="StyleId-8B87B633-89DB-4D72-B1FC-26E4ABD680BC-" ALIGN="Left" LEFT="0." RIGHT="0." FIRSTLINE="-27." LINESPACE="18.47999954"/>
<ParagraphStyle ID="StyleId-42DA7417-CA90-4D71-A57B-06556C38D752-" ALIGN="Left" LEFT="0." RIGHT="0." FIRSTLINE="0." LINESPACE="13.30000019"/>
<ParagraphStyle ID="StyleId-D8EE2A7E-42AE-4E35-98DB-F0F935637AA0-" ALIGN="Block" LEFT="0." RIGHT="0." FIRSTLINE="0." LINESPACE="6.599999905"/>
<ParagraphStyle ID="StyleId-33CD3121-D4F5-43B6-BA96-6382D166E6B8-" ALIGN="Left" LEFT="0." RIGHT="0." FIRSTLINE="0." LINESPACE="15.5"/>
<ParagraphStyle ID="StyleId-1CE52AFA-C319-4DD9-B4B1-F0EBFA2B3F0B-" ALIGN="Block" LEFT="0." RIGHT="0." FIRSTLINE="-21." LINESPACE="18.71999931"/>
<ParagraphStyle ID="StyleId-B74F1B65-92F1-49C5-A5FA-D20442F031F2-" ALIGN="Left" LEFT="0." RIGHT="0." FIRSTLINE="0." LINESPACE="17.70006076"/>
<ParagraphStyle ID="StyleId-79E2924A-215C-40B7-B577-7236BFBAA25E-" ALIGN="Center" LEFT="0." RIGHT="0." FIRSTLINE="0." LINESPACE="7.199999809"/>
</Styles>
<Layout>
<Page ID="Page1754" PHYSICAL_IMG_NR="1754" HEIGHT="4196" WIDTH="2350">
<TopMargin HEIGHT="436" WIDTH="2350" VPOS="0" HPOS="0">
</TopMargin>
<LeftMargin HEIGHT="3620" WIDTH="220" VPOS="436" HPOS="0">
</LeftMargin>
<RightMargin HEIGHT="3620" WIDTH="133" VPOS="436" HPOS="2217">
</RightMargin>
<BottomMargin HEIGHT="140" WIDTH="2350" VPOS="4056" HPOS="0">
</BottomMargin>
<PrintSpace HEIGHT="3620" WIDTH="1997" VPOS="436" HPOS="220">
<TextBlock ID="Page1754_Block1" HEIGHT="65" WIDTH="144" VPOS="3991" HPOS="1114" LANG="fr" CS="1" STYLEREFS="StyleId-6BFE6C39-594B-4A26-ADE1-9C9E39805A7F-">
<TextLine HEIGHT="50" WIDTH="60" VPOS="3997" HPOS="1120" CS="1">
<String CS="1" CONTENT="1754" HEIGHT="50" WIDTH="60" VPOS="3997" HPOS="1120"/>
</TextLine>
</TextBlock>
<TextBlock ID="Page1754_Block2" HEIGHT="3533" WIDTH="1997" VPOS="436" HPOS="220" LANG="en-US" CS="1" STYLEREFS="StyleId-F32AD28B-0EA2-4FD9-AB96-915742BB06C8-">
<TextLine HEIGHT="49" WIDTH="1602" VPOS="453" HPOS="300" CS="1">
<String CONTENT="xxvii" HEIGHT="37" WIDTH="132" VPOS="457" HPOS="300"/>
<SP HEIGHT="45" WIDTH="30" VPOS="457" HPOS="433"/>
<String CS="1" CONTENT="p.," HEIGHT="37" WIDTH="29" VPOS="465" HPOS="464"/>
<SP HEIGHT="39" WIDTH="29" VPOS="456" HPOS="521"/>
<String CONTENT="1" HEIGHT="36" WIDTH="18" VPOS="456" HPOS="551"/>
<SP HEIGHT="36" WIDTH="37" VPOS="456" HPOS="570"/>
<String CS="1" CONTENT="l.," HEIGHT="16" WIDTH="21" VPOS="486" HPOS="627"/>
<SP HEIGHT="46" WIDTH="30" VPOS="456" HPOS="649"/>
<String CONTENT="449" HEIGHT="40" WIDTH="84" VPOS="455" HPOS="680"/>
<SP HEIGHT="46" WIDTH="29" VPOS="456" HPOS="765"/>
<String CONTENT="p." HEIGHT="37" WIDTH="41" VPOS="465" HPOS="795"/>
<SP HEIGHT="39" WIDTH="63" VPOS="456" HPOS="837"/>
<String CONTENT="front.," HEIGHT="46" WIDTH="160" VPOS="456" HPOS="901"/>
<SP HEIGHT="35" WIDTH="33" VPOS="467" HPOS="1062"/>
<String CONTENT="plates," HEIGHT="45" WIDTH="165" VPOS="457" HPOS="1096"/>
<SP HEIGHT="37" WIDTH="30" VPOS="464" HPOS="1262"/>
<String CONTENT="ports.," HEIGHT="45" WIDTH="160" VPOS="456" HPOS="1293"/>
<SP HEIGHT="40" WIDTH="31" VPOS="454" HPOS="1454"/>
<String CONTENT="facsims." HEIGHT="39" WIDTH="212" VPOS="453" HPOS="1486"/>
<SP HEIGHT="39" WIDTH="60" VPOS="453" HPOS="1699"/>
<String CS="1" CONTENT="21&#189;" HEIGHT="38" WIDTH="25" VPOS="453" HPOS="1760"/>
<String STYLE="superscript" CONTENT="cm" HEIGHT="20" WIDTH="43" VPOS="456" HPOS="1847"/>
<String CONTENT="." HEIGHT="6" WIDTH="6" VPOS="485" HPOS="1896"/>
</TextLine>
<TextLine HEIGHT="39" WIDTH="415" VPOS="511" HPOS="300">
<String CONTENT="&#8220;First" HEIGHT="39" WIDTH="160" VPOS="511" HPOS="300"/>
<SP HEIGHT="35" WIDTH="28" VPOS="515" HPOS="461"/>
<String CONTENT="edition.&#8221;" HEIGHT="39" WIDTH="225" VPOS="511" HPOS="490"/>
</TextLine>
<TextLine HEIGHT="51" WIDTH="1978" VPOS="565" HPOS="233" CS="1">
<String CONTENT="&#169;" HEIGHT="51" WIDTH="49" VPOS="565" HPOS="233"/>
<SP HEIGHT="51" WIDTH="25" VPOS="565" HPOS="283"/>
<String CONTENT="Oct." HEIGHT="40" WIDTH="98" VPOS="569" HPOS="309"/>
<SP HEIGHT="36" WIDTH="26" VPOS="572" HPOS="408"/>
<String CONTENT="1." HEIGHT="37" WIDTH="36" VPOS="572" HPOS="435"/>
<SP HEIGHT="38" WIDTH="25" VPOS="571" HPOS="472"/>
<String CS="1" CONTENT="1934;" HEIGHT="38" WIDTH="110" VPOS="570" HPOS="498"/>
<SP HEIGHT="39" WIDTH="26" VPOS="570" HPOS="635"/>
<String CONTENT="2c." HEIGHT="37" WIDTH="64" VPOS="570" HPOS="662"/>
<SP HEIGHT="36" WIDTH="26" VPOS="571" HPOS="727"/>
<String CONTENT="Dec." HEIGHT="37" WIDTH="108" VPOS="571" HPOS="754"/>
<SP HEIGHT="37" WIDTH="24" VPOS="570" HPOS="863"/>
<String CS="1" CONTENT="21;" HEIGHT="37" WIDTH="47" VPOS="570" HPOS="888"/>
<SP HEIGHT="29" WIDTH="25" VPOS="580" HPOS="969"/>
<String CONTENT="aff." HEIGHT="39" WIDTH="77" VPOS="569" HPOS="995"/>
<SP HEIGHT="36" WIDTH="27" VPOS="571" HPOS="1073"/>
<String CONTENT="Dec." HEIGHT="37" WIDTH="107" VPOS="571" HPOS="1101"/>
<SP HEIGHT="36" WIDTH="24" VPOS="572" HPOS="1209"/>
<String CS="1" CONTENT="24;" HEIGHT="35" WIDTH="54" VPOS="572" HPOS="1234"/>
<SP HEIGHT="39" WIDTH="28" VPOS="570" HPOS="1315"/>
<!-- cceid C86CA18E-6C64-1014-8713-889FF4349C01 --><String CONTENT="A" HEIGHT="37" WIDTH="39" VPOS="570" HPOS="1344"/>
<SP HEIGHT="38" WIDTH="23" VPOS="570" HPOS="1384"/>
<String CS="1" CONTENT="77839;" HEIGHT="42" WIDTH="141" VPOS="566" HPOS="1408"/>
<SP HEIGHT="40" WIDTH="30" VPOS="568" HPOS="1576"/>
<String LANG="fr" CONTENT="F." HEIGHT="38" WIDTH="47" VPOS="568" HPOS="1607"/>
<SP HEIGHT="37" WIDTH="27" VPOS="569" HPOS="1655"/>
<String CONTENT="H." HEIGHT="38" WIDTH="57" VPOS="569" HPOS="1683"/>
<SP HEIGHT="38" WIDTH="27" VPOS="569" HPOS="1741"/>
<String CONTENT="Martin," HEIGHT="42" WIDTH="195" VPOS="569" HPOS="1769"/>
<SP HEIGHT="42" WIDTH="27" VPOS="569" HPOS="1965"/>
<String CONTENT="Chicago." HEIGHT="46" WIDTH="218" VPOS="568" HPOS="1993"/>
</TextLine>
<TextLine HEIGHT="46" WIDTH="218" VPOS="627" HPOS="309">
<String CONTENT="(35-282)" HEIGHT="46" WIDTH="218" VPOS="627" HPOS="309"/>
</TextLine>
<TextLine HEIGHT="62" WIDTH="1095" VPOS="702" HPOS="230" STYLEREFS="StyleId-246AFF26-C688-4BF6-9661-20A9015D2D96-">
<String CONTENT="Mead," HEIGHT="60" WIDTH="186" VPOS="702" HPOS="230"/>
<SP HEIGHT="60" WIDTH="28" VPOS="702" HPOS="417"/>
<String CONTENT="George" HEIGHT="62" WIDTH="224" VPOS="702" HPOS="446"/>
<SP HEIGHT="51" WIDTH="28" VPOS="702" HPOS="671"/>
<String CONTENT="Herbert," HEIGHT="62" WIDTH="274" VPOS="702" HPOS="700"/>
<SP HEIGHT="56" WIDTH="31" VPOS="708" HPOS="975"/>
<String CONTENT="1863-1931." HEIGHT="49" WIDTH="318" VPOS="706" HPOS="1007"/>
</TextLine>
<TextLine HEIGHT="130" WIDTH="1962" VPOS="775" HPOS="227" STYLEREFS="StyleId-246AFF26-C688-4BF6-9661-20A9015D2D96-" CS="1">
<String CONTENT="Mind," HEIGHT="68" WIDTH="182" VPOS="775" HPOS="297"/>
<SP HEIGHT="47" WIDTH="20" VPOS="796" HPOS="480"/>
<String CONTENT="self" HEIGHT="53" WIDTH="110" VPOS="775" HPOS="501"/>
<SP HEIGHT="52" WIDTH="18" VPOS="775" HPOS="612"/>
<String CONTENT="&amp;" HEIGHT="49" WIDTH="44" VPOS="775" HPOS="631"/>
<SP HEIGHT="54" WIDTH="21" VPOS="775" HPOS="676"/>
<String CONTENT="society" HEIGHT="67" WIDTH="208" VPOS="777" HPOS="698"/>
<SP HEIGHT="67" WIDTH="24" VPOS="777" HPOS="907"/>
<String CONTENT="from" HEIGHT="51" WIDTH="150" VPOS="777" HPOS="932"/>
<SP HEIGHT="46" WIDTH="22" VPOS="782" HPOS="1083"/>
<String CONTENT="the" HEIGHT="51" WIDTH="92" VPOS="777" HPOS="1106"/>
<SP HEIGHT="33" WIDTH="24" VPOS="795" HPOS="1199"/>
<String CONTENT="standpoint" HEIGHT="65" WIDTH="335" VPOS="776" HPOS="1224"/>
<SP HEIGHT="47" WIDTH="21" VPOS="780" HPOS="1560"/>
<String CONTENT="of" HEIGHT="52" WIDTH="62" VPOS="775" HPOS="1582"/>
<SP HEIGHT="51" WIDTH="23" VPOS="775" HPOS="1645"/>
<String CONTENT="a" HEIGHT="33" WIDTH="28" VPOS="793" HPOS="1669"/>
<SP HEIGHT="33" WIDTH="25" VPOS="793" HPOS="1698"/>
<String CONTENT="social" HEIGHT="51" WIDTH="170" VPOS="775" HPOS="1724"/>
<SP HEIGHT="50" WIDTH="23" VPOS="776" HPOS="1895"/>
<String CONTENT="behaviorist" HEIGHT="130" WIDTH="1962" VPOS="775" HPOS="227"/>
</TextLine>
<TextLine HEIGHT="71" WIDTH="1841" VPOS="851" HPOS="370" STYLEREFS="StyleId-246AFF26-C688-4BF6-9661-20A9015D2D96-" CS="1">
<String CS="1" CONTENT="[by]" HEIGHT="69" WIDTH="70" VPOS="853" HPOS="370"/>
<SP HEIGHT="67" WIDTH="50" VPOS="852" HPOS="461"/>
<String CONTENT="George" HEIGHT="69" WIDTH="220" VPOS="852" HPOS="512"/>
<SP HEIGHT="52" WIDTH="46" VPOS="853" HPOS="733"/>
<String CONTENT="H." HEIGHT="52" WIDTH="75" VPOS="853" HPOS="780"/>
<SP HEIGHT="51" WIDTH="49" VPOS="854" HPOS="856"/>
<String CONTENT="Mead" HEIGHT="51" WIDTH="167" VPOS="854" HPOS="906"/>
<SP HEIGHT="51" WIDTH="55" VPOS="854" HPOS="1074"/>
<String CS="1" CONTENT="&#8230;"/>
<SP HEIGHT="33" WIDTH="54" VPOS="872" HPOS="1184"/>
<String CONTENT="edited," HEIGHT="66" WIDTH="204" VPOS="853" HPOS="1239"/>
<SP HEIGHT="49" WIDTH="48" VPOS="870" HPOS="1444"/>
<String CONTENT="with" HEIGHT="51" WIDTH="139" VPOS="852" HPOS="1493"/>
<SP HEIGHT="51" WIDTH="51" VPOS="852" HPOS="1633"/>
<String CONTENT="introduction," HEIGHT="67" WIDTH="405" VPOS="851" HPOS="1685"/>
<SP HEIGHT="66" WIDTH="46" VPOS="852" HPOS="2091"/>
<String CONTENT="by" HEIGHT="69" WIDTH="73" VPOS="852" HPOS="2138"/>
</TextLine>
<TextLine HEIGHT="148" WIDTH="1960" VPOS="928" HPOS="226" STYLEREFS="StyleId-246AFF26-C688-4BF6-9661-20A9015D2D96-" CS="1">
<String CONTENT="Charles" HEIGHT="54" WIDTH="234" VPOS="929" HPOS="228"/>
<SP HEIGHT="53" WIDTH="32" VPOS="930" HPOS="463"/>
<String CONTENT="W." HEIGHT="53" WIDTH="86" VPOS="930" HPOS="496"/>
<SP HEIGHT="51" WIDTH="36" VPOS="931" HPOS="583"/>
<String CONTENT="Morris" HEIGHT="51" WIDTH="209" VPOS="931" HPOS="620"/>
<SP HEIGHT="32" WIDTH="37" VPOS="950" HPOS="830"/>
<String CS="1" CONTENT="&#8230;"/>
<SP HEIGHT="54" WIDTH="76" VPOS="930" HPOS="924"/>
<String CONTENT="Chicago," HEIGHT="68" WIDTH="267" VPOS="930" HPOS="1001"/>
<SP HEIGHT="68" WIDTH="33" VPOS="930" HPOS="1269"/>
<String CONTENT="Ill.," HEIGHT="66" WIDTH="112" VPOS="930" HPOS="1303"/>
<SP HEIGHT="66" WIDTH="34" VPOS="930" HPOS="1416"/>
<String CONTENT="The" HEIGHT="52" WIDTH="119" VPOS="929" HPOS="1451"/>
<SP HEIGHT="53" WIDTH="34" VPOS="929" HPOS="1571"/>
<String CONTENT="University" HEIGHT="69" WIDTH="337" VPOS="928" HPOS="1606"/>
<SP HEIGHT="49" WIDTH="34" VPOS="948" HPOS="1944"/>
<String CONTENT="of" HEIGHT="53" WIDTH="62" VPOS="928" HPOS="1979"/>
<SP HEIGHT="54" WIDTH="35" VPOS="928" HPOS="2042"/>
<String CONTENT="Chicago" HEIGHT="148" WIDTH="1960" VPOS="928" HPOS="226"/>
<SP HEIGHT="49" WIDTH="26" VPOS="1026" HPOS="364"/>
<String CONTENT="press" HEIGHT="49" WIDTH="156" VPOS="1026" HPOS="391"/>
<SP HEIGHT="47" WIDTH="32" VPOS="1027" HPOS="548"/>
<String CONTENT="[1934]" HEIGHT="64" WIDTH="171" VPOS="1010" HPOS="581"/>
</TextLine>
<TextLine HEIGHT="51" WIDTH="692" VPOS="1078" HPOS="302" CS="1">
<String CONTENT="xxxviii," HEIGHT="47" WIDTH="197" VPOS="1080" HPOS="302"/>
<SP HEIGHT="47" WIDTH="28" VPOS="1080" HPOS="500"/>
<String CONTENT="400," HEIGHT="46" WIDTH="97" VPOS="1078" HPOS="529"/>
<SP HEIGHT="29" WIDTH="34" VPOS="1100" HPOS="627"/>
<String CS="1" CONTENT="[1]" HEIGHT="29" WIDTH="8" VPOS="1100" HPOS="707"/>
<SP HEIGHT="38" WIDTH="32" VPOS="1091" HPOS="716"/>
<String CONTENT="p." HEIGHT="36" WIDTH="39" VPOS="1091" HPOS="749"/>
<SP HEIGHT="37" WIDTH="61" VPOS="1081" HPOS="789"/>
<String CS="1" CONTENT="23&#189;" HEIGHT="39" WIDTH="54" VPOS="1079" HPOS="851"/>
<String STYLE="superscript" CONTENT="cm" HEIGHT="20" WIDTH="43" VPOS="1083" HPOS="939"/>
<String CONTENT="." HEIGHT="5" WIDTH="7" VPOS="1113" HPOS="987"/>
</TextLine>
<TextLine HEIGHT="50" WIDTH="1721" VPOS="1134" HPOS="298">
<String CONTENT="&#8220;Bibliography" HEIGHT="49" WIDTH="372" VPOS="1135" HPOS="298"/>
<SP HEIGHT="37" WIDTH="26" VPOS="1147" HPOS="671"/>
<String CONTENT="of" HEIGHT="39" WIDTH="52" VPOS="1136" HPOS="698"/>
<SP HEIGHT="40" WIDTH="23" VPOS="1136" HPOS="751"/>
<String CONTENT="the" HEIGHT="39" WIDTH="78" VPOS="1137" HPOS="775"/>
<SP HEIGHT="28" WIDTH="27" VPOS="1147" HPOS="854"/>
<String CONTENT="writings" HEIGHT="46" WIDTH="220" VPOS="1137" HPOS="882"/>
<SP HEIGHT="29" WIDTH="26" VPOS="1147" HPOS="1103"/>
<String CONTENT="of" HEIGHT="36" WIDTH="50" VPOS="1138" HPOS="1130"/>
<SP HEIGHT="39" WIDTH="27" VPOS="1136" HPOS="1181"/>
<String CONTENT="George" HEIGHT="44" WIDTH="180" VPOS="1136" HPOS="1209"/>
<SP HEIGHT="40" WIDTH="27" VPOS="1135" HPOS="1390"/>
<String CONTENT="H." HEIGHT="40" WIDTH="58" VPOS="1135" HPOS="1418"/>
<SP HEIGHT="39" WIDTH="29" VPOS="1136" HPOS="1477"/>
<String CONTENT="Mead&#8221;:" HEIGHT="38" WIDTH="196" VPOS="1136" HPOS="1507"/>
<SP HEIGHT="35" WIDTH="31" VPOS="1146" HPOS="1704"/>
<String CONTENT="p." HEIGHT="35" WIDTH="39" VPOS="1146" HPOS="1736"/>
<SP HEIGHT="37" WIDTH="28" VPOS="1137" HPOS="1776"/>
<String CONTENT="390-392." HEIGHT="40" WIDTH="214" VPOS="1134" HPOS="1805"/>
</TextLine>
<TextLine HEIGHT="107" WIDTH="1965" VPOS="1190" HPOS="230" CS="1">
<String CONTENT="&#169;" HEIGHT="51" WIDTH="50" VPOS="1190" HPOS="230"/>
<SP HEIGHT="51" WIDTH="30" VPOS="1190" HPOS="281"/>
<String CONTENT="Dec." HEIGHT="38" WIDTH="107" VPOS="1195" HPOS="312"/>
<SP HEIGHT="39" WIDTH="30" VPOS="1194" HPOS="420"/>
<String CONTENT="20," HEIGHT="45" WIDTH="68" VPOS="1194" HPOS="451"/>
<SP HEIGHT="44" WIDTH="29" VPOS="1195" HPOS="520"/>
<String CS="1" CONTENT="1934;" HEIGHT="40" WIDTH="114" VPOS="1193" HPOS="550"/>
<SP HEIGHT="40" WIDTH="30" VPOS="1194" HPOS="691"/>
<String CONTENT="2c." HEIGHT="39" WIDTH="65" VPOS="1194" HPOS="722"/>
<SP HEIGHT="36" WIDTH="33" VPOS="1196" HPOS="788"/>
<String CONTENT="Dec." HEIGHT="36" WIDTH="107" VPOS="1196" HPOS="822"/>
<SP HEIGHT="34" WIDTH="31" VPOS="1197" HPOS="930"/>
<String CS="1" CONTENT="22;" HEIGHT="37" WIDTH="57" VPOS="1195" HPOS="962"/>
<SP HEIGHT="28" WIDTH="32" VPOS="1206" HPOS="1042"/>
<String CONTENT="aff." HEIGHT="39" WIDTH="78" VPOS="1194" HPOS="1075"/>
<SP HEIGHT="37" WIDTH="30" VPOS="1195" HPOS="1154"/>
<String CONTENT="Dec." HEIGHT="37" WIDTH="106" VPOS="1195" HPOS="1185"/>
<SP HEIGHT="38" WIDTH="32" VPOS="1194" HPOS="1292"/>
<String CS="1" CONTENT="24;" HEIGHT="38" WIDTH="52" VPOS="1194" HPOS="1325"/>
<SP HEIGHT="39" WIDTH="34" VPOS="1195" HPOS="1405"/>
<!-- cceid C86CA9B7-6C64-1014-8713-889FF4349C01 --><String CONTENT="A" HEIGHT="37" WIDTH="36" VPOS="1195" HPOS="1440"/>
<SP HEIGHT="37" WIDTH="34" VPOS="1195" HPOS="1477"/>
<String CS="1" CONTENT="77829;" HEIGHT="41" WIDTH="138" VPOS="1192" HPOS="1512"/>
<SP HEIGHT="38" WIDTH="34" VPOS="1195" HPOS="1678"/>
<String CONTENT="University" HEIGHT="47" WIDTH="279" VPOS="1193" HPOS="1713"/>
<SP HEIGHT="34" WIDTH="33" VPOS="1206" HPOS="1993"/>
<String CONTENT="of" HEIGHT="39" WIDTH="46" VPOS="1194" HPOS="2027"/>
<SP HEIGHT="39" WIDTH="33" VPOS="1194" HPOS="2074"/>
<String CONTENT="Chicago," HEIGHT="103" WIDTH="1899" VPOS="1194" HPOS="296"/>
<SP HEIGHT="42" WIDTH="28" VPOS="1251" HPOS="424"/>
<String CONTENT="Chicago." HEIGHT="43" WIDTH="218" VPOS="1251" HPOS="453"/>
<SP HEIGHT="46" WIDTH="72" VPOS="1251" HPOS="672"/>
<String CONTENT="(35-292)" HEIGHT="47" WIDTH="218" VPOS="1250" HPOS="745"/>
</TextLine>
<TextLine HEIGHT="67" WIDTH="783" VPOS="1313" HPOS="227" STYLEREFS="StyleId-E224943A-6052-4FF2-A2BD-60D451360A2D-">
<String CONTENT="Meadows," HEIGHT="64" WIDTH="308" VPOS="1313" HPOS="227"/>
<SP HEIGHT="63" WIDTH="28" VPOS="1314" HPOS="536"/>
<String CONTENT="Robert," HEIGHT="62" WIDTH="239" VPOS="1314" HPOS="565"/>
<SP HEIGHT="44" WIDTH="27" VPOS="1332" HPOS="805"/>
<String CONTENT="comp." HEIGHT="49" WIDTH="177" VPOS="1331" HPOS="833"/>
</TextLine>
<TextLine HEIGHT="147" WIDTH="1984" VPOS="1387" HPOS="224" STYLEREFS="StyleId-246AFF26-C688-4BF6-9661-20A9015D2D96-" CS="1">
<String CONTENT="A" HEIGHT="51" WIDTH="50" VPOS="1388" HPOS="262"/>
<SP HEIGHT="67" WIDTH="41" VPOS="1388" HPOS="313"/>
<String CONTENT="private" HEIGHT="66" WIDTH="222" VPOS="1389" HPOS="355"/>
<SP HEIGHT="33" WIDTH="43" VPOS="1407" HPOS="578"/>
<String CONTENT="anthropological" HEIGHT="68" WIDTH="493" VPOS="1389" HPOS="622"/>
<SP HEIGHT="51" WIDTH="39" VPOS="1389" HPOS="1116"/>
<String CONTENT="cabinet" HEIGHT="51" WIDTH="219" VPOS="1389" HPOS="1156"/>
<SP HEIGHT="45" WIDTH="44" VPOS="1395" HPOS="1376"/>
<String CONTENT="of" HEIGHT="52" WIDTH="64" VPOS="1388" HPOS="1421"/>
<SP HEIGHT="51" WIDTH="44" VPOS="1388" HPOS="1486"/>
<String CONTENT="500" HEIGHT="48" WIDTH="99" VPOS="1391" HPOS="1531"/>
<SP HEIGHT="49" WIDTH="44" VPOS="1391" HPOS="1631"/>
<String CONTENT="authentic" HEIGHT="51" WIDTH="289" VPOS="1389" HPOS="1676"/>
<SP HEIGHT="33" WIDTH="45" VPOS="1407" HPOS="1966"/>
<String CONTENT="racialesoteric" HEIGHT="130" WIDTH="1962" VPOS="1387" HPOS="224"/>
<SP HEIGHT="49" WIDTH="25" VPOS="1483" HPOS="456"/>
<String CONTENT="photographs" HEIGHT="68" WIDTH="392" VPOS="1465" HPOS="482"/>
<SP HEIGHT="34" WIDTH="27" VPOS="1484" HPOS="875"/>
<String CONTENT="and" HEIGHT="52" WIDTH="107" VPOS="1466" HPOS="903"/>
<SP HEIGHT="52" WIDTH="31" VPOS="1466" HPOS="1011"/>
<String CONTENT="illustrations" HEIGHT="53" WIDTH="377" VPOS="1465" HPOS="1043"/>
<SP HEIGHT="34" WIDTH="27" VPOS="1484" HPOS="1421"/>
<String CONTENT="after" HEIGHT="52" WIDTH="150" VPOS="1465" HPOS="1449"/>
<SP HEIGHT="46" WIDTH="30" VPOS="1471" HPOS="1600"/>
<String CONTENT="the" HEIGHT="52" WIDTH="92" VPOS="1465" HPOS="1631"/>
<SP HEIGHT="33" WIDTH="28" VPOS="1484" HPOS="1724"/>
<String CONTENT="originals" HEIGHT="70" WIDTH="276" VPOS="1464" HPOS="1753"/>
<SP HEIGHT="53" WIDTH="29" VPOS="1464" HPOS="2030"/>
<String CONTENT="from" HEIGHT="51" WIDTH="148" VPOS="1464" HPOS="2060"/>
</TextLine>
<TextLine HEIGHT="146" WIDTH="1987" VPOS="1542" HPOS="223" STYLEREFS="StyleId-246AFF26-C688-4BF6-9661-20A9015D2D96-" CS="1">
<String CONTENT="scientific" HEIGHT="52" WIDTH="270" VPOS="1542" HPOS="223"/>
<SP HEIGHT="33" WIDTH="27" VPOS="1561" HPOS="494"/>
<String CONTENT="explorations," HEIGHT="67" WIDTH="403" VPOS="1543" HPOS="522"/>
<SP HEIGHT="67" WIDTH="28" VPOS="1543" HPOS="926"/>
<String CONTENT="field" HEIGHT="52" WIDTH="130" VPOS="1543" HPOS="955"/>
<SP HEIGHT="51" WIDTH="28" VPOS="1544" HPOS="1086"/>
<String CONTENT="studies" HEIGHT="52" WIDTH="210" VPOS="1543" HPOS="1115"/>
<SP HEIGHT="33" WIDTH="28" VPOS="1562" HPOS="1326"/>
<String CONTENT="and" HEIGHT="52" WIDTH="109" VPOS="1543" HPOS="1355"/>
<SP HEIGHT="52" WIDTH="28" VPOS="1543" HPOS="1465"/>
<String CONTENT="museum" HEIGHT="34" WIDTH="252" VPOS="1560" HPOS="1494"/>
<SP HEIGHT="33" WIDTH="31" VPOS="1561" HPOS="1747"/>
<String CONTENT="archives," HEIGHT="65" WIDTH="271" VPOS="1542" HPOS="1779"/>
<SP HEIGHT="49" WIDTH="30" VPOS="1560" HPOS="2051"/>
<String CONTENT="portraying" HEIGHT="129" WIDTH="1962" VPOS="1559" HPOS="225"/>
<SP HEIGHT="67" WIDTH="41" VPOS="1621" HPOS="458"/>
<String CONTENT="intimate" HEIGHT="51" WIDTH="257" VPOS="1621" HPOS="500"/>
<SP HEIGHT="33" WIDTH="45" VPOS="1639" HPOS="758"/>
<String CONTENT="rites" HEIGHT="53" WIDTH="134" VPOS="1620" HPOS="804"/>
<SP HEIGHT="34" WIDTH="45" VPOS="1639" HPOS="939"/>
<String CONTENT="and" HEIGHT="51" WIDTH="112" VPOS="1621" HPOS="985"/>
<SP HEIGHT="51" WIDTH="44" VPOS="1621" HPOS="1098"/>
<String CONTENT="customs," HEIGHT="61" WIDTH="258" VPOS="1625" HPOS="1143"/>
<SP HEIGHT="47" WIDTH="46" VPOS="1639" HPOS="1402"/>
<String CONTENT="racial" HEIGHT="53" WIDTH="174" VPOS="1619" HPOS="1449"/>
<SP HEIGHT="51" WIDTH="43" VPOS="1621" HPOS="1624"/>
<String CONTENT="types" HEIGHT="61" WIDTH="163" VPOS="1626" HPOS="1668"/>
<SP HEIGHT="33" WIDTH="45" VPOS="1639" HPOS="1832"/>
<String CONTENT="of" HEIGHT="54" WIDTH="63" VPOS="1618" HPOS="1878"/>
<SP HEIGHT="53" WIDTH="41" VPOS="1618" HPOS="1942"/>
<String CONTENT="beauty," HEIGHT="67" WIDTH="226" VPOS="1619" HPOS="1984"/>
</TextLine>
<TextLine HEIGHT="69" WIDTH="1982" VPOS="1696" HPOS="228" STYLEREFS="StyleId-246AFF26-C688-4BF6-9661-20A9015D2D96-">
<String CONTENT="phenomena" HEIGHT="66" WIDTH="343" VPOS="1697" HPOS="228"/>
<SP HEIGHT="33" WIDTH="28" VPOS="1716" HPOS="572"/>
<String CONTENT="of" HEIGHT="53" WIDTH="63" VPOS="1696" HPOS="601"/>
<SP HEIGHT="53" WIDTH="26" VPOS="1696" HPOS="665"/>
<String CONTENT="childbirth," HEIGHT="67" WIDTH="330" VPOS="1697" HPOS="692"/>
<SP HEIGHT="68" WIDTH="29" VPOS="1696" HPOS="1023"/>
<String CONTENT="freaks," HEIGHT="68" WIDTH="208" VPOS="1696" HPOS="1053"/>
<SP HEIGHT="48" WIDTH="29" VPOS="1716" HPOS="1262"/>
<String CONTENT="ethnic" HEIGHT="53" WIDTH="188" VPOS="1697" HPOS="1292"/>
<SP HEIGHT="35" WIDTH="25" VPOS="1715" HPOS="1481"/>
<String CONTENT="mutilations" HEIGHT="53" WIDTH="357" VPOS="1697" HPOS="1507"/>
<SP HEIGHT="34" WIDTH="32" VPOS="1716" HPOS="1865"/>
<String CONTENT="and" HEIGHT="52" WIDTH="108" VPOS="1698" HPOS="1898"/>
<SP HEIGHT="52" WIDTH="31" VPOS="1698" HPOS="2007"/>
<String CONTENT="many" HEIGHT="50" WIDTH="171" VPOS="1715" HPOS="2039"/>
</TextLine>
<TextLine HEIGHT="70" WIDTH="1986" VPOS="1773" HPOS="222" STYLEREFS="StyleId-246AFF26-C688-4BF6-9661-20A9015D2D96-">
<String CONTENT="other" HEIGHT="51" WIDTH="160" VPOS="1774" HPOS="222"/>
<SP HEIGHT="33" WIDTH="26" VPOS="1793" HPOS="383"/>
<String CONTENT="curiosities" HEIGHT="52" WIDTH="314" VPOS="1775" HPOS="410"/>
<SP HEIGHT="33" WIDTH="26" VPOS="1794" HPOS="725"/>
<String CONTENT="of" HEIGHT="52" WIDTH="62" VPOS="1774" HPOS="752"/>
<SP HEIGHT="52" WIDTH="25" VPOS="1774" HPOS="815"/>
<String CONTENT="the" HEIGHT="51" WIDTH="93" VPOS="1775" HPOS="841"/>
<SP HEIGHT="34" WIDTH="29" VPOS="1793" HPOS="935"/>
<String CONTENT="erotic" HEIGHT="52" WIDTH="174" VPOS="1775" HPOS="965"/>
<SP HEIGHT="51" WIDTH="25" VPOS="1776" HPOS="1140"/>
<String CONTENT="life" HEIGHT="53" WIDTH="101" VPOS="1773" HPOS="1166"/>
<SP HEIGHT="34" WIDTH="28" VPOS="1793" HPOS="1268"/>
<String CONTENT="of" HEIGHT="54" WIDTH="63" VPOS="1773" HPOS="1297"/>
<SP HEIGHT="54" WIDTH="28" VPOS="1773" HPOS="1361"/>
<String CONTENT="savage" HEIGHT="50" WIDTH="203" VPOS="1793" HPOS="1390"/>
<SP HEIGHT="33" WIDTH="30" VPOS="1793" HPOS="1594"/>
<String CONTENT="and" HEIGHT="52" WIDTH="110" VPOS="1775" HPOS="1625"/>
<SP HEIGHT="52" WIDTH="29" VPOS="1775" HPOS="1736"/>
<String CONTENT="civilized" HEIGHT="53" WIDTH="258" VPOS="1774" HPOS="1766"/>
<SP HEIGHT="52" WIDTH="31" VPOS="1775" HPOS="2025"/>
<String CONTENT="races" HEIGHT="36" WIDTH="151" VPOS="1790" HPOS="2057"/>
</TextLine>
<TextLine HEIGHT="223" WIDTH="1963" VPOS="1851" HPOS="220" STYLEREFS="StyleId-246AFF26-C688-4BF6-9661-20A9015D2D96-" CS="1">
<String CONTENT="of" HEIGHT="51" WIDTH="62" VPOS="1852" HPOS="224"/>
<SP HEIGHT="51" WIDTH="32" VPOS="1852" HPOS="287"/>
<String CONTENT="mankind," HEIGHT="54" WIDTH="290" VPOS="1852" HPOS="320"/>
<SP HEIGHT="36" WIDTH="32" VPOS="1870" HPOS="611"/>
<String CS="1" CONTENT="collected." HEIGHT="51" WIDTH="261" VPOS="1853" HPOS="644"/>
<SP HEIGHT="33" WIDTH="34" VPOS="1871" HPOS="928"/>
<String CS="1" CONTENT="annotated." HEIGHT="52" WIDTH="301" VPOS="1852" HPOS="963"/>
<SP HEIGHT="33" WIDTH="34" VPOS="1871" HPOS="1287"/>
<String CONTENT="arranged" HEIGHT="67" WIDTH="278" VPOS="1853" HPOS="1322"/>
<SP HEIGHT="52" WIDTH="35" VPOS="1852" HPOS="1601"/>
<String CONTENT="by" HEIGHT="67" WIDTH="73" VPOS="1852" HPOS="1637"/>
<SP HEIGHT="61" WIDTH="36" VPOS="1858" HPOS="1711"/>
<String CONTENT="the" HEIGHT="51" WIDTH="93" VPOS="1853" HPOS="1748"/>
<SP HEIGHT="34" WIDTH="36" VPOS="1870" HPOS="1842"/>
<String CONTENT="anthropologist." HEIGHT="145" WIDTH="1960" VPOS="1851" HPOS="222"/>
<SP HEIGHT="54" WIDTH="34" VPOS="1929" HPOS="388"/>
<String CONTENT="Robert" HEIGHT="52" WIDTH="211" VPOS="1929" HPOS="423"/>
<SP HEIGHT="51" WIDTH="37" VPOS="1930" HPOS="635"/>
<String CONTENT="Meadows" HEIGHT="51" WIDTH="286" VPOS="1930" HPOS="673"/>
<SP HEIGHT="32" WIDTH="42" VPOS="1949" HPOS="960"/>
<String CS="1" CONTENT="&#8230;"/>
<SP HEIGHT="51" WIDTH="75" VPOS="1930" HPOS="1058"/>
<String CONTENT="Privately" HEIGHT="68" WIDTH="295" VPOS="1929" HPOS="1134"/>
<SP HEIGHT="67" WIDTH="38" VPOS="1930" HPOS="1430"/>
<String CONTENT="issued" HEIGHT="52" WIDTH="184" VPOS="1930" HPOS="1469"/>
<SP HEIGHT="53" WIDTH="41" VPOS="1929" HPOS="1654"/>
<String CONTENT="for" HEIGHT="52" WIDTH="91" VPOS="1929" HPOS="1696"/>
<SP HEIGHT="34" WIDTH="38" VPOS="1947" HPOS="1788"/>
<String CONTENT="mature" HEIGHT="46" WIDTH="218" VPOS="1935" HPOS="1827"/>
<SP HEIGHT="33" WIDTH="35" VPOS="1948" HPOS="2046"/>
<String CONTENT="subscribers" HEIGHT="131" WIDTH="1963" VPOS="1928" HPOS="220"/>
<SP HEIGHT="34" WIDTH="26" VPOS="2025" HPOS="457"/>
<String CONTENT="only." HEIGHT="66" WIDTH="148" VPOS="2007" HPOS="484"/>
<SP HEIGHT="51" WIDTH="63" VPOS="2007" HPOS="633"/>
<String CONTENT="New" HEIGHT="51" WIDTH="134" VPOS="2007" HPOS="697"/>
<SP HEIGHT="52" WIDTH="30" VPOS="2007" HPOS="832"/>
<String CONTENT="York." HEIGHT="53" WIDTH="177" VPOS="2006" HPOS="863"/>
<SP HEIGHT="53" WIDTH="28" VPOS="2006" HPOS="1041"/>
<String LANG="fr" CONTENT="N." HEIGHT="52" WIDTH="67" VPOS="2006" HPOS="1070"/>
<SP HEIGHT="51" WIDTH="29" VPOS="2007" HPOS="1138"/>
<String CONTENT="Y.," HEIGHT="65" WIDTH="88" VPOS="2007" HPOS="1168"/>
<SP HEIGHT="65" WIDTH="28" VPOS="2007" HPOS="1257"/>
<String CONTENT="Falstaff" HEIGHT="53" WIDTH="244" VPOS="2005" HPOS="1286"/>
<SP HEIGHT="69" WIDTH="27" VPOS="2005" HPOS="1531"/>
<String CONTENT="press," HEIGHT="49" WIDTH="173" VPOS="2025" HPOS="1559"/>
<SP HEIGHT="64" WIDTH="28" VPOS="2008" HPOS="1733"/>
<String CONTENT="inc." HEIGHT="51" WIDTH="104" VPOS="2008" HPOS="1762"/>
<SP HEIGHT="33" WIDTH="37" VPOS="2040" HPOS="1867"/>
<String CONTENT="[" HEIGHT="33" WIDTH="11" VPOS="2040" HPOS="1905"/>
<String STYLE="superscript" CONTENT="c" HEIGHT="22" WIDTH="16" VPOS="2012" HPOS="1923"/>
<String CONTENT="1934]" HEIGHT="62" WIDTH="150" VPOS="2009" HPOS="1946"/>
</TextLine>
<TextLine HEIGHT="50" WIDTH="1434" VPOS="2078" HPOS="298" CS="1">
<String CONTENT="1" HEIGHT="36" WIDTH="15" VPOS="2080" HPOS="298"/>
<SP HEIGHT="45" WIDTH="35" VPOS="2080" HPOS="314"/>
<String LANG="fr" CS="1" CONTENT="p."/>
<SP/>
<String LANG="fr" CS="1" CONTENT="l."/>
<String CS="1" CONTENT=","/>
<SP HEIGHT="29" WIDTH="33" VPOS="2099" HPOS="464"/>
<String CONTENT="[91]" HEIGHT="50" WIDTH="84" VPOS="2078" HPOS="498"/>
<SP HEIGHT="39" WIDTH="27" VPOS="2088" HPOS="583"/>
<String CONTENT="p." HEIGHT="37" WIDTH="43" VPOS="2088" HPOS="611"/>
<SP HEIGHT="28" WIDTH="29" VPOS="2090" HPOS="655"/>
<String CONTENT="of" HEIGHT="38" WIDTH="51" VPOS="2080" HPOS="685"/>
<SP HEIGHT="37" WIDTH="27" VPOS="2079" HPOS="737"/>
<String CONTENT="illus." HEIGHT="39" WIDTH="125" VPOS="2079" HPOS="765"/>
<SP HEIGHT="44" WIDTH="43" VPOS="2080" HPOS="891"/>
<String CONTENT="(inch" HEIGHT="45" WIDTH="131" VPOS="2079" HPOS="935"/>
<SP HEIGHT="38" WIDTH="30" VPOS="2080" HPOS="1067"/>
<String CONTENT="facsims.)" HEIGHT="45" WIDTH="235" VPOS="2080" HPOS="1098"/>
<SP HEIGHT="45" WIDTH="41" VPOS="2080" HPOS="1334"/>
<String CONTENT="diagr." HEIGHT="45" WIDTH="150" VPOS="2079" HPOS="1376"/>
<SP HEIGHT="39" WIDTH="60" VPOS="2078" HPOS="1527"/>
<String CS="1" CONTENT="25&#189;" HEIGHT="39" WIDTH="55" VPOS="2078" HPOS="1588"/>
<String STYLE="superscript" CONTENT="cm" HEIGHT="20" WIDTH="42" VPOS="2081" HPOS="1677"/>
<String CONTENT="." HEIGHT="5" WIDTH="5" VPOS="2113" HPOS="1727"/>
</TextLine>
<TextLine HEIGHT="50" WIDTH="1913" VPOS="2133" HPOS="292" CS="1">
<String CONTENT="&#8220;This" HEIGHT="39" WIDTH="145" VPOS="2136" HPOS="292"/>
<SP HEIGHT="28" WIDTH="26" VPOS="2147" HPOS="438"/>
<String CONTENT="edition" HEIGHT="39" WIDTH="181" VPOS="2136" HPOS="465"/>
<SP HEIGHT="28" WIDTH="33" VPOS="2146" HPOS="647"/>
<String CS="1" CONTENT="&#8230;"/>
<SP HEIGHT="38" WIDTH="31" VPOS="2136" HPOS="727"/>
<String CONTENT="is" HEIGHT="39" WIDTH="41" VPOS="2136" HPOS="759"/>
<SP HEIGHT="30" WIDTH="27" VPOS="2145" HPOS="801"/>
<String CONTENT="strictly" HEIGHT="45" WIDTH="189" VPOS="2136" HPOS="829"/>
<SP HEIGHT="45" WIDTH="28" VPOS="2136" HPOS="1019"/>
<String CONTENT="limited" HEIGHT="39" WIDTH="181" VPOS="2136" HPOS="1048"/>
<SP HEIGHT="37" WIDTH="33" VPOS="2138" HPOS="1230"/>
<String CONTENT="to" HEIGHT="37" WIDTH="47" VPOS="2138" HPOS="1264"/>
<SP HEIGHT="41" WIDTH="30" VPOS="2133" HPOS="1312"/>
<String CONTENT="fifteen" HEIGHT="42" WIDTH="167" VPOS="2133" HPOS="1343"/>
<SP HEIGHT="38" WIDTH="28" VPOS="2137" HPOS="1511"/>
<String CONTENT="hundred" HEIGHT="39" WIDTH="216" VPOS="2136" HPOS="1540"/>
<SP HEIGHT="37" WIDTH="30" VPOS="2138" HPOS="1757"/>
<String CONTENT="copies" HEIGHT="47" WIDTH="158" VPOS="2136" HPOS="1788"/>
<SP HEIGHT="27" WIDTH="35" VPOS="2147" HPOS="1947"/>
<String CS="1" CONTENT="&#8230;"/>
<SP HEIGHT="38" WIDTH="61" VPOS="2136" HPOS="2028"/>
<String CONTENT="This" HEIGHT="38" WIDTH="115" VPOS="2136" HPOS="2090"/>
</TextLine>
<TextLine HEIGHT="46" WIDTH="512" VPOS="2192" HPOS="221" CS="1">
<String CONTENT="copy" HEIGHT="36" WIDTH="115" VPOS="2202" HPOS="221"/>
<SP HEIGHT="43" WIDTH="26" VPOS="2194" HPOS="337"/>
<String CONTENT="is" HEIGHT="37" WIDTH="39" VPOS="2194" HPOS="364"/>
<SP HEIGHT="27" WIDTH="29" VPOS="2204" HPOS="404"/>
<String CS="1" CONTENT="&#8230;"/>
<SP HEIGHT="29" WIDTH="27" VPOS="2202" HPOS="479"/>
<String CONTENT="no." HEIGHT="29" WIDTH="72" VPOS="2202" HPOS="507"/>
<SP HEIGHT="37" WIDTH="26" VPOS="2192" HPOS="580"/>
<String CONTENT="151.&#8221;" HEIGHT="39" WIDTH="126" VPOS="2192" HPOS="607"/>
</TextLine>
<TextLine HEIGHT="51" WIDTH="1887" VPOS="2247" HPOS="225" CS="1">
<String CONTENT="&#169;" HEIGHT="50" WIDTH="50" VPOS="2247" HPOS="225"/>
<SP HEIGHT="50" WIDTH="26" VPOS="2247" HPOS="276"/>
<String CONTENT="Dec." HEIGHT="37" WIDTH="107" VPOS="2252" HPOS="303"/>
<SP HEIGHT="36" WIDTH="25" VPOS="2252" HPOS="411"/>
<String CONTENT="3." HEIGHT="39" WIDTH="38" VPOS="2252" HPOS="437"/>
<SP HEIGHT="39" WIDTH="26" VPOS="2252" HPOS="476"/>
<String CS="1" CONTENT="1934;" HEIGHT="40" WIDTH="107" VPOS="2249" HPOS="503"/>
<SP HEIGHT="38" WIDTH="27" VPOS="2252" HPOS="641"/>
<String CONTENT="2c." HEIGHT="36" WIDTH="63" VPOS="2252" HPOS="669"/>
<SP HEIGHT="37" WIDTH="28" VPOS="2251" HPOS="733"/>
<String CONTENT="Dec." HEIGHT="38" WIDTH="108" VPOS="2251" HPOS="762"/>
<SP HEIGHT="36" WIDTH="26" VPOS="2252" HPOS="871"/>
<String CS="1" CONTENT="15;" HEIGHT="37" WIDTH="54" VPOS="2251" HPOS="898"/>
<SP HEIGHT="29" WIDTH="29" VPOS="2261" HPOS="979"/>
<String CONTENT="aff." HEIGHT="39" WIDTH="78" VPOS="2250" HPOS="1009"/>
<SP HEIGHT="37" WIDTH="28" VPOS="2251" HPOS="1088"/>
<String CONTENT="Dec." HEIGHT="37" WIDTH="106" VPOS="2251" HPOS="1117"/>
<SP HEIGHT="36" WIDTH="28" VPOS="2252" HPOS="1224"/>
<String CS="1" CONTENT="18;" HEIGHT="39" WIDTH="52" VPOS="2250" HPOS="1253"/>
<SP HEIGHT="39" WIDTH="27" VPOS="2252" HPOS="1333"/>
<!-- cceid C86CB252-6C64-1014-8713-889FF4349C01 --><String CONTENT="A" HEIGHT="36" WIDTH="36" VPOS="2252" HPOS="1361"/>
<SP HEIGHT="38" WIDTH="27" VPOS="2252" HPOS="1398"/>
<String CS="1" CONTENT="78607;" HEIGHT="40" WIDTH="140" VPOS="2250" HPOS="1426"/>
<SP HEIGHT="40" WIDTH="31" VPOS="2252" HPOS="1593"/>
<String CONTENT="Falstaff" HEIGHT="40" WIDTH="208" VPOS="2251" HPOS="1625"/>
<SP HEIGHT="47" WIDTH="27" VPOS="2251" HPOS="1834"/>
<String CONTENT="press," HEIGHT="37" WIDTH="147" VPOS="2261" HPOS="1862"/>
<SP HEIGHT="40" WIDTH="27" VPOS="2252" HPOS="2010"/>
<String CONTENT="inc" HEIGHT="37" WIDTH="74" VPOS="2252" HPOS="2038"/>
</TextLine>
<TextLine HEIGHT="45" WIDTH="217" VPOS="2306" HPOS="301">
<String CONTENT="(35-278)" HEIGHT="45" WIDTH="217" VPOS="2306" HPOS="301"/>
</TextLine>
<TextLine HEIGHT="56" WIDTH="898" VPOS="2368" HPOS="223" STYLEREFS="StyleId-E224943A-6052-4FF2-A2BD-60D451360A2D-">
<String CONTENT="Middleton." HEIGHT="53" WIDTH="335" VPOS="2370" HPOS="223"/>
<SP HEIGHT="54" WIDTH="29" VPOS="2369" HPOS="559"/>
<String CONTENT="John" HEIGHT="52" WIDTH="151" VPOS="2369" HPOS="589"/>
<SP HEIGHT="53" WIDTH="27" VPOS="2370" HPOS="741"/>
<String CONTENT="Stanislaus." HEIGHT="56" WIDTH="352" VPOS="2368" HPOS="769"/>
</TextLine>
<TextLine HEIGHT="69" WIDTH="1915" VPOS="2442" HPOS="290" STYLEREFS="StyleId-246AFF26-C688-4BF6-9661-20A9015D2D96-" CS="1">
<String CONTENT="Living" HEIGHT="67" WIDTH="211" VPOS="2444" HPOS="290"/>
<SP HEIGHT="67" WIDTH="29" VPOS="2444" HPOS="502"/>
<String CONTENT="for" HEIGHT="52" WIDTH="91" VPOS="2444" HPOS="532"/>
<SP HEIGHT="53" WIDTH="28" VPOS="2443" HPOS="624"/>
<String CONTENT="God," HEIGHT="67" WIDTH="144" VPOS="2443" HPOS="653"/>
<SP HEIGHT="66" WIDTH="27" VPOS="2444" HPOS="798"/>
<String CONTENT="by" HEIGHT="65" WIDTH="73" VPOS="2444" HPOS="826"/>
<SP HEIGHT="67" WIDTH="27" VPOS="2442" HPOS="900"/>
<String CONTENT="Rev." HEIGHT="54" WIDTH="135" VPOS="2442" HPOS="928"/>
<SP HEIGHT="52" WIDTH="32" VPOS="2444" HPOS="1064"/>
<String CONTENT="John" HEIGHT="52" WIDTH="147" VPOS="2444" HPOS="1097"/>
<SP HEIGHT="53" WIDTH="36" VPOS="2443" HPOS="1245"/>
<String CONTENT="S." HEIGHT="53" WIDTH="54" VPOS="2443" HPOS="1282"/>
<SP HEIGHT="51" WIDTH="29" VPOS="2445" HPOS="1337"/>
<String CONTENT="Middleton" HEIGHT="54" WIDTH="317" VPOS="2443" HPOS="1367"/>
<SP HEIGHT="34" WIDTH="41" VPOS="2463" HPOS="1685"/>
<String CS="1" CONTENT="&#8230;"/>
<SP HEIGHT="52" WIDTH="78" VPOS="2444" HPOS="1781"/>
<String CONTENT="New" HEIGHT="52" WIDTH="135" VPOS="2444" HPOS="1860"/>
<SP HEIGHT="51" WIDTH="32" VPOS="2444" HPOS="1996"/>
<String CONTENT="York," HEIGHT="67" WIDTH="176" VPOS="2444" HPOS="2029"/>
</TextLine>
<TextLine HEIGHT="68" WIDTH="883" VPOS="2520" HPOS="223" STYLEREFS="StyleId-246AFF26-C688-4BF6-9661-20A9015D2D96-" CS="1">
<String LANG="fr" CONTENT="P." HEIGHT="50" WIDTH="61" VPOS="2521" HPOS="223"/>
<SP HEIGHT="52" WIDTH="35" VPOS="2521" HPOS="285"/>
<String CONTENT="J." HEIGHT="53" WIDTH="54" VPOS="2521" HPOS="321"/>
<SP HEIGHT="53" WIDTH="36" VPOS="2521" HPOS="376"/>
<String CONTENT="Kenedy" HEIGHT="68" WIDTH="237" VPOS="2520" HPOS="413"/>
<SP HEIGHT="67" WIDTH="34" VPOS="2521" HPOS="651"/>
<String CONTENT="&amp;" HEIGHT="50" WIDTH="45" VPOS="2521" HPOS="686"/>
<SP HEIGHT="52" WIDTH="32" VPOS="2521" HPOS="732"/>
<String CONTENT="sons" HEIGHT="36" WIDTH="126" VPOS="2537" HPOS="765"/>
<SP HEIGHT="48" WIDTH="39" VPOS="2539" HPOS="892"/>
<String STYLE="subscript" CS="1" CONTENT="[c" HEIGHT="33" WIDTH="12" VPOS="2554" HPOS="932"/>
<String CS="1" CONTENT="1934]" HEIGHT="48" WIDTH="133" VPOS="2523" HPOS="973"/>
</TextLine>
<TextLine HEIGHT="48" WIDTH="601" VPOS="2593" HPOS="290" CS="1">
<String CONTENT="xvii," HEIGHT="39" WIDTH="112" VPOS="2596" HPOS="290"/>
<SP HEIGHT="27" WIDTH="33" VPOS="2614" HPOS="403"/>
<String CS="1" CONTENT="[1]." HEIGHT="8" WIDTH="6" VPOS="2627" HPOS="499"/>
<SP HEIGHT="39" WIDTH="28" VPOS="2596" HPOS="506"/>
<String CONTENT="333" HEIGHT="38" WIDTH="83" VPOS="2595" HPOS="535"/>
<SP HEIGHT="46" WIDTH="27" VPOS="2595" HPOS="619"/>
<String CONTENT="p." HEIGHT="36" WIDTH="43" VPOS="2605" HPOS="647"/>
<SP HEIGHT="41" WIDTH="55" VPOS="2593" HPOS="691"/>
<String CS="1" CONTENT="22&#189;" HEIGHT="39" WIDTH="55" VPOS="2593" HPOS="747"/>
<String STYLE="superscript" CONTENT="cm" HEIGHT="20" WIDTH="43" VPOS="2597" HPOS="834"/>
<String CONTENT="." HEIGHT="6" WIDTH="6" VPOS="2627" HPOS="885"/>
</TextLine>
<TextLine HEIGHT="51" WIDTH="1978" VPOS="2647" HPOS="223" CS="1">
<String CONTENT="&#169;" HEIGHT="51" WIDTH="50" VPOS="2647" HPOS="223"/>
<SP HEIGHT="51" WIDTH="23" VPOS="2647" HPOS="274"/>
<String CONTENT="Nov." HEIGHT="38" WIDTH="114" VPOS="2652" HPOS="298"/>
<SP HEIGHT="38" WIDTH="28" VPOS="2652" HPOS="413"/>
<String CS="1" CONTENT="16," HEIGHT="38" WIDTH="52" VPOS="2651" HPOS="442"/>
<SP/>
<String CS="1" CONTENT="1934;" HEIGHT="37" WIDTH="105" VPOS="2651" HPOS="539"/>
<SP HEIGHT="39" WIDTH="27" VPOS="2651" HPOS="672"/>
<String CONTENT="2c." HEIGHT="37" WIDTH="62" VPOS="2651" HPOS="700"/>
<SP HEIGHT="36" WIDTH="25" VPOS="2652" HPOS="763"/>
<String CONTENT="Dec." HEIGHT="37" WIDTH="109" VPOS="2652" HPOS="789"/>
<SP HEIGHT="37" WIDTH="24" VPOS="2652" HPOS="899"/>
<String CS="1" CONTENT="10;" HEIGHT="38" WIDTH="53" VPOS="2650" HPOS="924"/>
<SP HEIGHT="29" WIDTH="28" VPOS="2661" HPOS="1005"/>
<String CONTENT="aff." HEIGHT="39" WIDTH="77" VPOS="2650" HPOS="1034"/>
<SP HEIGHT="36" WIDTH="27" VPOS="2652" HPOS="1112"/>
<String CONTENT="Dec." HEIGHT="37" WIDTH="107" VPOS="2652" HPOS="1140"/>
<SP HEIGHT="37" WIDTH="26" VPOS="2652" HPOS="1248"/>
<String CS="1" CONTENT="11;" HEIGHT="37" WIDTH="44" VPOS="2652" HPOS="1275"/>
<SP HEIGHT="39" WIDTH="29" VPOS="2652" HPOS="1355"/>
<!-- cceid C86CBA62-6C64-1014-8713-889FF4349C01 --><String CONTENT="A" HEIGHT="38" WIDTH="34" VPOS="2652" HPOS="1385"/>
<SP HEIGHT="39" WIDTH="26" VPOS="2652" HPOS="1420"/>
<String CS="1" CONTENT="78478;" HEIGHT="40" WIDTH="143" VPOS="2652" HPOS="1447"/>
<SP HEIGHT="39" WIDTH="28" VPOS="2653" HPOS="1616"/>
<String LANG="fr" CONTENT="P." HEIGHT="38" WIDTH="48" VPOS="2653" HPOS="1645"/>
<SP HEIGHT="38" WIDTH="27" VPOS="2653" HPOS="1694"/>
<String CONTENT="J." HEIGHT="39" WIDTH="41" VPOS="2653" HPOS="1722"/>
<SP HEIGHT="39" WIDTH="27" VPOS="2653" HPOS="1764"/>
<String CONTENT="Kenedy" HEIGHT="40" WIDTH="198" VPOS="2653" HPOS="1792"/>
<SP HEIGHT="40" WIDTH="28" VPOS="2653" HPOS="1991"/>
<String CONTENT="&amp;" HEIGHT="39" WIDTH="32" VPOS="2653" HPOS="2020"/>
<SP HEIGHT="39" WIDTH="25" VPOS="2653" HPOS="2053"/>
<String CONTENT="sons." HEIGHT="29" WIDTH="122" VPOS="2662" HPOS="2079"/>
</TextLine>
<TextLine HEIGHT="46" WIDTH="219" VPOS="2708" HPOS="299">
<String CONTENT="(35-243)" HEIGHT="46" WIDTH="219" VPOS="2708" HPOS="299"/>
</TextLine>
<TextLine HEIGHT="63" WIDTH="959" VPOS="2768" HPOS="223" STYLEREFS="StyleId-246AFF26-C688-4BF6-9661-20A9015D2D96-">
<String CONTENT="Montherlant," HEIGHT="62" WIDTH="415" VPOS="2768" HPOS="223"/>
<SP HEIGHT="60" WIDTH="26" VPOS="2770" HPOS="639"/>
<String CONTENT="Henry" HEIGHT="61" WIDTH="203" VPOS="2770" HPOS="666"/>
<SP HEIGHT="62" WIDTH="26" VPOS="2769" HPOS="870"/>
<String LANG="fr" CONTENT="de," HEIGHT="60" WIDTH="86" VPOS="2769" HPOS="897"/>
<SP HEIGHT="54" WIDTH="30" VPOS="2775" HPOS="984"/>
<String CONTENT="1893-" HEIGHT="47" WIDTH="167" VPOS="2774" HPOS="1015"/>
</TextLine>
<TextLine HEIGHT="68" WIDTH="1548" VPOS="2846" HPOS="345" STYLEREFS="StyleId-246AFF26-C688-4BF6-9661-20A9015D2D96-" LANG="fr" CS="1">
<String LANG="en-US" CS="1" CONTENT="&#8230;"/>
<SP HEIGHT="49" WIDTH="30" VPOS="2848" HPOS="345"/>
<String CONTENT="Les" HEIGHT="49" WIDTH="103" VPOS="2848" HPOS="376"/>
<SP HEIGHT="36" WIDTH="26" VPOS="2864" HPOS="480"/>
<String CONTENT="c&#233;libataires," HEIGHT="56" WIDTH="366" VPOS="2846" HPOS="507"/>
<SP HEIGHT="36" WIDTH="25" VPOS="2866" HPOS="874"/>
<String CONTENT="roman." HEIGHT="34" WIDTH="211" VPOS="2863" HPOS="900"/>
<SP HEIGHT="49" WIDTH="61" VPOS="2848" HPOS="1112"/>
<String CONTENT="Paris," HEIGHT="54" WIDTH="180" VPOS="2848" HPOS="1174"/>
<SP HEIGHT="51" WIDTH="27" VPOS="2851" HPOS="1355"/>
<String CONTENT="B." HEIGHT="49" WIDTH="62" VPOS="2851" HPOS="1383"/>
<SP HEIGHT="52" WIDTH="29" VPOS="2849" HPOS="1446"/>
<String CONTENT="Grasset" HEIGHT="52" WIDTH="230" VPOS="2849" HPOS="1476"/>
<SP HEIGHT="61" WIDTH="32" VPOS="2853" HPOS="1707"/>
<String CS="1" CONTENT="[1934]" HEIGHT="63" WIDTH="153" VPOS="2851" HPOS="1740"/>
</TextLine>
<TextLine HEIGHT="48" WIDTH="556" VPOS="2919" HPOS="288" LANG="fr" CS="1">
<String CONTENT="310." HEIGHT="41" WIDTH="96" VPOS="2919" HPOS="288"/>
<SP HEIGHT="27" WIDTH="31" VPOS="2939" HPOS="385"/>
<String CS="1" CONTENT="[2]," HEIGHT="48" WIDTH="55" VPOS="2919" HPOS="430"/>
<SP HEIGHT="29" WIDTH="28" VPOS="2931" HPOS="486"/>
<String CONTENT="xv" HEIGHT="26" WIDTH="61" VPOS="2931" HPOS="515"/>
<SP HEIGHT="35" WIDTH="28" VPOS="2930" HPOS="577"/>
<String CONTENT="p." HEIGHT="35" WIDTH="38" VPOS="2930" HPOS="606"/>
<SP HEIGHT="36" WIDTH="57" VPOS="2920" HPOS="645"/>
<String CONTENT="18" HEIGHT="38" WIDTH="53" VPOS="2919" HPOS="703"/>
<String LANG="en-US" CS="1" CONTENT="&#189;"/>
<String STYLE="superscript" CS="1" CONTENT="cm" HEIGHT="20" WIDTH="15" VPOS="2920" HPOS="789"/>
<String CONTENT="." HEIGHT="5" WIDTH="6" VPOS="2951" HPOS="838"/>
</TextLine>
<TextLine HEIGHT="52" WIDTH="1912" VPOS="2974" HPOS="289" LANG="fr" CS="1">
<String CS="1" CONTENT="&quot;Cet" HEIGHT="36" WIDTH="90" VPOS="2978" HPOS="289"/>
<SP HEIGHT="33" WIDTH="51" VPOS="2980" HPOS="394"/>
<String CONTENT="ouvrage" HEIGHT="33" WIDTH="208" VPOS="2986" HPOS="446"/>
<SP HEIGHT="28" WIDTH="43" VPOS="2986" HPOS="655"/>
<String CONTENT="a." HEIGHT="28" WIDTH="29" VPOS="2986" HPOS="699"/>
<SP HEIGHT="39" WIDTH="40" VPOS="2987" HPOS="729"/>
<String CONTENT="paru" HEIGHT="40" WIDTH="117" VPOS="2986" HPOS="770"/>
<SP HEIGHT="36" WIDTH="43" VPOS="2986" HPOS="888"/>
<String CONTENT="pr&#233;c&#233;demment" HEIGHT="48" WIDTH="372" VPOS="2974" HPOS="932"/>
<SP HEIGHT="37" WIDTH="49" VPOS="2978" HPOS="1305"/>
<String CONTENT="dans" HEIGHT="38" WIDTH="119" VPOS="2978" HPOS="1355"/>
<SP HEIGHT="36" WIDTH="43" VPOS="2979" HPOS="1475"/>
<String CONTENT="la" HEIGHT="38" WIDTH="42" VPOS="2979" HPOS="1519"/>
<SP HEIGHT="29" WIDTH="49" VPOS="2988" HPOS="1562"/>
<String CONTENT="collection" HEIGHT="39" WIDTH="249" VPOS="2978" HPOS="1612"/>
<SP HEIGHT="33" WIDTH="45" VPOS="2983" HPOS="1862"/>
<String CONTENT="&#8216;Pour" HEIGHT="38" WIDTH="139" VPOS="2978" HPOS="1908"/>
<SP HEIGHT="27" WIDTH="43" VPOS="2989" HPOS="2048"/>
<String CONTENT="mon" HEIGHT="27" WIDTH="109" VPOS="2989" HPOS="2092"/>
</TextLine>
<TextLine HEIGHT="46" WIDTH="222" VPOS="3032" HPOS="220" LANG="fr" CS="1">
<String CS="1" CONTENT="plaisir'.''" HEIGHT="46" WIDTH="222" VPOS="3032" HPOS="220"/>
</TextLine>
<TextLine HEIGHT="41" WIDTH="468" VPOS="3087" HPOS="287" CS="1">
<String LANG="en-US" CONTENT="On" HEIGHT="37" WIDTH="69" VPOS="3089" HPOS="287"/>
<SP HEIGHT="27" WIDTH="27" VPOS="3099" HPOS="357"/>
<String LANG="en-US" CS="1" CONTENT="cover:" HEIGHT="28" WIDTH="138" VPOS="3099" HPOS="385"/>
<SP HEIGHT="39" WIDTH="29" VPOS="3088" HPOS="550"/>
<String LANG="fr" CONTENT="38" HEIGHT="40" WIDTH="58" VPOS="3088" HPOS="580"/>
<String STYLE="superscript" LANG="fr" CONTENT="e" HEIGHT="21" WIDTH="17" VPOS="3089" HPOS="639"/>
<SP HEIGHT="39" WIDTH="27" VPOS="3087" HPOS="657"/>
<String LANG="fr" CONTENT="&#233;d." HEIGHT="40" WIDTH="70" VPOS="3087" HPOS="685"/>
</TextLine>
<TextLine HEIGHT="50" WIDTH="1910" VPOS="3145" HPOS="288" LANG="fr" CS="1">
<String CS="1" CONTENT="&#8220;Bibliographie" HEIGHT="47" WIDTH="387" VPOS="3145" HPOS="288"/>
<SP HEIGHT="38" WIDTH="44" VPOS="3145" HPOS="676"/>
<String CONTENT="de" HEIGHT="39" WIDTH="58" VPOS="3145" HPOS="721"/>
<SP HEIGHT="38" WIDTH="41" VPOS="3146" HPOS="780"/>
<String CONTENT="Henry" HEIGHT="45" WIDTH="165" VPOS="3146" HPOS="822"/>
<SP HEIGHT="44" WIDTH="41" VPOS="3147" HPOS="988"/>
<String CONTENT="de" HEIGHT="37" WIDTH="56" VPOS="3147" HPOS="1030"/>
<SP HEIGHT="37" WIDTH="45" VPOS="3147" HPOS="1087"/>
<String CS="1" CONTENT="Montherlant" HEIGHT="41" WIDTH="327" VPOS="3147" HPOS="1133"/>
<SP HEIGHT="46" WIDTH="54" VPOS="3149" HPOS="1461"/>
<String CONTENT="(arr&#234;t&#233;e" HEIGHT="46" WIDTH="211" VPOS="3149" HPOS="1516"/>
<SP HEIGHT="38" WIDTH="44" VPOS="3150" HPOS="1728"/>
<String CONTENT="&#224;" HEIGHT="38" WIDTH="24" VPOS="3150" HPOS="1773"/>
<SP HEIGHT="45" WIDTH="45" VPOS="3149" HPOS="1798"/>
<String CONTENT="juin" HEIGHT="46" WIDTH="106" VPOS="3148" HPOS="1844"/>
<SP HEIGHT="37" WIDTH="44" VPOS="3149" HPOS="1951"/>
<String CONTENT="1934)&#8221;:" HEIGHT="43" WIDTH="202" VPOS="3146" HPOS="1996"/>
</TextLine>
<TextLine HEIGHT="44" WIDTH="334" VPOS="3204" HPOS="220" LANG="fr">
<String CONTENT="xv" HEIGHT="28" WIDTH="58" VPOS="3212" HPOS="220"/>
<SP HEIGHT="35" WIDTH="25" VPOS="3213" HPOS="279"/>
<String CONTENT="p." HEIGHT="35" WIDTH="39" VPOS="3213" HPOS="305"/>
<SP HEIGHT="28" WIDTH="29" VPOS="3212" HPOS="345"/>
<String LANG="en-US" CONTENT="at" HEIGHT="35" WIDTH="50" VPOS="3206" HPOS="375"/>
<SP HEIGHT="35" WIDTH="26" VPOS="3206" HPOS="426"/>
<String CONTENT="end." HEIGHT="36" WIDTH="101" VPOS="3204" HPOS="453"/>
</TextLine>
<TextLine HEIGHT="56" WIDTH="1975" VPOS="3260" HPOS="220" CS="1">
<String LANG="fr" CONTENT="&#169;" HEIGHT="51" WIDTH="48" VPOS="3262" HPOS="220"/>
<SP HEIGHT="51" WIDTH="43" VPOS="3262" HPOS="269"/>
<String LANG="en-US" CONTENT="June" HEIGHT="38" WIDTH="125" VPOS="3267" HPOS="313"/>
<SP HEIGHT="39" WIDTH="39" VPOS="3265" HPOS="439"/>
<String LANG="fr" CONTENT="20." HEIGHT="42" WIDTH="68" VPOS="3265" HPOS="479"/>
<SP HEIGHT="39" WIDTH="41" VPOS="3268" HPOS="548"/>
<String LANG="fr" CS="1" CONTENT="1934;" HEIGHT="39" WIDTH="111" VPOS="3266" HPOS="590"/>
<SP/>
<String LANG="fr" CS="1" CONTENT="1c."/>
<SP HEIGHT="37" WIDTH="45" VPOS="3267" HPOS="839"/>
<String LANG="fr" CONTENT="Nov." HEIGHT="38" WIDTH="114" VPOS="3267" HPOS="885"/>
<SP HEIGHT="38" WIDTH="45" VPOS="3267" HPOS="1000"/>
<String LANG="fr" CS="1" CONTENT="6;" HEIGHT="38" WIDTH="25" VPOS="3267" HPOS="1046"/>
<SP HEIGHT="39" WIDTH="47" VPOS="3268" HPOS="1098"/>
<!-- cceid C86CC1D2-6C64-1014-8713-889FF4349C01 --><String LANG="fr" CONTENT="A-" HEIGHT="38" WIDTH="96" VPOS="3268" HPOS="1146"/>
<String LANG="en-US" CONTENT="Foreign" HEIGHT="44" WIDTH="203" VPOS="3268" HPOS="1247"/>
<SP HEIGHT="38" WIDTH="43" VPOS="3270" HPOS="1451"/>
<String LANG="fr" CONTENT="26023;" HEIGHT="46" WIDTH="168" VPOS="3270" HPOS="1495"/>
<SP HEIGHT="56" WIDTH="48" VPOS="3260" HPOS="1664"/>
<String LANG="fr" CONTENT="&#201;ditions" HEIGHT="50" WIDTH="220" VPOS="3260" HPOS="1713"/>
<SP HEIGHT="37" WIDTH="45" VPOS="3271" HPOS="1934"/>
<String LANG="fr" CONTENT="Bernard" HEIGHT="39" WIDTH="215" VPOS="3269" HPOS="1980"/>
</TextLine>
<TextLine HEIGHT="39" WIDTH="641" VPOS="3322" HPOS="287" LANG="fr" CS="1">
<String CONTENT="Grasset." HEIGHT="37" WIDTH="210" VPOS="3323" HPOS="287"/>
<SP HEIGHT="38" WIDTH="71" VPOS="3322" HPOS="498"/>
<String CS="1" CONTENT="(AC" HEIGHT="38" WIDTH="61" VPOS="3322" HPOS="570"/>
<SP HEIGHT="37" WIDTH="18" VPOS="3322" HPOS="685"/>
<String CONTENT="34-3841)" HEIGHT="39" WIDTH="224" VPOS="3322" HPOS="704"/>
</TextLine>
<TextLine HEIGHT="58" WIDTH="1211" VPOS="3382" HPOS="220" STYLEREFS="StyleId-246AFF26-C688-4BF6-9661-20A9015D2D96-" CS="1">
<String CS="1" CONTENT="National" HEIGHT="53" WIDTH="271" VPOS="3382" HPOS="220"/>
<SP/>
<String CONTENT="industrial" HEIGHT="52" WIDTH="312" VPOS="3384" HPOS="522"/>
<SP HEIGHT="51" WIDTH="27" VPOS="3385" HPOS="835"/>
<String CONTENT="conference" HEIGHT="53" WIDTH="343" VPOS="3384" HPOS="863"/>
<SP HEIGHT="51" WIDTH="26" VPOS="3386" HPOS="1207"/>
<String CS="1" CONTENT="board." HEIGHT="52" WIDTH="158" VPOS="3388" HPOS="1273"/>
</TextLine>
<TextLine HEIGHT="131" WIDTH="1949" VPOS="3459" HPOS="220" STYLEREFS="StyleId-246AFF26-C688-4BF6-9661-20A9015D2D96-" CS="1">
<String LANG="fr" CONTENT="The" HEIGHT="50" WIDTH="117" VPOS="3459" HPOS="285"/>
<SP HEIGHT="45" WIDTH="25" VPOS="3466" HPOS="403"/>
<String LANG="fr" CONTENT="taxation" HEIGHT="50" WIDTH="253" VPOS="3461" HPOS="429"/>
<SP HEIGHT="32" WIDTH="32" VPOS="3479" HPOS="683"/>
<String CONTENT="of" HEIGHT="50" WIDTH="61" VPOS="3461" HPOS="716"/>
<SP HEIGHT="49" WIDTH="28" VPOS="3461" HPOS="778"/>
<String CONTENT="banks." HEIGHT="50" WIDTH="191" VPOS="3461" HPOS="807"/>
<SP HEIGHT="50" WIDTH="65" VPOS="3462" HPOS="999"/>
<String CONTENT="New" HEIGHT="50" WIDTH="133" VPOS="3462" HPOS="1065"/>
<SP HEIGHT="49" WIDTH="30" VPOS="3464" HPOS="1199"/>
<String CONTENT="York," HEIGHT="56" WIDTH="176" VPOS="3464" HPOS="1230"/>
<SP HEIGHT="54" WIDTH="29" VPOS="3466" HPOS="1407"/>
<String CONTENT="National" HEIGHT="50" WIDTH="266" VPOS="3466" HPOS="1437"/>
<SP HEIGHT="50" WIDTH="32" VPOS="3466" HPOS="1704"/>
<String CONTENT="industrial" HEIGHT="52" WIDTH="300" VPOS="3464" HPOS="1737"/>
<SP HEIGHT="50" WIDTH="32" VPOS="3464" HPOS="2038"/>
<String CONTENT="conference" HEIGHT="107" WIDTH="1949" VPOS="3480" HPOS="220"/>
<SP HEIGHT="50" WIDTH="27" VPOS="3537" HPOS="434"/>
<String CONTENT="board," HEIGHT="53" WIDTH="192" VPOS="3537" HPOS="462"/>
<SP HEIGHT="52" WIDTH="29" VPOS="3538" HPOS="655"/>
<String CS="1" CONTENT="inc.," HEIGHT="50" WIDTH="85" VPOS="3538" HPOS="685"/>
<SP HEIGHT="45" WIDTH="31" VPOS="3543" HPOS="806"/>
<String CONTENT="1934." HEIGHT="48" WIDTH="145" VPOS="3541" HPOS="838"/>
</TextLine>
<TextLine HEIGHT="45" WIDTH="725" VPOS="3610" HPOS="284">
<String CONTENT="x." HEIGHT="26" WIDTH="41" VPOS="3621" HPOS="284"/>
<SP HEIGHT="37" WIDTH="29" VPOS="3610" HPOS="326"/>
<String CONTENT="148" HEIGHT="37" WIDTH="81" VPOS="3610" HPOS="356"/>
<SP HEIGHT="45" WIDTH="28" VPOS="3610" HPOS="438"/>
<String CONTENT="p." HEIGHT="35" WIDTH="39" VPOS="3620" HPOS="467"/>
<SP HEIGHT="36" WIDTH="29" VPOS="3611" HPOS="507"/>
<String CONTENT="incl." HEIGHT="37" WIDTH="106" VPOS="3611" HPOS="537"/>
<SP HEIGHT="36" WIDTH="29" VPOS="3612" HPOS="644"/>
<String CONTENT="tables." HEIGHT="37" WIDTH="164" VPOS="3611" HPOS="674"/>
<SP HEIGHT="36" WIDTH="58" VPOS="3611" HPOS="839"/>
<String CONTENT="23" HEIGHT="37" WIDTH="52" VPOS="3611" HPOS="898"/>
<String STYLE="superscript" CONTENT="cm" HEIGHT="20" WIDTH="41" VPOS="3613" HPOS="956"/>
<String CONTENT="." HEIGHT="6" WIDTH="6" VPOS="3642" HPOS="1003"/>
</TextLine>
<TextLine HEIGHT="45" WIDTH="1909" VPOS="3667" HPOS="288">
<String CONTENT="&#8220;This" HEIGHT="36" WIDTH="141" VPOS="3667" HPOS="288"/>
<SP HEIGHT="23" WIDTH="34" VPOS="3678" HPOS="430"/>
<String CONTENT="study" HEIGHT="45" WIDTH="142" VPOS="3667" HPOS="465"/>
<SP HEIGHT="35" WIDTH="35" VPOS="3677" HPOS="608"/>
<String CONTENT="shows" HEIGHT="36" WIDTH="156" VPOS="3667" HPOS="644"/>
<SP HEIGHT="35" WIDTH="36" VPOS="3670" HPOS="801"/>
<String CONTENT="three" HEIGHT="37" WIDTH="132" VPOS="3668" HPOS="838"/>
<SP HEIGHT="27" WIDTH="35" VPOS="3678" HPOS="971"/>
<String CONTENT="major" HEIGHT="44" WIDTH="156" VPOS="3668" HPOS="1007"/>
<SP HEIGHT="36" WIDTH="34" VPOS="3671" HPOS="1164"/>
<String CONTENT="trends" HEIGHT="36" WIDTH="164" VPOS="3671" HPOS="1199"/>
<SP HEIGHT="38" WIDTH="33" VPOS="3669" HPOS="1364"/>
<String CONTENT="in" HEIGHT="39" WIDTH="47" VPOS="3669" HPOS="1398"/>
<SP HEIGHT="37" WIDTH="33" VPOS="3671" HPOS="1446"/>
<String CONTENT="hank" HEIGHT="38" WIDTH="127" VPOS="3671" HPOS="1480"/>
<SP HEIGHT="39" WIDTH="36" VPOS="3671" HPOS="1608"/>
<String CONTENT="taxation" HEIGHT="39" WIDTH="220" VPOS="3671" HPOS="1645"/>
<SP HEIGHT="38" WIDTH="40" VPOS="3670" HPOS="1866"/>
<String CONTENT="during" HEIGHT="43" WIDTH="172" VPOS="3669" HPOS="1907"/>
<SP HEIGHT="38" WIDTH="36" VPOS="3674" HPOS="2080"/>
<String CONTENT="the" HEIGHT="38" WIDTH="80" VPOS="3671" HPOS="2117"/>
</TextLine>
<TextLine HEIGHT="48" WIDTH="631" VPOS="3721" HPOS="377" CS="1">
<String CS="1" CONTENT="period"/>
<SP HEIGHT="36" WIDTH="37" VPOS="3724" HPOS="377"/>
<String CONTENT="1921" HEIGHT="37" WIDTH="95" VPOS="3722" HPOS="415"/>
<SP HEIGHT="36" WIDTH="38" VPOS="3724" HPOS="511"/>
<String CS="1" CONTENT="to"/>
<SP HEIGHT="36" WIDTH="27" VPOS="3724" HPOS="595"/>
<String CONTENT="1934.''&#8212;p." HEIGHT="48" WIDTH="258" VPOS="3721" HPOS="623"/>
<SP HEIGHT="36" WIDTH="31" VPOS="3724" HPOS="882"/>
<String CONTENT="133." HEIGHT="37" WIDTH="94" VPOS="3724" HPOS="914"/>
</TextLine>
<TextLine HEIGHT="50" WIDTH="1718" VPOS="3779" HPOS="286">
<String CONTENT="&#8220;Sources" HEIGHT="36" WIDTH="228" VPOS="3780" HPOS="286"/>
<SP HEIGHT="24" WIDTH="29" VPOS="3791" HPOS="515"/>
<String CONTENT="and" HEIGHT="36" WIDTH="91" VPOS="3780" HPOS="545"/>
<SP HEIGHT="36" WIDTH="33" VPOS="3780" HPOS="637"/>
<String CONTENT="methods&quot;:" HEIGHT="38" WIDTH="270" VPOS="3779" HPOS="671"/>
<SP HEIGHT="35" WIDTH="31" VPOS="3791" HPOS="942"/>
<String CONTENT="p." HEIGHT="35" WIDTH="38" VPOS="3791" HPOS="974"/>
<SP HEIGHT="36" WIDTH="31" VPOS="3781" HPOS="1013"/>
<String CONTENT="147-148;" HEIGHT="40" WIDTH="223" VPOS="3781" HPOS="1045"/>
<SP HEIGHT="39" WIDTH="31" VPOS="3782" HPOS="1269"/>
<String CONTENT="bibliographical" HEIGHT="48" WIDTH="395" VPOS="3781" HPOS="1301"/>
<SP HEIGHT="37" WIDTH="36" VPOS="3784" HPOS="1697"/>
<String CONTENT="foot-notes." HEIGHT="38" WIDTH="270" VPOS="3784" HPOS="1734"/>
</TextLine>
<TextLine HEIGHT="51" WIDTH="1972" VPOS="3830" HPOS="220" CS="1">
<String CONTENT="&#169;" HEIGHT="51" WIDTH="46" VPOS="3830" HPOS="220"/>
<SP HEIGHT="51" WIDTH="36" VPOS="3830" HPOS="267"/>
<String CS="1" CONTENT="Oct." HEIGHT="6" WIDTH="4" VPOS="3866" HPOS="397"/>
<SP HEIGHT="37" WIDTH="37" VPOS="3835" HPOS="402"/>
<String CS="1" CONTENT="23," HEIGHT="37" WIDTH="52" VPOS="3834" HPOS="440"/>
<SP HEIGHT="39" WIDTH="37" VPOS="3836" HPOS="507"/>
<String CS="1" CONTENT="1934;" HEIGHT="37" WIDTH="81" VPOS="3835" HPOS="545"/>
<SP HEIGHT="40" WIDTH="39" VPOS="3834" HPOS="682"/>
<String CONTENT="2c." HEIGHT="38" WIDTH="62" VPOS="3834" HPOS="722"/>
<SP HEIGHT="37" WIDTH="38" VPOS="3835" HPOS="785"/>
<String CONTENT="Nov." HEIGHT="39" WIDTH="114" VPOS="3835" HPOS="824"/>
<SP HEIGHT="37" WIDTH="38" VPOS="3837" HPOS="939"/>
<String CS="1" CONTENT="15;" HEIGHT="35" WIDTH="52" VPOS="3837" HPOS="978"/>
<SP HEIGHT="28" WIDTH="41" VPOS="3847" HPOS="1057"/>
<String CONTENT="aff." HEIGHT="38" WIDTH="76" VPOS="3837" HPOS="1099"/>
<SP HEIGHT="37" WIDTH="37" VPOS="3837" HPOS="1176"/>
<String CONTENT="Dec." HEIGHT="38" WIDTH="106" VPOS="3837" HPOS="1214"/>
<SP HEIGHT="37" WIDTH="38" VPOS="3838" HPOS="1321"/>
<String CS="1" CONTENT="21;" HEIGHT="37" WIDTH="46" VPOS="3838" HPOS="1360"/>
<SP HEIGHT="38" WIDTH="42" VPOS="3840" HPOS="1440"/>
<!-- cceid C86CC93B-6C64-1014-8713-889FF4349C01 --><String CONTENT="A" HEIGHT="36" WIDTH="36" VPOS="3840" HPOS="1483"/>
<SP HEIGHT="39" WIDTH="38" VPOS="3840" HPOS="1520"/>
<String CS="1" CONTENT="77799;" HEIGHT="40" WIDTH="140" VPOS="3839" HPOS="1559"/>
<SP HEIGHT="39" WIDTH="40" VPOS="3841" HPOS="1726"/>
<String CONTENT="Natl" HEIGHT="37" WIDTH="109" VPOS="3841" HPOS="1767"/>
<SP HEIGHT="37" WIDTH="56" VPOS="3840" HPOS="1877"/>
<String CONTENT="industrial" HEIGHT="41" WIDTH="258" VPOS="3836" HPOS="1934"/>
</TextLine>
<TextLine HEIGHT="47" WIDTH="948" VPOS="3892" HPOS="282" CS="1">
<String CONTENT="conference" HEIGHT="37" WIDTH="279" VPOS="3892" HPOS="282"/>
<SP HEIGHT="37" WIDTH="34" VPOS="3892" HPOS="562"/>
<String CS="1" CONTENT="board," HEIGHT="38" WIDTH="129" VPOS="3893" HPOS="628"/>
<SP HEIGHT="39" WIDTH="38" VPOS="3892" HPOS="758"/>
<String CONTENT="inc." HEIGHT="37" WIDTH="85" VPOS="3892" HPOS="797"/>
<SP HEIGHT="46" WIDTH="71" VPOS="3893" HPOS="883"/>
<String CONTENT="(35-27041)" HEIGHT="47" WIDTH="275" VPOS="3892" HPOS="955"/>
</TextLine>
</TextBlock>
</PrintSpace>
</Page>
</Layout>
</alto>