2350 4296
1064 3991 133 54 1537

161 359 198 66 Adler,
389 359 198 66 Jacob,
621 359 172 54 1877-

2021 509 66 18 ...
1631 467 360 78 וויינענדיקע
1345 449 240 98 פלייטן.
939 449 330 98 לייקרואוד,
849 471 46 58 נ.
657 469 160 66 חיש.,
359 449 264 82 פארלאג
153 471 170 68 "איכ־

1945 527 166 82 אַ לייז."
177 645 335 69 [Lakewoocl,
539 647 69 53 N.
634 647 74 67 J.,
738 650 150 63 1933]

226 717 98 49 190,
357 719 53 48 [2]
443 729 42 37 p.
547 719 55 40 23½
635 721 43 21 cm
685 751 7 7 .

227 787 229 42 Author’s
486 799 141 30 name

0 0 0 0 אַדלעד
0 0 0 0 .י
836 791 31 36 C
897 792 51 36 at
979 790 123 38 head
1135 788 48 39 of
1216 787 120 40 title.

228 843 1711 51 On verso of t.-p.: Weeping flutes, by J. Adler (B. Kovner) …
223 901 128 42 Title
392 903 419 46 (transliterated):
881 902 314 41 Weinendike
1230 902 149 39 fleitn.

161 956 1993 51 © Nov. 2, 1934: 2c. and all. Nov. 8; A 77163: J. Adler. Lakewood, N. J.
237 1016 278 48 (34-33571)

160 1106 336 66 [American
529 1107 367 64 sociological
928 1107 243 63 society]

223 1179 1929 70 Race and culture contacts; E. B. Reuter, editor … 1st ed.
152 1257 140 55 New
338 1260 165 53 York
545 1261 114 52 and
704 1260 259 68 London,
1009 1258 431 56 McGraw-Hill
1486 1258 148 53 book
1681 1276 298 50 company,
2028 1256 126 67 inc.,

155 1340 149 51 1934.

225 1410 99 48 viii,
355 1410 84 41 253
472 1421 42 37 p.
579 1410 56 41 23
640 1414 14 20 cm
687 1444 9 8 .

227 1467 182 48 Papers
451 1468 205 40 selected
701 1469 126 40 from
870 1471 79 39 the
992 1467 311 49 proceedings
1345 1467 50 40 of
1435 1469 81 38 the
1561 1465 370 48 twenty-eighth
1976 1465 177 41 annual

156 1525 212 48 meeting
408 1526 53 39 of
501 1526 81 40 the
625 1526 258 40 American
926 1524 304 48 sociological
1276 1524 195 46 society,
1517 1525 53 39 at
1612 1523 81 41 the
1740 1526 194 45 request
1979 1524 50 39 of
2074 1524 83 39 the

156 1580 265 42 Executive
449 1584 287 39 committee,
797 1583 59 47 cf.
889 1582 129 41 Pref.

158 1636 50 52 ©
237 1641 101 41 Oct.
363 1642 68 46 31,
457 1640 113 41 1934:
624 1641 67 40 2c·.
718 1641 117 40 Nov.
861 1641 52 41 2:
943 1641 80 41 aff.
1050 1642 118 38 Nov.
1194 1641 51 46 8;
1276 1641 40 37 A
1341 1639 170 47 77142;
1543 1639 351 40 McGraw-Hill
1922 1641 122 38 book
2071 1648 82 38 co.,

224 1698 88 40 inc.
385 1697 279 49 (34-38503)

151 1787 308 67 Andrews,
490 1789 291 54 Matthew
812 1791 176 64 Page,
1023 1790 168 54 1879-

227 1865 139 55 Soul
406 1867 62 52 of
506 1867 332 68 Maryland,
881 1872 250 63 pageant
1171 1867 61 51 of
1274 1868 96 51 the
1412 1866 306 67 founding,
1759 1867 74 66 by
1874 1866 276 52 Matthew

153 1943 1996 69 Page Andrews … with adaptations to the field by Percy
151 2022 210 55 Jewett
406 2023 247 68 Burrell,
700 2030 250 61 pageant
993 2024 263 67 director,
1300 2023 164 54 Alice
1507 2023 200 67 Kraft,
1753 2023 271 53 associate
153 2023 1974 145 director;

403 2103 300 66 presented
739 2102 74 67 by
849 2102 96 52 the
981 2102 201 67 people
1219 2102 63 53 of
1318 2102 329 66 Maryland,
1687 2102 316 53 Baltimore
152 2107 1975 139 stadium,
359 2179 334 67 Baltimore,
725 2180 246 55 October

1002 2185 28 47 5
1062 2180 109 52 and
1201 2184 47 63 6,
1281 2183 135 49 1934
1446 2186 57 46 at
1534 2183 147 50 8:20
1711 2199 53 49 p.
1795 2199 72 33 m.
150 2180 1974 145 [Baltimore,
349 2260 274 65 Waverly
652 2277 174 48 press,
856 2259 126 66 inc.,
1012 2266 16 21 c
1034 2262 149 62 1934]

220 2331 84 41 112
333 2343 43 38 p.
435 2332 54 41 23
493 2334 44 21 cm
542 2362 7 7 .

223 2390 261 48 “Program
524 2390 50 39 of
613 2389 81 40 the
733 2388 456 48 sesqui-centennial
1230 2390 50 39 of
1322 2389 307 47 Methodism,
1670 2388 284 49 Baltimore,

150 2391 1987 96 Maryland”:
355 2457 44 38 p.
433 2446 55 50 [3]
521 2447 51 40 of
603 2456 153 30 cover.

154 2501 51 51 ©
238 2505 99 40 Oct.
369 2506 38 40 3.
437 2503 115 41 1934:
611 2502 65 41 2c.
710 2503 101 40 Oct.
841 2502 25 39 9;
927 2503 81 41 aff.
1039 2504 117 38 Nov.
1186 2504 25 37 2:
1270 2504 44 38 A
1340 2504 143 39 77073;
1546 2505 59 37 M.
1638 2505 49 37 P.

1718 2504 249 47 Andrews,
220 2503 1911 98 Baltimore.
437 2559 278 50 (34-38339)

149 2652 264 54 Arabian
445 2653 226 64 nights.

219 2731 120 52 The
371 2731 148 52 book
552 2729 64 52 of
649 2731 96 50 the
779 2730 284 52 thousand
1099 2731 194 67 nights
1329 2732 112 51 and
1477 2751 31 33 a
1541 2731 195 67 night;
1775 2749 30 33 a
1840 2730 160 67 plain
2036 2732 110 51 and

144 2808 191 54 literal
365 2808 345 53 translation
743 2807 63 52 of
837 2809 96 52 the
966 2808 257 53 Arabian
1253 2808 195 68 nights
1485 2809 466 52 entertainments
1984 2811 166 52 made

148 2889 112 52 and
302 2888 308 52 annotated
650 2887 75 63 by
766 2887 255 53 Richard
1062 2888 64 51 F.
1171 2889 251 64 Burton;
1468 2888 299 53 decorated
1809 2886 139 53 with
145 2888 1978 130 illustrations
415 2966 76 67 by
517 2964 233 53 Valenti
780 2965 238 66 Angelo.
1096 2965 136 51 New
1263 2967 179 63 York,
1472 2967 121 51 The
1624 2964 250 53 Limited
1905 2966 243 51 editions

146 3043 143 58 club,
319 3047 148 50 1934.

217 3116 27 40 6
273 3128 42 29 v.
376 3115 128 40 illus.
564 3115 56 39 24
624 3117 43 21 cm
673 3147 7 8 .

217 3173 161 47 Paged
410 3172 354 47 continuously.

223 3230 222 40 “Fifteen
481 3230 219 39 hundred
738 3229 160 47 copies
936 3238 82 29 are
1057 3230 139 38 made
1232 3229 79 39 for
1346 3231 81 37 the
1463 3231 238 39 members
1736 3231 51 38 of
1822 3231 81 38 the
1939 3230 207 41 Limited

146 3287 209 41 editions
387 3287 150 40 club.”
599 3287 119 39 This
748 3296 117 37 copy
898 3287 84 38 not
1012 3286 262 41 numbered
1306 3287 93 39 and
1433 3287 167 47 signed
1634 3288 59 46 by
1726 3287 194 39 Valenti
1952 3288 196 48 Angelo.

219 3343 236 41 “General
482 3344 157 40 editor
665 3344 50 38 of
740 3344 82 38 the
848 3345 117 38 text.
993 3342 155 40 Emile
1173 3344 104 38 Van
1303 3343 172 40 Vliet.”

152 3399 55 50 ©
238 3402 101 40 Oct.
371 3402 68 45 25,
473 3402 139 40 1934.
648 3400 65 41 2c.
745 3401 120 39 each
899 3401 95 38 and
1028 3400 81 39 aff.
1143 3400 117 40 Nov.
1294 3401 81 46 15;
1413 3402 41 37 A
1487 3400 168 47 77243;
1692 3401 208 40 Limited
1938 3402 209 40 editions

219 3460 121 46 club,
390 3459 90 39 inc.
545 3458 283 48 [Copyright
874 3458 42 39 is
965 3457 204 39 claimed
1218 3467 60 29 on
1325 3458 321 47 decorations,
1696 3458 342 48 illustrations,
2087 3461 61 45 by

220 3516 192 40 Valenti
437 3516 181 46 Angelo:
676 3517 110 37 note
811 3525 60 29 on
897 3515 81 39 the
1006 3516 104 37 text
1138 3515 59 46 by
1225 3514 155 40 Emile
1406 3515 106 39 Van
1540 3515 144 48 Vliet]

229 3572 278 48 (34-38570)

150 3661 222 67 Barrie,
403 3663 100 54 Sir
530 3664 206 53 James
762 3661 308 64 Matthew,
1141 3667 122 61 bart.,
1298 3664 170 50 1860-

276 3738 1870 73 … Dear Brutus [by] J. M. Barrie. New York, Chicago
150 3824 135 62 [etc.]
322 3817 60 55 C.
418 3816 311 58 Scribner’s
760 3836 127 34 sons
963 3820 150 63 [c1934]

215 3893 94 46 xvi,
341 3892 86 40 140
454 3903 41 36 p.
557 3890 55 40 16½c
662 3893 26 20 m
695 3923 7 7 .
776 3890 223 48 (Modern
1029 3890 232 38 standard
1297 3890 224 46 authors)
