<alto xmlns="http://www.loc.gov/standards/alto/ns-v3#" xmlns:xsi="http://www.w3.org/2001/XMLSchema-instance" xsi:schemaLocation="http://www.loc.gov/standards/alto/ns-v3# http://www.loc.gov/alto/v3/alto-3-0.xsd"><Description>
<MeasurementUnit>pixel</MeasurementUnit>
<sourceImageInformation>
<fileName>1934_v1_Part1.pdf</fileName>
</sourceImageInformation>
<OCRProcessing ID="IdOcr">
<ocrProcessingStep>
<processingDateTime>2019-01-10</processingDateTime>
<processingSoftware>
<softwareCreator>ABBYY</softwareCreator>
<softwareName>ABBYY Recognition Server</softwareName>
<softwareVersion>4.0</softwareVersion>
</processingSoftware>
</ocrProcessingStep>
</OCRProcessing>
</Description>
<Styles>
<ParagraphStyle ALIGN="Left" FIRSTLINE="0." ID="StyleId-FFFFFFFF-FFFF-FFFF-FFFF-FFFFFFFFFFFF-" LEFT="0." RIGHT="0." />
<ParagraphStyle ALIGN="Right" FIRSTLINE="0." ID="StyleId-521E1FC6-FE7E-43A4-90E6-A9B61626A263-" LEFT="0." LINESPACE="13.30000019" RIGHT="0." />
<ParagraphStyle ALIGN="Left" FIRSTLINE="-27." ID="StyleId-639B624E-F6F5-47B6-BB1D-34E64B53022F-" LEFT="0." LINESPACE="13.43999958" RIGHT="0." />
<ParagraphStyle ALIGN="Left" FIRSTLINE="0." ID="StyleId-100905F9-D385-406B-A5BD-ED5B8FD85431-" LEFT="0." RIGHT="0." />
<ParagraphStyle ALIGN="Left" FIRSTLINE="-27." ID="StyleId-7C9F9BA2-EF3A-4B7F-8486-CCC7B7F49B39-" LEFT="0." LINESPACE="18.71999931" RIGHT="0." />
<ParagraphStyle ALIGN="Block" FIRSTLINE="-27." ID="StyleId-350780E3-60F2-4605-88F5-BB54F9B87091-" LEFT="0." LINESPACE="18.71999931" RIGHT="0." />
<ParagraphStyle ALIGN="Left" FIRSTLINE="0." ID="StyleId-90B16C58-D795-4C77-9B89-30378C515D40-" LEFT="0." LINESPACE="14.39999962" RIGHT="0." />
<ParagraphStyle ALIGN="Right" FIRSTLINE="-27." ID="StyleId-17090E09-AFAF-4086-BD9B-4E99FAE6B057-" LEFT="0." LINESPACE="14.39999962" RIGHT="0." />
<ParagraphStyle ALIGN="Left" FIRSTLINE="-27." ID="StyleId-8B87B633-89DB-4D72-B1FC-26E4ABD680BC-" LEFT="0." LINESPACE="18.47999954" RIGHT="0." />
<ParagraphStyle ALIGN="Left" FIRSTLINE="0." ID="StyleId-42DA7417-CA90-4D71-A57B-06556C38D752-" LEFT="0." LINESPACE="13.30000019" RIGHT="0." />
<ParagraphStyle ALIGN="Block" FIRSTLINE="0." ID="StyleId-D8EE2A7E-42AE-4E35-98DB-F0F935637AA0-" LEFT="0." LINESPACE="6.599999905" RIGHT="0." />
<ParagraphStyle ALIGN="Left" FIRSTLINE="0." ID="StyleId-33CD3121-D4F5-43B6-BA96-6382D166E6B8-" LEFT="0." LINESPACE="15.5" RIGHT="0." />
<ParagraphStyle ALIGN="Block" FIRSTLINE="-21." ID="StyleId-1CE52AFA-C319-4DD9-B4B1-F0EBFA2B3F0B-" LEFT="0." LINESPACE="18.71999931" RIGHT="0." />
<ParagraphStyle ALIGN="Left" FIRSTLINE="0." ID="StyleId-B74F1B65-92F1-49C5-A5FA-D20442F031F2-" LEFT="0." LINESPACE="17.70006076" RIGHT="0." />
<ParagraphStyle ALIGN="Center" FIRSTLINE="0." ID="StyleId-79E2924A-215C-40B7-B577-7236BFBAA25E-" LEFT="0." LINESPACE="7.199999809" RIGHT="0." />
</Styles>
<Layout>
<Page HEIGHT="4196" ID="Page498" PHYSICAL_IMG_NR="498" WIDTH="2350">
<TopMargin HEIGHT="369" HPOS="0" VPOS="0" WIDTH="2350">
</TopMargin>
<LeftMargin HEIGHT="3629" HPOS="0" VPOS="369" WIDTH="188">
</LeftMargin>
<RightMargin HEIGHT="3629" HPOS="2250" VPOS="369" WIDTH="100">
</RightMargin>
<BottomMargin HEIGHT="198" HPOS="0" VPOS="3998" WIDTH="2350">
<TextBlock HEIGHT="62" HPOS="1160" ID="Page498_Block1" LANG="en-US" STYLEREFS="StyleId-5751EA13-9EAE-42ED-BB69-0B2897A52521-" VPOS="3999" WIDTH="111">
<Shape>
<Polygon POINTS="1173,3999 1271,3999 1271,4060 1177,4060 1177,4061 1160,4061 1160,4000 1173,4000 1173,3999" />
</Shape>
<TextLine HEIGHT="50" HPOS="1166" VPOS="4005" WIDTH="99">
<String CONTENT="498" HEIGHT="50" HPOS="1166" VPOS="4005" WIDTH="99" />
</TextLine>
</TextBlock>
</BottomMargin>
<PrintSpace HEIGHT="3629" HPOS="188" VPOS="369" WIDTH="2062">
<TextBlock CS="1" HEIGHT="3629" HPOS="188" ID="Page498_Block2" LANG="en-US" STYLEREFS="StyleId-432A0395-A64A-4A47-9155-B0E5B81417EF-" VPOS="369" WIDTH="2062">
<Shape>
<Polygon POINTS="2181,369 2242,369 2242,370 2243,370 2243,836 2244,836 2244,1340 2245,1340 2245,1844 2246,1844 2246,2348 2247,2348 2247,2852 2248,2852 2248,3356 2249,3356 2249,3860 2250,3860 2250,3937 2185,3937 2185,3938 1681,3938 1681,3939 1177,3939 1177,3940 1067,3940 1067,3997 673,3997 673,3998 195,3998 195,3864 194,3864 194,3360 193,3360 193,2856 192,2856 192,2352 191,2352 191,1848 190,1848 190,1344 189,1344 189,840 188,840 188,373 669,373 669,372 1173,372 1173,371 1677,371 1677,370 2181,370 2181,369" />
</Shape>
<TextLine HEIGHT="66" HPOS="195" STYLEREFS="StyleId-95C37738-788E-4C6A-B633-5062CE2D0533-" VPOS="378" WIDTH="922">
<String CONTENT="Casey," HEIGHT="61" HPOS="195" VPOS="383" WIDTH="204" />
<SP HEIGHT="63" HPOS="400" VPOS="381" WIDTH="29" />
<String CONTENT="Robert" HEIGHT="51" HPOS="430" VPOS="381" WIDTH="220" />
<SP HEIGHT="52" HPOS="651" VPOS="380" WIDTH="26" />
<String CONTENT="Joseph," HEIGHT="63" HPOS="678" VPOS="378" WIDTH="236" />
<SP HEIGHT="60" HPOS="915" VPOS="381" WIDTH="32" />
<String CONTENT="1890-" HEIGHT="50" HPOS="948" VPOS="380" WIDTH="169" />
</TextLine>
<TextLine HEIGHT="77" HPOS="268" STYLEREFS="StyleId-EFEEBAC4-2E46-4B22-9047-39D09B823B21-" VPOS="447" WIDTH="1914">
<String CONTENT="The" HEIGHT="52" HPOS="268" VPOS="458" WIDTH="119" />
<SP HEIGHT="47" HPOS="388" VPOS="463" WIDTH="47" />
<String CONTENT="third" HEIGHT="52" HPOS="436" VPOS="457" WIDTH="159" />
<SP HEIGHT="51" HPOS="596" VPOS="457" WIDTH="49" />
<String CONTENT="owl," HEIGHT="67" HPOS="646" VPOS="456" WIDTH="124" />
<SP HEIGHT="68" HPOS="771" VPOS="454" WIDTH="47" />
<String CONTENT="by" HEIGHT="69" HPOS="819" VPOS="454" WIDTH="75" />
<SP HEIGHT="68" HPOS="895" VPOS="455" WIDTH="46" />
<String CONTENT="Robert" HEIGHT="52" HPOS="942" VPOS="455" WIDTH="213" />
<SP HEIGHT="54" HPOS="1156" VPOS="454" WIDTH="47" />
<String CONTENT="J." HEIGHT="53" HPOS="1204" VPOS="454" WIDTH="56" />
<SP HEIGHT="54" HPOS="1261" VPOS="453" WIDTH="50" />
<String CONTENT="Casey." HEIGHT="66" HPOS="1312" VPOS="453" WIDTH="197" />
<SP HEIGHT="53" HPOS="1510" VPOS="450" WIDTH="86" />
<String CONTENT="Indianapolis," HEIGHT="69" HPOS="1597" VPOS="448" WIDTH="414" />
<SP HEIGHT="66" HPOS="2012" VPOS="448" WIDTH="49" />
<String CONTENT="The" HEIGHT="52" HPOS="2062" VPOS="447" WIDTH="120" />
</TextLine>
<TextLine HEIGHT="71" HPOS="198" STYLEREFS="StyleId-EFEEBAC4-2E46-4B22-9047-39D09B823B21-" VPOS="530" WIDTH="978">
<String CONTENT="Bobbs-Merrill" HEIGHT="56" HPOS="198" VPOS="532" WIDTH="439" />
<SP HEIGHT="51" HPOS="638" VPOS="535" WIDTH="33" />
<String CONTENT="company" HEIGHT="49" HPOS="672" VPOS="551" WIDTH="277" />
<SP HEIGHT="47" HPOS="950" VPOS="552" WIDTH="36" />
<String CONTENT="[" HEIGHT="33" HPOS="987" STYLE="subscript" VPOS="566" WIDTH="12" />
<String CONTENT="c" HEIGHT="22" HPOS="1004" STYLE="superscript" VPOS="539" WIDTH="17" />
<String CONTENT="1934" HEIGHT="50" HPOS="1027" VPOS="535" WIDTH="133" />
<String CONTENT="]" HEIGHT="36" HPOS="1166" STYLE="subscript" VPOS="563" WIDTH="10" />
</TextLine>
<TextLine CS="1" HEIGHT="53" HPOS="265" VPOS="604" WIDTH="619">
<String CONTENT="4" HEIGHT="39" HPOS="265" VPOS="609" WIDTH="29" />
<SP HEIGHT="48" HPOS="295" VPOS="609" WIDTH="23" />
<String CONTENT="p." HEIGHT="37" HPOS="319" VPOS="620" WIDTH="43" />
<SP />
<String CONTENT="l.," CS="1" HEIGHT="15" HPOS="426" VPOS="639" WIDTH="10" />
<SP HEIGHT="45" HPOS="437" VPOS="609" WIDTH="27" />
<String CONTENT="11-312" HEIGHT="41" HPOS="465" VPOS="605" WIDTH="171" />
<SP HEIGHT="49" HPOS="637" VPOS="606" WIDTH="27" />
<String CONTENT="p." HEIGHT="38" HPOS="665" VPOS="617" WIDTH="44" />
<SP HEIGHT="41" HPOS="710" VPOS="606" WIDTH="58" />
<String CONTENT="20" HEIGHT="39" HPOS="769" VPOS="606" WIDTH="55" />
<String CONTENT="cm" HEIGHT="21" HPOS="828" STYLE="superscript" VPOS="608" WIDTH="44" />
<String CONTENT="." HEIGHT="4" HPOS="878" VPOS="638" WIDTH="6" />
</TextLine>
<TextLine HEIGHT="43" HPOS="269" VPOS="662" WIDTH="419">
<String CONTENT="&#8220;First" HEIGHT="40" HPOS="269" VPOS="665" WIDTH="160" />
<SP HEIGHT="37" HPOS="430" VPOS="668" WIDTH="32" />
<String CONTENT="edition.&#8221;" HEIGHT="43" HPOS="463" VPOS="662" WIDTH="225" />
</TextLine>
<TextLine CS="1" HEIGHT="56" HPOS="205" VPOS="729" WIDTH="1838">
<String CONTENT="&#169;" HEIGHT="52" HPOS="205" VPOS="733" WIDTH="50" />
<SP HEIGHT="52" HPOS="256" VPOS="733" WIDTH="30" />
<String CONTENT="Apr." HEIGHT="47" HPOS="287" VPOS="738" WIDTH="111" />
<SP HEIGHT="38" HPOS="399" VPOS="737" WIDTH="29" />
<String CONTENT="25," HEIGHT="45" HPOS="429" VPOS="737" WIDTH="69" />
<SP HEIGHT="45" HPOS="499" VPOS="737" WIDTH="31" />
<String CONTENT="1934;" HEIGHT="41" HPOS="531" VPOS="734" WIDTH="139" />
<SP HEIGHT="39" HPOS="671" VPOS="735" WIDTH="32" />
<String CONTENT="2c." HEIGHT="39" HPOS="704" VPOS="735" WIDTH="66" />
<SP HEIGHT="39" HPOS="771" VPOS="735" WIDTH="30" />
<String CONTENT="Apr." HEIGHT="47" HPOS="802" VPOS="735" WIDTH="111" />
<SP HEIGHT="40" HPOS="914" VPOS="734" WIDTH="32" />
<String CONTENT="28;" HEIGHT="46" HPOS="947" VPOS="733" WIDTH="80" />
<SP HEIGHT="36" HPOS="1028" VPOS="743" WIDTH="34" />
<String CONTENT="aff." HEIGHT="40" HPOS="1063" VPOS="733" WIDTH="80" />
<SP HEIGHT="40" HPOS="1144" VPOS="733" WIDTH="30" />
<String CONTENT="Apr." HEIGHT="46" HPOS="1175" VPOS="733" WIDTH="112" />
<SP HEIGHT="39" HPOS="1288" VPOS="733" WIDTH="30" />
<String CONTENT="30:" HEIGHT="40" HPOS="1319" VPOS="732" WIDTH="81" />
<SP HEIGHT="41" HPOS="1401" VPOS="731" WIDTH="33" />
<String CONTENT="A" HEIGHT="38" HPOS="1435" VPOS="731" WIDTH="41" />
<SP HEIGHT="39" HPOS="1477" VPOS="731" WIDTH="30" />
<String CONTENT="72251;" HEIGHT="47" HPOS="1508" VPOS="730" WIDTH="167" />
<SP HEIGHT="47" HPOS="1676" VPOS="730" WIDTH="35" />
<String CONTENT="R." HEIGHT="38" HPOS="1712" VPOS="730" WIDTH="53" />
<SP HEIGHT="39" HPOS="1766" VPOS="730" WIDTH="34" />
<String CONTENT="J." HEIGHT="40" HPOS="1801" VPOS="730" WIDTH="42" />
<SP HEIGHT="41" HPOS="1844" VPOS="729" WIDTH="34" />
<String CONTENT="Casey," HEIGHT="47" HPOS="1879" VPOS="729" WIDTH="164" />
</TextLine>
<TextLine CS="1" HEIGHT="112" HPOS="274" VPOS="729" WIDTH="1895">
<String CONTENT="Chicago." HEIGHT="112" HPOS="274" VPOS="729" WIDTH="1895" />
<SP HEIGHT="45" HPOS="402" VPOS="794" WIDTH="70" />
<String CONTENT="(34-10331)" HEIGHT="49" HPOS="473" VPOS="790" WIDTH="277" />
</TextLine>
<TextLine HEIGHT="67" HPOS="200" STYLEREFS="StyleId-95C37738-788E-4C6A-B633-5062CE2D0533-" VPOS="891" WIDTH="995">
<String CONTENT="Cauffman," HEIGHT="64" HPOS="200" VPOS="894" WIDTH="328" />
<SP HEIGHT="63" HPOS="529" VPOS="895" WIDTH="29" />
<String CONTENT="Stanley" HEIGHT="66" HPOS="559" VPOS="892" WIDTH="242" />
<SP HEIGHT="64" HPOS="802" VPOS="893" WIDTH="23" />
<String CONTENT="Hart," HEIGHT="62" HPOS="826" VPOS="893" WIDTH="171" />
<SP HEIGHT="58" HPOS="998" VPOS="897" WIDTH="32" />
<String CONTENT="1880-" HEIGHT="50" HPOS="1031" VPOS="894" WIDTH="164" />
</TextLine>
<TextLine CS="1" HEIGHT="155" HPOS="203" STYLEREFS="StyleId-EFEEBAC4-2E46-4B22-9047-39D09B823B21-" VPOS="963" WIDTH="1962">
<String CONTENT="The" HEIGHT="53" HPOS="272" VPOS="972" WIDTH="120" />
<SP HEIGHT="34" HPOS="393" VPOS="991" WIDTH="41" />
<String CONTENT="witchfinders" HEIGHT="54" HPOS="435" VPOS="970" WIDTH="382" />
<SP HEIGHT="47" HPOS="818" VPOS="989" WIDTH="48" />
<String CONTENT="[by]" HEIGHT="66" HPOS="867" VPOS="971" WIDTH="108" />
<SP HEIGHT="68" HPOS="976" VPOS="968" WIDTH="49" />
<String CONTENT="Stanley" HEIGHT="69" HPOS="1026" VPOS="967" WIDTH="234" />
<SP HEIGHT="68" HPOS="1261" VPOS="967" WIDTH="42" />
<String CONTENT="Hart" HEIGHT="53" HPOS="1304" VPOS="967" WIDTH="154" />
<SP HEIGHT="54" HPOS="1459" VPOS="967" WIDTH="40" />
<String CONTENT="Cauffman." HEIGHT="58" HPOS="1500" VPOS="963" WIDTH="320" />
<SP HEIGHT="51" HPOS="1821" VPOS="966" WIDTH="78" />
<String CONTENT="Philadelphia," HEIGHT="153" HPOS="203" VPOS="965" WIDTH="1962" />
<SP HEIGHT="65" HPOS="356" VPOS="1052" WIDTH="27" />
<String CONTENT="The" HEIGHT="51" HPOS="384" VPOS="1051" WIDTH="119" />
</TextLine>
<TextLine HEIGHT="70" HPOS="532" STYLEREFS="StyleId-EFEEBAC4-2E46-4B22-9047-39D09B823B21-" VPOS="1047" WIDTH="1050">
<String CONTENT="Penn" HEIGHT="52" HPOS="532" VPOS="1049" WIDTH="160" />
<SP HEIGHT="49" HPOS="693" VPOS="1067" WIDTH="26" />
<String CONTENT="publishing" HEIGHT="68" HPOS="720" VPOS="1048" WIDTH="333" />
<SP HEIGHT="51" HPOS="1054" VPOS="1065" WIDTH="26" />
<String CONTENT="company" HEIGHT="50" HPOS="1081" VPOS="1064" WIDTH="276" />
<SP HEIGHT="48" HPOS="1358" VPOS="1065" WIDTH="32" />
<String CONTENT="[" HEIGHT="34" HPOS="1391" VPOS="1078" WIDTH="12" />
<String CONTENT="c" HEIGHT="21" HPOS="1408" STYLE="superscript" VPOS="1052" WIDTH="17" />
<String CONTENT="1934]" HEIGHT="64" HPOS="1431" VPOS="1047" WIDTH="151" />
</TextLine>
<TextLine CS="1" HEIGHT="52" HPOS="272" STYLEREFS="StyleId-EFEEBAC4-2E46-4B22-9047-39D09B823B21-" VPOS="1121" WIDTH="585">
<String CONTENT="viii," HEIGHT="48" HPOS="272" VPOS="1123" WIDTH="99" />
<SP HEIGHT="29" HPOS="372" VPOS="1144" WIDTH="35" />
<String CONTENT="[9]-347" HEIGHT="51" HPOS="408" VPOS="1122" WIDTH="171" />
<SP HEIGHT="46" HPOS="580" VPOS="1124" WIDTH="30" />
<String CONTENT="p." HEIGHT="37" HPOS="611" VPOS="1133" WIDTH="42" />
<SP HEIGHT="37" HPOS="654" VPOS="1124" WIDTH="60" />
<String CONTENT="19&#189;" CS="1" HEIGHT="40" HPOS="715" VPOS="1121" WIDTH="55" />
<String CONTENT="cm" HEIGHT="20" HPOS="803" STYLE="superscript" VPOS="1124" WIDTH="42" />
<String CONTENT="." HEIGHT="8" HPOS="850" VPOS="1153" WIDTH="7" />
</TextLine>
<TextLine CS="1" HEIGHT="55" HPOS="209" VPOS="1175" WIDTH="1706">
<String CONTENT="&#169;" HEIGHT="51" HPOS="209" VPOS="1179" WIDTH="50" />
<SP HEIGHT="51" HPOS="260" VPOS="1179" WIDTH="27" />
<String CONTENT="Mar." HEIGHT="39" HPOS="288" VPOS="1182" WIDTH="121" />
<SP HEIGHT="39" HPOS="410" VPOS="1182" WIDTH="27" />
<String CONTENT="30." HEIGHT="40" HPOS="438" VPOS="1181" WIDTH="68" />
<SP HEIGHT="39" HPOS="507" VPOS="1182" WIDTH="27" />
<String CONTENT="1934;" HEIGHT="42" HPOS="535" VPOS="1179" WIDTH="138" />
<SP HEIGHT="40" HPOS="674" VPOS="1180" WIDTH="30" />
<String CONTENT="2c." HEIGHT="39" HPOS="705" VPOS="1180" WIDTH="65" />
<SP HEIGHT="29" HPOS="771" VPOS="1189" WIDTH="28" />
<String CONTENT="and" HEIGHT="38" HPOS="800" VPOS="1180" WIDTH="94" />
<SP HEIGHT="38" HPOS="895" VPOS="1180" WIDTH="28" />
<String CONTENT="aff." HEIGHT="41" HPOS="924" VPOS="1177" WIDTH="78" />
<SP HEIGHT="41" HPOS="1003" VPOS="1177" WIDTH="29" />
<String CONTENT="Apr." HEIGHT="48" HPOS="1033" VPOS="1177" WIDTH="110" />
<SP HEIGHT="39" HPOS="1144" VPOS="1177" WIDTH="27" />
<String CONTENT="25;" HEIGHT="46" HPOS="1172" VPOS="1176" WIDTH="81" />
<SP HEIGHT="45" HPOS="1254" VPOS="1176" WIDTH="29" />
<String CONTENT="A" HEIGHT="39" HPOS="1284" VPOS="1176" WIDTH="40" />
<SP HEIGHT="39" HPOS="1325" VPOS="1176" WIDTH="26" />
<String CONTENT="72178:" HEIGHT="40" HPOS="1352" VPOS="1176" WIDTH="169" />
<SP HEIGHT="40" HPOS="1522" VPOS="1176" WIDTH="30" />
<String CONTENT="Penn" HEIGHT="40" HPOS="1553" VPOS="1175" WIDTH="132" />
<SP HEIGHT="37" HPOS="1686" VPOS="1186" WIDTH="26" />
<String CONTENT="pub." HEIGHT="47" HPOS="1713" VPOS="1176" WIDTH="108" />
<SP HEIGHT="29" HPOS="1822" VPOS="1187" WIDTH="28" />
<String CONTENT="co." HEIGHT="29" HPOS="1851" VPOS="1187" WIDTH="64" />
</TextLine>
<TextLine HEIGHT="48" HPOS="289" VPOS="1237" WIDTH="277">
<String CONTENT="(34-10332)" HEIGHT="48" HPOS="289" VPOS="1237" WIDTH="277" />
</TextLine>
<TextLine HEIGHT="66" HPOS="203" STYLEREFS="StyleId-95C37738-788E-4C6A-B633-5062CE2D0533-" VPOS="1337" WIDTH="795">
<String CONTENT="Crumley," HEIGHT="64" HPOS="203" VPOS="1339" WIDTH="291" />
<SP HEIGHT="64" HPOS="494" VPOS="1339" WIDTH="30" />
<String CONTENT="Thomas," HEIGHT="66" HPOS="524" VPOS="1337" WIDTH="273" />
<SP HEIGHT="60" HPOS="797" VPOS="1342" WIDTH="33" />
<String CONTENT="1872-" HEIGHT="53" HPOS="830" VPOS="1337" WIDTH="168" />
</TextLine>
<TextLine CS="1" HEIGHT="75" HPOS="276" STYLEREFS="StyleId-EFEEBAC4-2E46-4B22-9047-39D09B823B21-" VPOS="1410" WIDTH="1855">
<String CONTENT="Logic," HEIGHT="69" HPOS="276" VPOS="1416" WIDTH="193" />
<SP HEIGHT="67" HPOS="470" VPOS="1416" WIDTH="50" />
<String CONTENT="deductive" HEIGHT="54" HPOS="521" VPOS="1414" WIDTH="297" />
<SP HEIGHT="34" HPOS="819" VPOS="1433" WIDTH="45" />
<String CONTENT="and" HEIGHT="52" HPOS="865" VPOS="1414" WIDTH="112" />
<SP HEIGHT="53" HPOS="978" VPOS="1413" WIDTH="48" />
<String CONTENT="inductive," HEIGHT="69" HPOS="1027" VPOS="1411" WIDTH="305" />
<SP HEIGHT="67" HPOS="1333" VPOS="1412" WIDTH="49" />
<String CONTENT="by" CS="1" HEIGHT="52" HPOS="1383" VPOS="1412" WIDTH="33" />
<SP HEIGHT="51" HPOS="1457" VPOS="1412" WIDTH="50" />
<String CONTENT="Thomas" HEIGHT="53" HPOS="1508" VPOS="1411" WIDTH="244" />
<SP HEIGHT="54" HPOS="1753" VPOS="1410" WIDTH="53" />
<String CONTENT="Crumley" HEIGHT="70" HPOS="1807" VPOS="1410" WIDTH="267" />
<SP HEIGHT="50" HPOS="2075" VPOS="1430" WIDTH="56" />
<String CONTENT="&#8230;" CS="1" />
</TextLine>
<TextLine HEIGHT="74" HPOS="209" STYLEREFS="StyleId-EFEEBAC4-2E46-4B22-9047-39D09B823B21-" VPOS="1486" WIDTH="1983">
<String CONTENT="New" HEIGHT="52" HPOS="209" VPOS="1493" WIDTH="138" />
<SP HEIGHT="34" HPOS="348" VPOS="1512" WIDTH="29" />
<String CONTENT="and" HEIGHT="52" HPOS="378" VPOS="1494" WIDTH="112" />
<SP HEIGHT="51" HPOS="491" VPOS="1494" WIDTH="29" />
<String CONTENT="rev." HEIGHT="34" HPOS="521" VPOS="1510" WIDTH="111" />
<SP HEIGHT="33" HPOS="633" VPOS="1512" WIDTH="32" />
<String CONTENT="ed." HEIGHT="52" HPOS="666" VPOS="1493" WIDTH="82" />
<SP HEIGHT="52" HPOS="749" VPOS="1492" WIDTH="66" />
<String CONTENT="New" HEIGHT="52" HPOS="816" VPOS="1492" WIDTH="137" />
<SP HEIGHT="51" HPOS="954" VPOS="1491" WIDTH="33" />
<String CONTENT="York," HEIGHT="59" HPOS="988" VPOS="1490" WIDTH="177" />
<SP HEIGHT="59" HPOS="1166" VPOS="1490" WIDTH="29" />
<String CONTENT="The" HEIGHT="52" HPOS="1196" VPOS="1490" WIDTH="121" />
<SP HEIGHT="53" HPOS="1318" VPOS="1489" WIDTH="27" />
<String CONTENT="Macmillan" HEIGHT="54" HPOS="1346" VPOS="1487" WIDTH="334" />
<SP HEIGHT="34" HPOS="1681" VPOS="1507" WIDTH="30" />
<String CONTENT="company," HEIGHT="51" HPOS="1712" VPOS="1506" WIDTH="295" />
<SP HEIGHT="62" HPOS="2008" VPOS="1494" WIDTH="34" />
<String CONTENT="1934." HEIGHT="51" HPOS="2043" VPOS="1490" WIDTH="149" />
</TextLine>
<TextLine CS="1" HEIGHT="51" HPOS="277" VPOS="1562" WIDTH="604">
<String CONTENT="442" HEIGHT="39" HPOS="277" VPOS="1565" WIDTH="84" />
<SP HEIGHT="48" HPOS="362" VPOS="1565" WIDTH="33" />
<String CONTENT="p." HEIGHT="37" HPOS="396" VPOS="1576" WIDTH="42" />
<SP HEIGHT="40" HPOS="439" VPOS="1565" WIDTH="60" />
<String CONTENT="diagrs." HEIGHT="49" HPOS="500" VPOS="1564" WIDTH="176" />
<SP HEIGHT="40" HPOS="677" VPOS="1563" WIDTH="59" />
<String CONTENT="20&#189;" CS="1" HEIGHT="41" HPOS="737" VPOS="1562" WIDTH="55" />
<String CONTENT="cm" HEIGHT="22" HPOS="825" STYLE="superscript" VPOS="1565" WIDTH="44" />
<String CONTENT="." HEIGHT="7" HPOS="875" VPOS="1596" WIDTH="6" />
</TextLine>
<TextLine HEIGHT="49" HPOS="280" VPOS="1618" WIDTH="1011">
<String CONTENT="&#8220;References&#8221;" HEIGHT="41" HPOS="280" VPOS="1620" WIDTH="345" />
<SP HEIGHT="40" HPOS="626" VPOS="1620" WIDTH="30" />
<String CONTENT="at" HEIGHT="39" HPOS="657" VPOS="1622" WIDTH="53" />
<SP HEIGHT="38" HPOS="711" VPOS="1622" WIDTH="24" />
<String CONTENT="end" HEIGHT="39" HPOS="736" VPOS="1621" WIDTH="91" />
<SP HEIGHT="38" HPOS="828" VPOS="1621" WIDTH="27" />
<String CONTENT="of" HEIGHT="39" HPOS="856" VPOS="1620" WIDTH="51" />
<SP HEIGHT="39" HPOS="908" VPOS="1620" WIDTH="26" />
<String CONTENT="each" HEIGHT="39" HPOS="935" VPOS="1620" WIDTH="116" />
<SP HEIGHT="39" HPOS="1052" VPOS="1620" WIDTH="30" />
<String CONTENT="chapter." HEIGHT="47" HPOS="1083" VPOS="1619" WIDTH="208" />
</TextLine>
<TextLine CS="1" HEIGHT="54" HPOS="214" VPOS="1673" WIDTH="1729">
<String CONTENT="&#169;" HEIGHT="50" HPOS="214" VPOS="1676" WIDTH="49" />
<SP HEIGHT="50" HPOS="264" VPOS="1676" WIDTH="28" />
<String CONTENT="Apr." HEIGHT="46" HPOS="293" VPOS="1681" WIDTH="110" />
<SP HEIGHT="38" HPOS="404" VPOS="1680" WIDTH="30" />
<String CONTENT="24," HEIGHT="42" HPOS="435" VPOS="1680" WIDTH="69" />
<SP HEIGHT="41" HPOS="505" VPOS="1681" WIDTH="28" />
<String CONTENT="1934;" HEIGHT="43" HPOS="534" VPOS="1677" WIDTH="138" />
<SP HEIGHT="40" HPOS="673" VPOS="1679" WIDTH="31" />
<String CONTENT="2c." HEIGHT="39" HPOS="705" VPOS="1679" WIDTH="67" />
<SP HEIGHT="29" HPOS="773" VPOS="1688" WIDTH="29" />
<String CONTENT="and" HEIGHT="38" HPOS="803" VPOS="1679" WIDTH="96" />
<SP HEIGHT="38" HPOS="900" VPOS="1679" WIDTH="26" />
<String CONTENT="aff." HEIGHT="40" HPOS="927" VPOS="1677" WIDTH="80" />
<SP HEIGHT="39" HPOS="1008" VPOS="1678" WIDTH="30" />
<String CONTENT="Apr." HEIGHT="46" HPOS="1039" VPOS="1678" WIDTH="111" />
<SP HEIGHT="41" HPOS="1151" VPOS="1676" WIDTH="28" />
<String CONTENT="25;" HEIGHT="44" HPOS="1180" VPOS="1676" WIDTH="80" />
<SP HEIGHT="43" HPOS="1261" VPOS="1677" WIDTH="31" />
<String CONTENT="A" HEIGHT="38" HPOS="1293" VPOS="1677" WIDTH="41" />
<SP HEIGHT="38" HPOS="1335" VPOS="1677" WIDTH="28" />
<String CONTENT="72182;" CS="1" HEIGHT="39" HPOS="1364" VPOS="1676" WIDTH="141" />
<SP HEIGHT="40" HPOS="1532" VPOS="1677" WIDTH="34" />
<String CONTENT="Macmillan" HEIGHT="40" HPOS="1567" VPOS="1676" WIDTH="279" />
<SP HEIGHT="29" HPOS="1847" VPOS="1687" WIDTH="30" />
<String CONTENT="co." HEIGHT="29" HPOS="1878" VPOS="1687" WIDTH="65" />
</TextLine>
<TextLine HEIGHT="48" HPOS="291" VPOS="1736" WIDTH="277">
<String CONTENT="(34-10301)" HEIGHT="48" HPOS="291" VPOS="1736" WIDTH="277" />
</TextLine>
<TextLine HEIGHT="64" HPOS="207" STYLEREFS="StyleId-95C37738-788E-4C6A-B633-5062CE2D0533-" VPOS="1838" WIDTH="686">
<String CONTENT="Dewey," HEIGHT="63" HPOS="207" VPOS="1839" WIDTH="233" />
<SP HEIGHT="61" HPOS="440" VPOS="1841" WIDTH="28" />
<String CONTENT="Mrs." HEIGHT="51" HPOS="468" VPOS="1841" WIDTH="138" />
<SP HEIGHT="52" HPOS="606" VPOS="1840" WIDTH="30" />
<String CONTENT="Suzette." HEIGHT="54" HPOS="636" VPOS="1839" WIDTH="257" />
</TextLine>
<TextLine CS="1" HEIGHT="73" HPOS="281" STYLEREFS="StyleId-EFEEBAC4-2E46-4B22-9047-39D09B823B21-" VPOS="1911" WIDTH="1918">
<String CONTENT="Wines" HEIGHT="53" HPOS="281" VPOS="1916" WIDTH="194" />
<SP HEIGHT="52" HPOS="476" VPOS="1915" WIDTH="31" />
<String CONTENT="for" HEIGHT="52" HPOS="508" VPOS="1915" WIDTH="93" />
<SP HEIGHT="46" HPOS="602" VPOS="1920" WIDTH="27" />
<String CONTENT="those" HEIGHT="53" HPOS="630" VPOS="1915" WIDTH="157" />
<SP HEIGHT="34" HPOS="788" VPOS="1933" WIDTH="31" />
<String CONTENT="who" HEIGHT="52" HPOS="820" VPOS="1915" WIDTH="126" />
<SP HEIGHT="53" HPOS="947" VPOS="1914" WIDTH="28" />
<String CONTENT="have" HEIGHT="53" HPOS="976" VPOS="1914" WIDTH="142" />
<SP HEIGHT="53" HPOS="1119" VPOS="1914" WIDTH="31" />
<String CONTENT="forgotten" HEIGHT="70" HPOS="1151" VPOS="1913" WIDTH="290" />
<SP HEIGHT="35" HPOS="1442" VPOS="1931" WIDTH="30" />
<String CONTENT="and" HEIGHT="53" HPOS="1473" VPOS="1913" WIDTH="111" />
<SP HEIGHT="52" HPOS="1585" VPOS="1913" WIDTH="28" />
<String CONTENT="those" HEIGHT="53" HPOS="1614" VPOS="1913" WIDTH="158" />
<SP HEIGHT="34" HPOS="1773" VPOS="1931" WIDTH="30" />
<String CONTENT="who" HEIGHT="52" HPOS="1804" VPOS="1913" WIDTH="124" />
<SP HEIGHT="34" HPOS="1929" VPOS="1931" WIDTH="31" />
<String CONTENT="want" CS="1" HEIGHT="47" HPOS="2014" VPOS="1917" WIDTH="98" />
<SP HEIGHT="47" HPOS="2113" VPOS="1916" WIDTH="27" />
<String CONTENT="to" HEIGHT="48" HPOS="2141" VPOS="1915" WIDTH="58" />
</TextLine>
<TextLine HEIGHT="73" HPOS="213" STYLEREFS="StyleId-EFEEBAC4-2E46-4B22-9047-39D09B823B21-" VPOS="1989" WIDTH="1850">
<String CONTENT="know," HEIGHT="66" HPOS="213" VPOS="1993" WIDTH="183" />
<SP HEIGHT="66" HPOS="397" VPOS="1993" WIDTH="33" />
<String CONTENT="by" HEIGHT="67" HPOS="431" VPOS="1993" WIDTH="74" />
<SP HEIGHT="68" HPOS="506" VPOS="1992" WIDTH="35" />
<String CONTENT="S." HEIGHT="55" HPOS="542" VPOS="1992" WIDTH="55" />
<SP HEIGHT="51" HPOS="598" VPOS="1993" WIDTH="35" />
<String CONTENT="Dewey." HEIGHT="69" HPOS="634" VPOS="1992" WIDTH="225" />
<SP HEIGHT="55" HPOS="860" VPOS="1991" WIDTH="71" />
<String CONTENT="Chicago," HEIGHT="70" HPOS="932" VPOS="1990" WIDTH="268" />
<SP HEIGHT="65" HPOS="1201" VPOS="1993" WIDTH="33" />
<String CONTENT="The" HEIGHT="51" HPOS="1235" VPOS="1993" WIDTH="120" />
<SP HEIGHT="52" HPOS="1356" VPOS="1992" WIDTH="32" />
<String CONTENT="Lakeside" HEIGHT="51" HPOS="1389" VPOS="1992" WIDTH="277" />
<SP HEIGHT="51" HPOS="1667" VPOS="2009" WIDTH="34" />
<String CONTENT="press," HEIGHT="50" HPOS="1702" VPOS="2009" WIDTH="172" />
<SP HEIGHT="63" HPOS="1875" VPOS="1994" WIDTH="36" />
<String CONTENT="1934." HEIGHT="49" HPOS="1912" VPOS="1993" WIDTH="151" />
</TextLine>
<TextLine HEIGHT="52" HPOS="285" VPOS="2063" WIDTH="955">
<String CONTENT="97," HEIGHT="47" HPOS="285" VPOS="2067" WIDTH="68" />
<SP HEIGHT="29" HPOS="354" VPOS="2086" WIDTH="34" />
<String CONTENT="[7]" HEIGHT="48" HPOS="389" VPOS="2067" WIDTH="54" />
<SP HEIGHT="37" HPOS="444" VPOS="2077" WIDTH="30" />
<String CONTENT="p." HEIGHT="37" HPOS="475" VPOS="2077" WIDTH="42" />
<SP HEIGHT="39" HPOS="518" VPOS="2065" WIDTH="59" />
<String CONTENT="illus." HEIGHT="41" HPOS="578" VPOS="2064" WIDTH="126" />
<SP HEIGHT="45" HPOS="705" VPOS="2066" WIDTH="29" />
<String CONTENT="(inch" HEIGHT="45" HPOS="735" VPOS="2066" WIDTH="131" />
<SP HEIGHT="38" HPOS="867" VPOS="2066" WIDTH="30" />
<String CONTENT="maps)" HEIGHT="49" HPOS="898" VPOS="2065" WIDTH="160" />
<SP HEIGHT="43" HPOS="1059" VPOS="2065" WIDTH="68" />
<String CONTENT="17" HEIGHT="40" HPOS="1128" VPOS="2064" WIDTH="53" />
<String CONTENT="cm" HEIGHT="21" HPOS="1186" STYLE="superscript" VPOS="2067" WIDTH="43" />
<String CONTENT="." HEIGHT="9" HPOS="1233" VPOS="2097" WIDTH="7" />
</TextLine>
<TextLine CS="1" HEIGHT="56" HPOS="288" VPOS="2118" WIDTH="1910">
<String CONTENT="&#8220;Twelve" HEIGHT="40" HPOS="288" VPOS="2123" WIDTH="216" />
<SP HEIGHT="39" HPOS="505" VPOS="2124" WIDTH="31" />
<String CONTENT="hundred" HEIGHT="42" HPOS="537" VPOS="2122" WIDTH="219" />
<SP HEIGHT="39" HPOS="757" VPOS="2123" WIDTH="30" />
<String CONTENT="copies" HEIGHT="49" HPOS="788" VPOS="2121" WIDTH="158" />
<SP HEIGHT="29" HPOS="947" VPOS="2133" WIDTH="33" />
<String CONTENT="&#8230;" CS="1" />
<SP HEIGHT="37" HPOS="1027" VPOS="2124" WIDTH="32" />
<String CONTENT="have" HEIGHT="40" HPOS="1060" VPOS="2123" WIDTH="121" />
<SP HEIGHT="40" HPOS="1182" VPOS="2122" WIDTH="30" />
<String CONTENT="been" HEIGHT="41" HPOS="1213" VPOS="2122" WIDTH="116" />
<SP HEIGHT="37" HPOS="1330" VPOS="2134" WIDTH="32" />
<String CONTENT="printed.&#8221;" HEIGHT="48" HPOS="1363" VPOS="2123" WIDTH="236" />
<SP HEIGHT="38" HPOS="1600" VPOS="2123" WIDTH="61" />
<String CONTENT="This" HEIGHT="40" HPOS="1662" VPOS="2122" WIDTH="118" />
<SP HEIGHT="30" HPOS="1781" VPOS="2132" WIDTH="29" />
<String CONTENT="copy" HEIGHT="39" HPOS="1811" VPOS="2132" WIDTH="116" />
<SP HEIGHT="46" HPOS="1928" VPOS="2123" WIDTH="31" />
<String CONTENT="is" HEIGHT="38" HPOS="1960" VPOS="2123" WIDTH="40" />
<SP HEIGHT="30" HPOS="2001" VPOS="2132" WIDTH="33" />
<String CONTENT="signed" HEIGHT="50" HPOS="2035" VPOS="2121" WIDTH="163" />
</TextLine>
<TextLine HEIGHT="49" HPOS="213" VPOS="2180" WIDTH="355">
<String CONTENT="by" HEIGHT="47" HPOS="213" VPOS="2182" WIDTH="60" />
<SP HEIGHT="49" HPOS="274" VPOS="2180" WIDTH="29" />
<String CONTENT="S." HEIGHT="41" HPOS="304" VPOS="2180" WIDTH="43" />
<SP HEIGHT="40" HPOS="348" VPOS="2181" WIDTH="29" />
<String CONTENT="Dewey." HEIGHT="47" HPOS="378" VPOS="2181" WIDTH="190" />
</TextLine>
<TextLine HEIGHT="51" HPOS="286" VPOS="2235" WIDTH="966">
<String CONTENT="Blank" HEIGHT="39" HPOS="286" VPOS="2239" WIDTH="158" />
<SP HEIGHT="47" HPOS="445" VPOS="2239" WIDTH="23" />
<String CONTENT="pages" HEIGHT="39" HPOS="469" VPOS="2247" WIDTH="145" />
<SP HEIGHT="40" HPOS="615" VPOS="2238" WIDTH="23" />
<String CONTENT="for" HEIGHT="41" HPOS="639" VPOS="2237" WIDTH="80" />
<SP HEIGHT="39" HPOS="720" VPOS="2237" WIDTH="26" />
<String CONTENT="&#8220;Notes&#8221;" HEIGHT="41" HPOS="747" VPOS="2236" WIDTH="201" />
<SP HEIGHT="46" HPOS="949" VPOS="2236" WIDTH="37" />
<String CONTENT="(6" HEIGHT="46" HPOS="987" VPOS="2236" WIDTH="48" />
<SP HEIGHT="40" HPOS="1036" VPOS="2236" WIDTH="25" />
<String CONTENT="at" HEIGHT="38" HPOS="1062" VPOS="2239" WIDTH="50" />
<SP HEIGHT="38" HPOS="1113" VPOS="2239" WIDTH="25" />
<String CONTENT="end)" HEIGHT="47" HPOS="1139" VPOS="2237" WIDTH="113" />
</TextLine>
<TextLine CS="1" HEIGHT="56" HPOS="219" VPOS="2289" WIDTH="1979">
<String CONTENT="&#169;" HEIGHT="51" HPOS="219" VPOS="2293" WIDTH="50" />
<SP HEIGHT="51" HPOS="270" VPOS="2293" WIDTH="26" />
<String CONTENT="Mar." HEIGHT="37" HPOS="297" VPOS="2299" WIDTH="120" />
<SP HEIGHT="39" HPOS="418" VPOS="2297" WIDTH="25" />
<String CONTENT="20," HEIGHT="46" HPOS="444" VPOS="2297" WIDTH="68" />
<SP HEIGHT="46" HPOS="513" VPOS="2297" WIDTH="24" />
<String CONTENT="1934;" HEIGHT="42" HPOS="538" VPOS="2295" WIDTH="140" />
<SP HEIGHT="41" HPOS="679" VPOS="2295" WIDTH="27" />
<String CONTENT="2c." HEIGHT="39" HPOS="707" VPOS="2295" WIDTH="66" />
<SP HEIGHT="38" HPOS="774" VPOS="2296" WIDTH="26" />
<String CONTENT="Mar." HEIGHT="38" HPOS="801" VPOS="2296" WIDTH="119" />
<SP HEIGHT="39" HPOS="921" VPOS="2295" WIDTH="27" />
<String CONTENT="24:" HEIGHT="39" HPOS="949" VPOS="2295" WIDTH="81" />
<SP HEIGHT="29" HPOS="1031" VPOS="2305" WIDTH="28" />
<String CONTENT="aff." HEIGHT="40" HPOS="1060" VPOS="2293" WIDTH="78" />
<SP HEIGHT="37" HPOS="1139" VPOS="2296" WIDTH="28" />
<String CONTENT="Apr." HEIGHT="41" HPOS="1168" VPOS="2295" WIDTH="109" />
<SP HEIGHT="37" HPOS="1278" VPOS="2296" WIDTH="27" />
<String CONTENT="16;" HEIGHT="41" HPOS="1306" VPOS="2295" WIDTH="81" />
<SP HEIGHT="40" HPOS="1388" VPOS="2296" WIDTH="28" />
<String CONTENT="A" HEIGHT="38" HPOS="1417" VPOS="2296" WIDTH="40" />
<SP HEIGHT="39" HPOS="1458" VPOS="2296" WIDTH="25" />
<String CONTENT="71306;" HEIGHT="46" HPOS="1484" VPOS="2295" WIDTH="168" />
<SP HEIGHT="47" HPOS="1653" VPOS="2294" WIDTH="32" />
<String CONTENT="S." HEIGHT="41" HPOS="1686" VPOS="2294" WIDTH="40" />
<SP HEIGHT="38" HPOS="1727" VPOS="2297" WIDTH="28" />
<String CONTENT="Dewey," CS="1" HEIGHT="45" HPOS="1756" VPOS="2297" WIDTH="190" />
<SP HEIGHT="47" HPOS="1947" VPOS="2295" WIDTH="29" />
<String CONTENT="Chicago." HEIGHT="49" HPOS="1977" VPOS="2293" WIDTH="221" />
</TextLine>
<TextLine HEIGHT="47" HPOS="300" VPOS="2352" WIDTH="278">
<String CONTENT="(34-10319)" HEIGHT="47" HPOS="300" VPOS="2352" WIDTH="278" />
</TextLine>
<TextLine HEIGHT="74" HPOS="214" STYLEREFS="StyleId-95C37738-788E-4C6A-B633-5062CE2D0533-" VPOS="2450" WIDTH="1488">
<String CONTENT="Educational" HEIGHT="54" HPOS="214" VPOS="2453" WIDTH="385" />
<SP HEIGHT="52" HPOS="600" VPOS="2456" WIDTH="27" />
<String CONTENT="conference." HEIGHT="53" HPOS="628" VPOS="2455" WIDTH="361" />
<SP HEIGHT="51" HPOS="990" VPOS="2457" WIDTH="188" />
<String CONTENT="New" HEIGHT="50" HPOS="1179" VPOS="2457" WIDTH="138" />
<SP HEIGHT="51" HPOS="1318" VPOS="2456" WIDTH="29" />
<String CONTENT="York," HEIGHT="66" HPOS="1348" VPOS="2456" WIDTH="177" />
<SP HEIGHT="62" HPOS="1526" VPOS="2460" WIDTH="28" />
<String CONTENT="1933." HEIGHT="51" HPOS="1555" VPOS="2457" WIDTH="147" />
</TextLine>
<TextLine HEIGHT="73" HPOS="285" STYLEREFS="StyleId-EFEEBAC4-2E46-4B22-9047-39D09B823B21-" VPOS="2528" WIDTH="1916">
<String CONTENT="Educational" HEIGHT="52" HPOS="285" VPOS="2532" WIDTH="378" />
<SP HEIGHT="51" HPOS="664" VPOS="2532" WIDTH="23" />
<String CONTENT="measurement" HEIGHT="46" HPOS="688" VPOS="2537" WIDTH="407" />
<SP HEIGHT="45" HPOS="1096" VPOS="2537" WIDTH="23" />
<String CONTENT="and" HEIGHT="53" HPOS="1120" VPOS="2530" WIDTH="109" />
<SP HEIGHT="68" HPOS="1230" VPOS="2530" WIDTH="23" />
<String CONTENT="guidance;" HEIGHT="66" HPOS="1254" VPOS="2532" WIDTH="303" />
<SP HEIGHT="47" HPOS="1558" VPOS="2551" WIDTH="24" />
<String CONTENT="report" HEIGHT="61" HPOS="1583" VPOS="2538" WIDTH="193" />
<SP HEIGHT="47" HPOS="1777" VPOS="2538" WIDTH="22" />
<String CONTENT="of" HEIGHT="54" HPOS="1800" VPOS="2531" WIDTH="64" />
<SP HEIGHT="52" HPOS="1865" VPOS="2531" WIDTH="20" />
<String CONTENT="the" HEIGHT="50" HPOS="1886" VPOS="2533" WIDTH="94" />
<SP HEIGHT="35" HPOS="1981" VPOS="2549" WIDTH="21" />
<String CONTENT="second" HEIGHT="53" HPOS="2003" VPOS="2532" WIDTH="198" />
</TextLine>
<TextLine HEIGHT="74" HPOS="215" STYLEREFS="StyleId-EFEEBAC4-2E46-4B22-9047-39D09B823B21-" VPOS="2604" WIDTH="1988">
<String CONTENT="conference" HEIGHT="54" HPOS="215" VPOS="2609" WIDTH="328" />
<SP HEIGHT="34" HPOS="544" VPOS="2627" WIDTH="33" />
<String CONTENT="under" HEIGHT="53" HPOS="578" VPOS="2608" WIDTH="180" />
<SP HEIGHT="46" HPOS="759" VPOS="2614" WIDTH="33" />
<String CONTENT="the" HEIGHT="51" HPOS="793" VPOS="2609" WIDTH="93" />
<SP HEIGHT="33" HPOS="887" VPOS="2627" WIDTH="37" />
<String CONTENT="auspices" HEIGHT="69" HPOS="925" VPOS="2607" WIDTH="250" />
<SP HEIGHT="35" HPOS="1176" VPOS="2627" WIDTH="36" />
<String CONTENT="of" HEIGHT="52" HPOS="1213" VPOS="2608" WIDTH="63" />
<SP HEIGHT="52" HPOS="1277" VPOS="2608" WIDTH="30" />
<String CONTENT="the" HEIGHT="53" HPOS="1308" VPOS="2609" WIDTH="95" />
<SP HEIGHT="54" HPOS="1404" VPOS="2608" WIDTH="38" />
<String CONTENT="Cooperative" HEIGHT="69" HPOS="1443" VPOS="2607" WIDTH="372" />
<SP HEIGHT="49" HPOS="1816" VPOS="2613" WIDTH="34" />
<String CONTENT="test" HEIGHT="48" HPOS="1851" VPOS="2613" WIDTH="106" />
<SP HEIGHT="48" HPOS="1958" VPOS="2613" WIDTH="37" />
<String CONTENT="service" HEIGHT="54" HPOS="1996" VPOS="2608" WIDTH="207" />
</TextLine>
<TextLine HEIGHT="72" HPOS="218" STYLEREFS="StyleId-EFEEBAC4-2E46-4B22-9047-39D09B823B21-" VPOS="2681" WIDTH="1985">
<String CONTENT="and" HEIGHT="51" HPOS="218" VPOS="2688" WIDTH="110" />
<SP HEIGHT="51" HPOS="329" VPOS="2688" WIDTH="45" />
<String CONTENT="the" HEIGHT="53" HPOS="375" VPOS="2686" WIDTH="95" />
<SP HEIGHT="54" HPOS="471" VPOS="2685" WIDTH="45" />
<String CONTENT="Committee" HEIGHT="55" HPOS="517" VPOS="2684" WIDTH="334" />
<SP HEIGHT="34" HPOS="852" VPOS="2704" WIDTH="43" />
<String CONTENT="on" HEIGHT="33" HPOS="896" VPOS="2704" WIDTH="67" />
<SP HEIGHT="48" HPOS="964" VPOS="2704" WIDTH="47" />
<String CONTENT="personnel" HEIGHT="64" HPOS="1012" VPOS="2688" WIDTH="293" />
<SP HEIGHT="49" HPOS="1306" VPOS="2688" WIDTH="44" />
<String CONTENT="methods" HEIGHT="54" HPOS="1351" VPOS="2686" WIDTH="256" />
<SP HEIGHT="33" HPOS="1608" VPOS="2707" WIDTH="46" />
<String CONTENT="of" HEIGHT="52" HPOS="1655" VPOS="2687" WIDTH="63" />
<SP HEIGHT="51" HPOS="1719" VPOS="2687" WIDTH="41" />
<String CONTENT="the" HEIGHT="50" HPOS="1761" VPOS="2689" WIDTH="94" />
<SP HEIGHT="51" HPOS="1856" VPOS="2688" WIDTH="43" />
<String CONTENT="American" HEIGHT="52" HPOS="1900" VPOS="2687" WIDTH="303" />
</TextLine>
<TextLine HEIGHT="70" HPOS="217" STYLEREFS="StyleId-EFEEBAC4-2E46-4B22-9047-39D09B823B21-" VPOS="2760" WIDTH="1984">
<String CONTENT="council" HEIGHT="51" HPOS="217" VPOS="2765" WIDTH="215" />
<SP HEIGHT="50" HPOS="433" VPOS="2765" WIDTH="29" />
<String CONTENT="on" HEIGHT="33" HPOS="463" VPOS="2782" WIDTH="69" />
<SP HEIGHT="33" HPOS="533" VPOS="2782" WIDTH="28" />
<String CONTENT="education" HEIGHT="53" HPOS="562" VPOS="2763" WIDTH="296" />
<SP HEIGHT="33" HPOS="859" VPOS="2782" WIDTH="28" />
<String CONTENT="and" HEIGHT="51" HPOS="888" VPOS="2765" WIDTH="109" />
<SP HEIGHT="51" HPOS="998" VPOS="2765" WIDTH="28" />
<String CONTENT="the" HEIGHT="52" HPOS="1027" VPOS="2763" WIDTH="94" />
<SP HEIGHT="51" HPOS="1122" VPOS="2764" WIDTH="28" />
<String CONTENT="Educational" HEIGHT="53" HPOS="1151" VPOS="2763" WIDTH="377" />
<SP HEIGHT="51" HPOS="1529" VPOS="2765" WIDTH="28" />
<String CONTENT="records" HEIGHT="53" HPOS="1558" VPOS="2765" WIDTH="223" />
<SP HEIGHT="52" HPOS="1782" VPOS="2765" WIDTH="25" />
<String CONTENT="bureau," HEIGHT="62" HPOS="1808" VPOS="2765" WIDTH="229" />
<SP HEIGHT="62" HPOS="2038" VPOS="2765" WIDTH="27" />
<String CONTENT="New" HEIGHT="53" HPOS="2066" VPOS="2764" WIDTH="135" />
</TextLine>
<TextLine HEIGHT="74" HPOS="220" STYLEREFS="StyleId-EFEEBAC4-2E46-4B22-9047-39D09B823B21-" VPOS="2837" WIDTH="1983">
<String CONTENT="York," HEIGHT="67" HPOS="220" VPOS="2841" WIDTH="176" />
<SP HEIGHT="67" HPOS="396" VPOS="2841" WIDTH="46" />
<String CONTENT="November," HEIGHT="68" HPOS="442" VPOS="2840" WIDTH="333" />
<SP HEIGHT="64" HPOS="775" VPOS="2843" WIDTH="46" />
<String CONTENT="2-3," HEIGHT="60" HPOS="821" VPOS="2843" WIDTH="118" />
<SP HEIGHT="59" HPOS="939" VPOS="2844" WIDTH="50" />
<String CONTENT="1933." HEIGHT="48" HPOS="989" VPOS="2843" WIDTH="149" />
<SP HEIGHT="52" HPOS="1138" VPOS="2841" WIDTH="72" />
<String CONTENT="Washington," HEIGHT="68" HPOS="1210" VPOS="2841" WIDTH="399" />
<SP HEIGHT="64" HPOS="1609" VPOS="2844" WIDTH="44" />
<String CONTENT="D." HEIGHT="51" HPOS="1653" VPOS="2843" WIDTH="69" />
<SP HEIGHT="54" HPOS="1722" VPOS="2841" WIDTH="52" />
<String CONTENT="C.," HEIGHT="66" HPOS="1774" VPOS="2841" WIDTH="80" />
<SP HEIGHT="66" HPOS="1854" VPOS="2841" WIDTH="47" />
<String CONTENT="American" HEIGHT="54" HPOS="1901" VPOS="2840" WIDTH="302" />
</TextLine>
<TextLine CS="1" HEIGHT="69" HPOS="218" STYLEREFS="StyleId-EFEEBAC4-2E46-4B22-9047-39D09B823B21-" VPOS="2916" WIDTH="851">
<String CONTENT="council" HEIGHT="52" HPOS="218" VPOS="2919" WIDTH="218" />
<SP HEIGHT="50" HPOS="437" VPOS="2919" WIDTH="27" />
<String CONTENT="on" HEIGHT="34" HPOS="465" VPOS="2936" WIDTH="70" />
<SP HEIGHT="34" HPOS="536" VPOS="2936" WIDTH="29" />
<String CONTENT="education" HEIGHT="54" HPOS="566" VPOS="2916" WIDTH="297" />
<SP HEIGHT="47" HPOS="864" VPOS="2937" WIDTH="33" />
<String CONTENT="[" HEIGHT="33" HPOS="898" STYLE="subscript" VPOS="2951" WIDTH="12" />
<String CONTENT="c" HEIGHT="20" HPOS="916" STYLE="superscript" VPOS="2924" WIDTH="17" />
<String CONTENT="1933]" CS="1" HEIGHT="48" HPOS="939" VPOS="2921" WIDTH="130" />
</TextLine>
<TextLine HEIGHT="50" HPOS="291" VPOS="2989" WIDTH="640">
<String CONTENT="cover-title," HEIGHT="44" HPOS="291" VPOS="2991" WIDTH="280" />
<SP HEIGHT="43" HPOS="572" VPOS="2992" WIDTH="28" />
<String CONTENT="148" HEIGHT="41" HPOS="601" VPOS="2989" WIDTH="86" />
<SP HEIGHT="49" HPOS="688" VPOS="2989" WIDTH="27" />
<String CONTENT="p." HEIGHT="37" HPOS="716" VPOS="3001" WIDTH="40" />
<SP HEIGHT="39" HPOS="757" VPOS="2990" WIDTH="59" />
<String CONTENT="23" HEIGHT="40" HPOS="817" VPOS="2990" WIDTH="54" />
<String CONTENT="cm" HEIGHT="20" HPOS="876" STYLE="superscript" VPOS="2993" WIDTH="42" />
<String CONTENT="." HEIGHT="7" HPOS="924" VPOS="3023" WIDTH="7" />
</TextLine>
<TextLine HEIGHT="50" HPOS="293" VPOS="3045" WIDTH="1089">
<String CONTENT="Reprinted" HEIGHT="48" HPOS="293" VPOS="3047" WIDTH="263" />
<SP HEIGHT="39" HPOS="557" VPOS="3047" WIDTH="27" />
<String CONTENT="from" HEIGHT="40" HPOS="585" VPOS="3046" WIDTH="127" />
<SP HEIGHT="36" HPOS="713" VPOS="3049" WIDTH="28" />
<String CONTENT="the" HEIGHT="39" HPOS="742" VPOS="3047" WIDTH="78" />
<SP HEIGHT="38" HPOS="821" VPOS="3048" WIDTH="29" />
<String CONTENT="Educational" HEIGHT="40" HPOS="851" VPOS="3046" WIDTH="318" />
<SP HEIGHT="36" HPOS="1170" VPOS="3050" WIDTH="31" />
<String CONTENT="record." HEIGHT="39" HPOS="1202" VPOS="3049" WIDTH="180" />
</TextLine>
<TextLine HEIGHT="54" HPOS="291" VPOS="3101" WIDTH="1802">
<String CONTENT="Also" HEIGHT="39" HPOS="291" VPOS="3104" WIDTH="113" />
<SP HEIGHT="30" HPOS="405" VPOS="3113" WIDTH="26" />
<String CONTENT="sponsored" HEIGHT="46" HPOS="432" VPOS="3104" WIDTH="259" />
<SP HEIGHT="39" HPOS="692" VPOS="3103" WIDTH="25" />
<String CONTENT="by" HEIGHT="47" HPOS="718" VPOS="3103" WIDTH="59" />
<SP HEIGHT="45" HPOS="778" VPOS="3105" WIDTH="27" />
<String CONTENT="the" HEIGHT="39" HPOS="806" VPOS="3104" WIDTH="79" />
<SP HEIGHT="40" HPOS="886" VPOS="3103" WIDTH="25" />
<String CONTENT="Progressive" HEIGHT="48" HPOS="912" VPOS="3102" WIDTH="306" />
<SP HEIGHT="28" HPOS="1219" VPOS="3115" WIDTH="27" />
<String CONTENT="education" HEIGHT="40" HPOS="1247" VPOS="3104" WIDTH="255" />
<SP HEIGHT="29" HPOS="1503" VPOS="3114" WIDTH="25" />
<String CONTENT="association," HEIGHT="40" HPOS="1529" VPOS="3105" WIDTH="306" />
<SP HEIGHT="29" HPOS="1836" VPOS="3115" WIDTH="60" />
<String CONTENT="cf." HEIGHT="47" HPOS="1897" VPOS="3105" WIDTH="58" />
<SP HEIGHT="37" HPOS="1956" VPOS="3115" WIDTH="28" />
<String CONTENT="p." HEIGHT="37" HPOS="1985" VPOS="3115" WIDTH="41" />
<SP HEIGHT="39" HPOS="2027" VPOS="3106" WIDTH="27" />
<String CONTENT="3." HEIGHT="39" HPOS="2055" VPOS="3106" WIDTH="38" />
</TextLine>
<TextLine CS="1" HEIGHT="55" HPOS="629" VPOS="3156" WIDTH="1577">
<String CONTENT="CONTENTS.&#8212;The" CS="1" HEIGHT="40" HPOS="629" VPOS="3159" WIDTH="99" />
<SP HEIGHT="28" HPOS="729" VPOS="3170" WIDTH="28" />
<String CONTENT="second" HEIGHT="37" HPOS="758" VPOS="3162" WIDTH="171" />
<SP HEIGHT="38" HPOS="930" VPOS="3161" WIDTH="27" />
<String CONTENT="Educational" HEIGHT="42" HPOS="958" VPOS="3158" WIDTH="318" />
<SP HEIGHT="39" HPOS="1277" VPOS="3161" WIDTH="27" />
<String CONTENT="conference," HEIGHT="40" HPOS="1305" VPOS="3161" WIDTH="294" />
<SP HEIGHT="38" HPOS="1600" VPOS="3163" WIDTH="27" />
<String CONTENT="by" HEIGHT="45" HPOS="1628" VPOS="3162" WIDTH="61" />
<SP HEIGHT="44" HPOS="1690" VPOS="3162" WIDTH="25" />
<String CONTENT="W." HEIGHT="38" HPOS="1716" VPOS="3162" WIDTH="70" />
<SP HEIGHT="38" HPOS="1787" VPOS="3162" WIDTH="27" />
<String CONTENT="B." HEIGHT="38" HPOS="1815" VPOS="3162" WIDTH="53" />
<SP HEIGHT="40" HPOS="1869" VPOS="3161" WIDTH="30" />
<String CONTENT="Stephens.&#8212;" HEIGHT="48" HPOS="1900" VPOS="3160" WIDTH="306" />
</TextLine>
<TextLine CS="1" HEIGHT="109" HPOS="224" VPOS="3212" WIDTH="1965">
<String CONTENT="Coordinated" HEIGHT="41" HPOS="224" VPOS="3216" WIDTH="319" />
<SP HEIGHT="37" HPOS="544" VPOS="3217" WIDTH="28" />
<String CONTENT="examining" HEIGHT="49" HPOS="573" VPOS="3215" WIDTH="277" />
<SP HEIGHT="38" HPOS="851" VPOS="3225" WIDTH="23" />
<String CONTENT="and" HEIGHT="38" HPOS="875" VPOS="3217" WIDTH="93" />
<SP HEIGHT="38" HPOS="969" VPOS="3217" WIDTH="27" />
<String CONTENT="testing" HEIGHT="48" HPOS="997" VPOS="3216" WIDTH="177" />
<SP HEIGHT="38" HPOS="1175" VPOS="3226" WIDTH="23" />
<String CONTENT="programs," HEIGHT="37" HPOS="1199" VPOS="3226" WIDTH="263" />
<SP HEIGHT="42" HPOS="1463" VPOS="3218" WIDTH="27" />
<String CONTENT="by" HEIGHT="46" HPOS="1491" VPOS="3218" WIDTH="58" />
<SP HEIGHT="46" HPOS="1550" VPOS="3218" WIDTH="27" />
<String CONTENT="B." HEIGHT="39" HPOS="1578" VPOS="3218" WIDTH="52" />
<SP HEIGHT="38" HPOS="1631" VPOS="3219" WIDTH="26" />
<String CONTENT="D." HEIGHT="39" HPOS="1658" VPOS="3218" WIDTH="56" />
<SP HEIGHT="37" HPOS="1715" VPOS="3219" WIDTH="26" />
<String CONTENT="Wood.&#8212;Accrediting" HEIGHT="105" HPOS="224" VPOS="3216" WIDTH="1965" />
</TextLine>
<TextLine HEIGHT="56" HPOS="333" VPOS="3268" WIDTH="1872">
<String CONTENT="schools" HEIGHT="39" HPOS="333" VPOS="3273" WIDTH="186" />
<SP HEIGHT="29" HPOS="520" VPOS="3282" WIDTH="29" />
<String CONTENT="and" HEIGHT="39" HPOS="550" VPOS="3272" WIDTH="93" />
<SP HEIGHT="40" HPOS="644" VPOS="3271" WIDTH="29" />
<String CONTENT="colleges," HEIGHT="46" HPOS="674" VPOS="3273" WIDTH="214" />
<SP HEIGHT="40" HPOS="889" VPOS="3273" WIDTH="29" />
<String CONTENT="by" HEIGHT="45" HPOS="919" VPOS="3273" WIDTH="59" />
<SP HEIGHT="46" HPOS="979" VPOS="3272" WIDTH="31" />
<String CONTENT="G." HEIGHT="40" HPOS="1011" VPOS="3272" WIDTH="50" />
<SP HEIGHT="39" HPOS="1062" VPOS="3272" WIDTH="30" />
<String CONTENT="F." HEIGHT="38" HPOS="1093" VPOS="3272" WIDTH="49" />
<SP HEIGHT="37" HPOS="1143" VPOS="3274" WIDTH="31" />
<String CONTENT="Zook.&#8212;Units" HEIGHT="41" HPOS="1175" VPOS="3273" WIDTH="345" />
<SP HEIGHT="28" HPOS="1521" VPOS="3285" WIDTH="29" />
<String CONTENT="and" HEIGHT="37" HPOS="1551" VPOS="3276" WIDTH="94" />
<SP HEIGHT="46" HPOS="1646" VPOS="3276" WIDTH="28" />
<String CONTENT="placement," HEIGHT="46" HPOS="1675" VPOS="3276" WIDTH="280" />
<SP HEIGHT="42" HPOS="1956" VPOS="3275" WIDTH="29" />
<String CONTENT="by" HEIGHT="44" HPOS="1986" VPOS="3275" WIDTH="60" />
<SP HEIGHT="46" HPOS="2047" VPOS="3273" WIDTH="30" />
<String CONTENT="C." HEIGHT="40" HPOS="2078" VPOS="3273" WIDTH="48" />
<SP HEIGHT="40" HPOS="2127" VPOS="3274" WIDTH="29" />
<String CONTENT="C." HEIGHT="41" HPOS="2157" VPOS="3273" WIDTH="48" />
</TextLine>
<TextLine HEIGHT="56" HPOS="224" VPOS="3324" WIDTH="1984">
<String CONTENT="Brigham.&#8212;Judging" HEIGHT="50" HPOS="224" VPOS="3327" WIDTH="519" />
<SP HEIGHT="38" HPOS="743" VPOS="3338" WIDTH="23" />
<String CONTENT="and" HEIGHT="38" HPOS="766" VPOS="3329" WIDTH="94" />
<SP HEIGHT="38" HPOS="860" VPOS="3329" WIDTH="24" />
<String CONTENT="recording" HEIGHT="48" HPOS="884" VPOS="3328" WIDTH="252" />
<SP HEIGHT="39" HPOS="1136" VPOS="3337" WIDTH="20" />
<String CONTENT="pupil" HEIGHT="47" HPOS="1156" VPOS="3329" WIDTH="131" />
<SP HEIGHT="37" HPOS="1287" VPOS="3331" WIDTH="23" />
<String CONTENT="characteristics," HEIGHT="48" HPOS="1310" VPOS="3329" WIDTH="407" />
<SP HEIGHT="44" HPOS="1717" VPOS="3332" WIDTH="22" />
<String CONTENT="by" HEIGHT="45" HPOS="1739" VPOS="3332" WIDTH="59" />
<SP HEIGHT="46" HPOS="1798" VPOS="3331" WIDTH="25" />
<String CONTENT="E." HEIGHT="38" HPOS="1823" VPOS="3331" WIDTH="50" />
<SP HEIGHT="39" HPOS="1873" VPOS="3330" WIDTH="25" />
<String CONTENT="R." HEIGHT="38" HPOS="1898" VPOS="3330" WIDTH="54" />
<SP HEIGHT="40" HPOS="1952" VPOS="3329" WIDTH="27" />
<String CONTENT="Smith.&#8212;" HEIGHT="41" HPOS="1979" VPOS="3328" WIDTH="229" />
</TextLine>
<TextLine HEIGHT="54" HPOS="227" VPOS="3381" WIDTH="1980">
<String CONTENT="Measurement" HEIGHT="37" HPOS="227" VPOS="3388" WIDTH="354" />
<SP HEIGHT="39" HPOS="582" VPOS="3386" WIDTH="41" />
<String CONTENT="in" HEIGHT="38" HPOS="624" VPOS="3385" WIDTH="50" />
<SP HEIGHT="28" HPOS="675" VPOS="3395" WIDTH="40" />
<String CONTENT="educational" HEIGHT="40" HPOS="716" VPOS="3384" WIDTH="306" />
<SP HEIGHT="36" HPOS="1023" VPOS="3387" WIDTH="42" />
<String CONTENT="experimentation," HEIGHT="49" HPOS="1066" VPOS="3384" WIDTH="447" />
<SP HEIGHT="44" HPOS="1514" VPOS="3388" WIDTH="45" />
<String CONTENT="by" HEIGHT="45" HPOS="1560" VPOS="3388" WIDTH="57" />
<SP HEIGHT="45" HPOS="1618" VPOS="3388" WIDTH="44" />
<String CONTENT="Max" HEIGHT="39" HPOS="1663" VPOS="3387" WIDTH="113" />
<SP HEIGHT="37" HPOS="1777" VPOS="3388" WIDTH="43" />
<String CONTENT="McConn.&#8212;The" HEIGHT="42" HPOS="1821" VPOS="3385" WIDTH="386" />
</TextLine>
<TextLine HEIGHT="55" HPOS="227" VPOS="3437" WIDTH="1980">
<String CONTENT="technique" HEIGHT="47" HPOS="227" VPOS="3442" WIDTH="251" />
<SP HEIGHT="29" HPOS="479" VPOS="3452" WIDTH="25" />
<String CONTENT="of" HEIGHT="40" HPOS="505" VPOS="3441" WIDTH="49" />
<SP HEIGHT="39" HPOS="555" VPOS="3441" WIDTH="23" />
<String CONTENT="constructing" HEIGHT="49" HPOS="579" VPOS="3440" WIDTH="329" />
<SP HEIGHT="45" HPOS="909" VPOS="3443" WIDTH="25" />
<String CONTENT="tests" HEIGHT="37" HPOS="935" VPOS="3443" WIDTH="119" />
<SP HEIGHT="38" HPOS="1055" VPOS="3442" WIDTH="24" />
<String CONTENT="in" HEIGHT="37" HPOS="1080" VPOS="3442" WIDTH="50" />
<SP HEIGHT="28" HPOS="1131" VPOS="3451" WIDTH="24" />
<String CONTENT="relation" HEIGHT="41" HPOS="1156" VPOS="3441" WIDTH="205" />
<SP HEIGHT="37" HPOS="1362" VPOS="3444" WIDTH="25" />
<String CONTENT="to" HEIGHT="37" HPOS="1388" VPOS="3444" WIDTH="47" />
<SP HEIGHT="28" HPOS="1436" VPOS="3453" WIDTH="24" />
<String CONTENT="various" HEIGHT="41" HPOS="1461" VPOS="3442" WIDTH="195" />
<SP HEIGHT="30" HPOS="1657" VPOS="3453" WIDTH="25" />
<String CONTENT="uses" HEIGHT="29" HPOS="1683" VPOS="3453" WIDTH="108" />
<SP HEIGHT="29" HPOS="1792" VPOS="3453" WIDTH="26" />
<String CONTENT="of" HEIGHT="40" HPOS="1819" VPOS="3442" WIDTH="49" />
<SP HEIGHT="40" HPOS="1869" VPOS="3442" WIDTH="26" />
<String CONTENT="test" HEIGHT="37" HPOS="1896" VPOS="3445" WIDTH="93" />
<SP HEIGHT="37" HPOS="1990" VPOS="3445" WIDTH="27" />
<String CONTENT="results," HEIGHT="48" HPOS="2018" VPOS="3441" WIDTH="189" />
</TextLine>
<TextLine HEIGHT="57" HPOS="228" VPOS="3493" WIDTH="1981">
<String CONTENT="by" HEIGHT="46" HPOS="228" VPOS="3499" WIDTH="59" />
<SP HEIGHT="45" HPOS="288" VPOS="3500" WIDTH="38" />
<String CONTENT="E." HEIGHT="37" HPOS="327" VPOS="3500" WIDTH="52" />
<SP HEIGHT="39" HPOS="380" VPOS="3498" WIDTH="41" />
<String CONTENT="F." HEIGHT="39" HPOS="422" VPOS="3498" WIDTH="50" />
<SP HEIGHT="39" HPOS="473" VPOS="3498" WIDTH="39" />
<String CONTENT="Lindquist.&#8212;The" HEIGHT="48" HPOS="513" VPOS="3496" WIDTH="431" />
<SP HEIGHT="29" HPOS="945" VPOS="3507" WIDTH="42" />
<String CONTENT="administrator" HEIGHT="43" HPOS="988" VPOS="3495" WIDTH="367" />
<SP HEIGHT="29" HPOS="1356" VPOS="3508" WIDTH="38" />
<String CONTENT="and" HEIGHT="38" HPOS="1395" VPOS="3500" WIDTH="92" />
<SP HEIGHT="38" HPOS="1488" VPOS="3500" WIDTH="42" />
<String CONTENT="the" HEIGHT="38" HPOS="1531" VPOS="3501" WIDTH="79" />
<SP HEIGHT="38" HPOS="1611" VPOS="3501" WIDTH="40" />
<String CONTENT="testing" HEIGHT="48" HPOS="1652" VPOS="3500" WIDTH="179" />
<SP HEIGHT="39" HPOS="1832" VPOS="3508" WIDTH="39" />
<String CONTENT="program," HEIGHT="38" HPOS="1872" VPOS="3508" WIDTH="236" />
<SP HEIGHT="46" HPOS="2109" VPOS="3498" WIDTH="39" />
<String CONTENT="by" HEIGHT="47" HPOS="2149" VPOS="3497" WIDTH="60" />
</TextLine>
<TextLine HEIGHT="40" HPOS="227" VPOS="3554" WIDTH="354">
<String CONTENT="H." HEIGHT="38" HPOS="227" VPOS="3555" WIDTH="58" />
<SP HEIGHT="39" HPOS="286" VPOS="3555" WIDTH="27" />
<String CONTENT="W." HEIGHT="39" HPOS="314" VPOS="3555" WIDTH="70" />
<SP HEIGHT="40" HPOS="385" VPOS="3554" WIDTH="29" />
<String CONTENT="Chase." HEIGHT="40" HPOS="415" VPOS="3554" WIDTH="166" />
</TextLine>
<TextLine HEIGHT="57" HPOS="230" VPOS="3603" WIDTH="1978">
<String CONTENT="&#169;" HEIGHT="51" HPOS="230" VPOS="3607" WIDTH="51" />
<SP HEIGHT="51" HPOS="282" VPOS="3607" WIDTH="27" />
<String CONTENT="Dec." HEIGHT="38" HPOS="310" VPOS="3613" WIDTH="108" />
<SP HEIGHT="39" HPOS="419" VPOS="3612" WIDTH="28" />
<String CONTENT="12," HEIGHT="41" HPOS="448" VPOS="3611" WIDTH="67" />
<SP HEIGHT="40" HPOS="516" VPOS="3612" WIDTH="27" />
<String CONTENT="1933;" HEIGHT="42" HPOS="544" VPOS="3609" WIDTH="138" />
<SP HEIGHT="40" HPOS="683" VPOS="3610" WIDTH="28" />
<String CONTENT="2c." HEIGHT="39" HPOS="712" VPOS="3610" WIDTH="64" />
<SP HEIGHT="37" HPOS="777" VPOS="3610" WIDTH="29" />
<String CONTENT="Feb." HEIGHT="39" HPOS="807" VPOS="3610" WIDTH="108" />
<SP HEIGHT="39" HPOS="916" VPOS="3610" WIDTH="26" />
<String CONTENT="21," HEIGHT="46" HPOS="943" VPOS="3610" WIDTH="68" />
<SP HEIGHT="44" HPOS="1012" VPOS="3612" WIDTH="28" />
<String CONTENT="1934;" HEIGHT="41" HPOS="1041" VPOS="3609" WIDTH="136" />
<SP HEIGHT="30" HPOS="1178" VPOS="3620" WIDTH="30" />
<String CONTENT="aff." HEIGHT="40" HPOS="1209" VPOS="3609" WIDTH="80" />
<SP HEIGHT="38" HPOS="1290" VPOS="3611" WIDTH="28" />
<String CONTENT="Feb." HEIGHT="39" HPOS="1319" VPOS="3611" WIDTH="109" />
<SP HEIGHT="39" HPOS="1429" VPOS="3611" WIDTH="27" />
<String CONTENT="23;" HEIGHT="42" HPOS="1457" VPOS="3611" WIDTH="80" />
<SP HEIGHT="41" HPOS="1538" VPOS="3612" WIDTH="30" />
<String CONTENT="A" HEIGHT="38" HPOS="1569" VPOS="3612" WIDTH="40" />
<SP HEIGHT="39" HPOS="1610" VPOS="3612" WIDTH="27" />
<String CONTENT="69575;" HEIGHT="48" HPOS="1638" VPOS="3610" WIDTH="167" />
<SP HEIGHT="46" HPOS="1806" VPOS="3611" WIDTH="31" />
<String CONTENT="Amer." HEIGHT="39" HPOS="1838" VPOS="3611" WIDTH="155" />
<SP HEIGHT="27" HPOS="1994" VPOS="3623" WIDTH="29" />
<String CONTENT="council" HEIGHT="40" HPOS="2024" VPOS="3610" WIDTH="184" />
</TextLine>
<TextLine HEIGHT="49" HPOS="297" VPOS="3665" WIDTH="676">
<String CONTENT="on" HEIGHT="27" HPOS="297" VPOS="3679" WIDTH="58" />
<SP HEIGHT="28" HPOS="356" VPOS="3679" WIDTH="27" />
<String CONTENT="education." HEIGHT="41" HPOS="384" VPOS="3667" WIDTH="269" />
<SP HEIGHT="46" HPOS="654" VPOS="3667" WIDTH="70" />
<String CONTENT="(34-9880)" HEIGHT="48" HPOS="725" VPOS="3665" WIDTH="248" />
</TextLine>
<TextLine CS="1" HEIGHT="77" HPOS="228" STYLEREFS="StyleId-EFEEBAC4-2E46-4B22-9047-39D09B823B21-" VPOS="3761" WIDTH="1983">
<String CONTENT="Enciclopedia" CS="1" HEIGHT="64" HPOS="228" VPOS="3765" WIDTH="405" />
<SP HEIGHT="35" HPOS="634" VPOS="3786" WIDTH="40" />
<String CONTENT="universal" HEIGHT="53" HPOS="675" VPOS="3767" WIDTH="281" />
<SP HEIGHT="51" HPOS="957" VPOS="3768" WIDTH="41" />
<String CONTENT="ilustrada" HEIGHT="54" HPOS="999" VPOS="3767" WIDTH="272" />
<SP HEIGHT="32" HPOS="1272" VPOS="3788" WIDTH="42" />
<String CONTENT="europeo-americana" HEIGHT="64" HPOS="1315" VPOS="3772" WIDTH="585" />
<SP HEIGHT="32" HPOS="1901" VPOS="3790" WIDTH="49" />
<String CONTENT="&#8230;" CS="1" />
<SP HEIGHT="46" HPOS="2005" VPOS="3774" WIDTH="77" />
<String CONTENT="t." HEIGHT="46" HPOS="2083" VPOS="3774" WIDTH="38" />
<SP HEIGHT="49" HPOS="2122" VPOS="3771" WIDTH="42" />
<String CONTENT="9," HEIGHT="63" HPOS="2165" VPOS="3770" WIDTH="46" />
</TextLine>
<TextLine CS="1" HEIGHT="150" HPOS="296" STYLEREFS="StyleId-EFEEBAC4-2E46-4B22-9047-39D09B823B21-" VPOS="3842" WIDTH="1891">
<String CONTENT="10" HEIGHT="48" HPOS="298" VPOS="3848" WIDTH="63" />
<SP HEIGHT="64" HPOS="361" VPOS="3848" WIDTH="41" />
<String CONTENT="(Ap&#233;ndice)" CS="1" HEIGHT="69" HPOS="402" VPOS="3844" WIDTH="346" />
<SP HEIGHT="66" HPOS="748" VPOS="3846" WIDTH="90" />
<String CONTENT="[Ref-Zyz]" CS="1" HEIGHT="66" HPOS="838" VPOS="3846" WIDTH="300" />
<SP HEIGHT="65" HPOS="1138" VPOS="3847" WIDTH="79" />
<String CONTENT="Bilbao," HEIGHT="52" HPOS="1217" VPOS="3847" WIDTH="222" />
<SP HEIGHT="51" HPOS="1439" VPOS="3848" WIDTH="30" />
<String CONTENT="Madrid," HEIGHT="58" HPOS="1469" VPOS="3847" WIDTH="251" />
<SP HEIGHT="52" HPOS="1720" VPOS="3852" WIDTH="30" />
<String CONTENT="Barcelona." HEIGHT="52" HPOS="1750" VPOS="3849" WIDTH="328" />
<SP HEIGHT="50" HPOS="2078" VPOS="3848" WIDTH="33" />
<String CONTENT="Espasa-Calpe," HEIGHT="143" HPOS="296" VPOS="3848" WIDTH="1891" />
<SP HEIGHT="45" HPOS="658" VPOS="3945" WIDTH="29" />
<String CONTENT="s." HEIGHT="34" HPOS="688" VPOS="3945" WIDTH="40" />
<SP HEIGHT="33" HPOS="729" VPOS="3943" WIDTH="31" />
<String CONTENT="a." HEIGHT="33" HPOS="761" VPOS="3943" WIDTH="46" />
<SP HEIGHT="33" HPOS="808" VPOS="3958" WIDTH="35" />
<String CONTENT="[1933]" HEIGHT="63" HPOS="844" VPOS="3928" WIDTH="170" />
</TextLine>
</TextBlock>
</PrintSpace>
</Page>
</Layout>
</alto>