2350 4196
1133 3990 131 52 1756

230 380 208 62 Pogue.
472 379 221 51 Barton
724 380 167 52 Rees.

296 453 119 54 The
441 452 160 54 lifter
626 452 62 52 of
711 452 279 67 laughter,
1017 453 68 65 by
1116 452 213 51 Barton
1356 449 139 52 Rees
1524 448 205 66 Pogue.
1786 447 252 66 Upland,
2065 447 145 67 Ind.,

225 530 119 53 The
376 530 193 61 Pogue
603 547 274 44 company
933 531 156 48 [c1934]

294 605 85 39 158
440 637 8 6 p.,
492 606 23 36 1
566 636 5 5 l.
631 603 144 40 20½cm.

294 676 180 38 Poems.

231 741 50 51 ©
310 746 109 38 Dec.
446 745 38 40 6.
510 743 138 41 1934:
677 744 50 39 2c.
771 745 93 38 and
892 743 77 40 aff.
1000 744 109 37 Dec.
1136 744 79 37 24:
1245 744 37 36 A
1313 741 166 40 77824;
1510 741 51 37 B.
1591 740 52 39 R.
1673 740 173 46 Pogue.
1877 739 203 48 Upland,
2111 738 100 40 Ind.

310 802 218 47 (35-230)

227 904 241 63 Purcell,
495 905 149 52 Ross
672 905 69 54 V.

298 980 118 51 The
444 979 384 53 self-creation
861 979 63 52 of
953 979 206 67 beauty
1191 977 251 67 supplies
1475 976 110 51 and
1618 977 94 49 the
1744 974 305 68 simplified

224 973 1965 151 fundamental chemistry of cosmetics … by Ross V. Purcell.
223 1049 1963 152 [Chicago,
404 1134 227 52 Purcell
658 1136 45 49 &
729 1151 295 49 company]
1061 1134 170 50 c1934.

301 1206 85 39 119
413 1218 40 36 p.
518 1206 143 39 21½cm.

299 1276 213 39 “Fourth
540 1275 181 39 edition
756 1275 182 39 revised
969 1276 94 38 and
1094 1272 347 48 repuhlislied.”

299 1332 310 46 Advertising
639 1334 175 36 matter:
871 1341 40 36 p.
941 1330 215 43 116-119.

232 1398 50 51 ©
313 1403 99 39 Oct.
441 1402 66 40 10.
537 1401 137 40 1934:
704 1406 63 35 2c.
801 1402 98 39 Oct.
929 1401 80 40 19:
1040 1401 79 40 aff.
1151 1402 112 37 Nov
1295 1400 79 40 30:
1407 1402 38 36 A
1476 1399 166 41 77432:
1676 1401 51 37 R.
1759 1401 49 37 V.
1843 1400 203 40 Purcell.
300 1400 1896 99 Richmond.
490 1460 93 38 ind.
657 1459 218 46 (35-217)

228 1561 181 64 Rand,
439 1561 249 53 Edward
717 1562 297 63 Kennard,
1043 1562 167 53 1871-

228 1634 1960 132 … The earliest book of Tours, with supplementary descriptions
420 1714 63 52 of
528 1714 159 52 other
733 1714 380 67 manuscripts
1161 1713 62 53 of
1267 1714 200 66 Tours,
1514 1712 74 69 by
1636 1712 252 53 Edward
1935 1711 277 52 Kennard

228 1789 1454 54 Rand … with the assistance of Leslie Webber
228 1787 1961 149 Jones … Cambridge, Mass., The Mediaeval academy of America, 1934.
225 1939 1967 105 xvii. 136 p., 1 l. 1 illus., pl., LX facsim. on 30 l., diagrs. 38½cm. (Studies in the script of Tours, II)
303 2052 248 41 Half-title:
606 2053 100 39 The
731 2052 270 40 Mediaeval
1032 2054 225 44 academy
1287 2053 50 39 of
1364 2054 236 39 America.
1655 2053 305 39 Publication
1987 2063 72 29 no.
2089 2051 69 41 20.

296 2108 136 43 Plate
459 2110 38 36 A
526 2110 47 38 in
603 2108 256 48 duplicate,
890 2109 98 40 laid
1018 2111 59 36 in.

297 2165 126 40 “The
453 2167 124 37 most
609 2165 191 40 ancient
829 2165 121 40 book
984 2167 107 38 that
1123 2176 105 35 may
1262 2165 117 39 with
1412 2176 92 35 any
1540 2168 163 44 surety
1738 2167 56 38 lie
1827 2167 232 45 regarded
2096 2177 53 28 as
2181 2177 24 27 a

232 2223 199 43 product
454 2222 51 38 of
528 2222 80 38 the
635 2222 253 46 scriptoria
917 2222 50 38 of
992 2221 155 39 Tours
1173 2222 38 38 is
1239 2234 21 26 a
1291 2232 116 36 copy
1433 2222 51 39 of
1509 2222 310 47 Eugippius’s
1846 2225 216 37 extracts
2088 2221 125 40 from

233 2278 65 37 St.
323 2277 267 47 Augustine
616 2288 106 28 now
749 2278 48 38 in
824 2278 79 38 the
931 2277 333 48 Bibliothèque
1291 2279 247 40 nationale
1566 2279 50 38 of
1642 2279 152 47 Paris,
1825 2280 157 39 where
2012 2280 39 38 it
2075 2278 140 39 bears

231 2333 77 39 the
337 2333 198 39 number
560 2344 137 28 nouv.
725 2343 98 36 acq.
853 2333 82 39 lat.
965 2333 257 47 1575.”—p.
1250 2334 40 39 3.

296 2389 399 40 “Abbreviations
738 2390 75 46 (of
844 2390 147 39 books
1025 2394 120 36 most
1183 2392 272 46 frequently
1492 2392 215 46 cited)”:
1748 2403 39 36 p.
1823 2394 190 38 xv-xvi.
2078 2391 133 40 “List

224 2446 50 38 of
304 2446 224 39 reviews”:
588 2456 28 36 p
660 2446 114 39 xvii.

230 2513 50 51 ©
312 2519 105 37 Dec.
446 2518 67 38 20.
545 2517 138 40 1934.
713 2520 63 36 2c.
807 2520 108 36 Dec.
944 2518 80 38 26:
1058 2518 77 38 aff.
1167 2521 107 36 Dec.
1305 2522 79 36 24:
1416 2522 37 36 A
1484 2520 167 40 78704:
1685 2521 269 39 Mediaeval
1984 2521 229 46 academy

297 2576 48 36 of
376 2575 231 38 America.
681 2575 218 40 (35-225)

228 2676 237 65 Randle,
495 2677 181 52 Helen
709 2678 309 54 Gertrude.

294 2752 120 51 The
439 2770 208 49 proper
671 2753 118 51 diet
815 2752 92 52 for
933 2772 164 49 every
1126 2772 120 34 case
1273 2755 64 51 of
1361 2756 281 67 impaired
1672 2757 211 54 health,
1912 2757 136 50 with
226 2773 1961 107 general

378 2830 353 67 suggestions
771 2830 308 68 regarding
1116 2831 191 52 health
1348 2833 111 52 and
1500 2833 381 53 combination
1924 2833 63 53 of
2028 2833 182 66 foods,

227 2907 255 65 together
533 2908 135 49 with
721 2907 260 52 valuable
1031 2908 136 52 food
1219 2908 295 67 formulas,
1566 2912 74 66 by
1690 2911 181 52 Helen
1927 2910 284 54 Gertrude

228 2982 1982 72 Randle … assisted by J. H. Tilden … [and] Lilian Gunter
226 3060 1985 73 Davis … Greenville. S. C., Helen Randle health publications
230 3139 190 64 [c1934]

294 3209 1057 50 7 p. l., [7]-244 p. front, (port.) 23½cm.
229 3275 50 51 ©
309 3279 97 40 Oct.
462 3280 38 40 10.
528 3280 137 39 1934:
695 3282 64 37 2c.
788 3280 98 39 Oct.
915 3281 80 39 18:
1026 3282 78 38 aff.
1136 3282 98 39 Oct.
1261 3283 53 37 22:
1373 3285 37 37 A
1439 3285 167 41 77704:
1637 3287 57 37 H.
1727 3286 50 38 G.
1808 3285 199 42 Randle,
298 3285 1893 90 Greenville.
452 3338 41 36 S.
564 3369 6 6 C.
643 3337 218 41 (35-285)

230 3439 493 64 Rautenstrauch,
752 3440 239 64 Walter,
1024 3447 167 49 1880-

233 3515 1976 150 Who gets the money? How the people’s income is distributed. by Walter Rautenstrauch … New York and London,
236 3669 220 64 Harper
489 3671 43 48 &
565 3668 271 68 brothers,
870 3672 148 49 1934.

295 3739 82 40 xii.
409 3737 57 40 99
497 3749 42 36 p.
599 3740 177 46 diagrs.
837 3739 115 41 21cm.

297 3795 160 39 “First
490 3795 224 40 edition.”

229 3865 51 50 ©
356 3879 67 27 Nov.
457 3871 66 37 12.
554 3869 135 40 1934:
721 3873 64 35 2c.
862 3880 68 28 Nov.
963 3872 79 44 14;
1076 3871 78 38 aff.
1232 3882 68 28 Nov.
1332 3873 80 47 16;
1444 3875 39 37 A
1515 3875 141 40 78137;
1716 3877 191 47 Harper
1936 3876 35 39 &
2003 3877 120 38 bros.

307 3924 217 48 (35-291)
