2350 4196
1173 4015 132 47 1430

266 463 131 41 Cohn
427 465 258 48 presiding.
744 467 100 40 The
873 468 158 39 action
1065 478 97 28 was
1193 465 256 40 instituted
1479 465 61 46 by
1571 464 112 40 Mrs.
1714 464 156 39 Laura
1909 464 50 39 A.
1994 464 56 40 H.
2084 464 165 40 Rosso,

265 521 226 46 plaintiff,
533 522 193 47 against
766 524 80 40 the
889 523 147 41 Great
1080 522 251 40 American
1375 522 257 41 insurance
1676 530 244 38 company.
1993 521 99 40 The
2138 520 109 41 trial

265 580 184 39 started
479 579 130 47 April
638 579 38 47 2,
705 579 111 40 1934
843 582 93 37 and
964 591 58 28 on
1050 580 133 47 April
1211 578 66 47 13,
1306 577 125 41 1934.
1460 579 81 39 the
1566 577 111 47 jury
1704 578 207 47 brought
1939 579 46 37 in
2015 591 21 26 a
2071 577 176 40 verdict

269 634 71 39 for
374 637 80 39 the
488 637 263 39 defendant
788 637 255 39 insurance
1079 636 284 47 companies.
1428 634 100 40 The
1563 633 256 48 plaintiff’s
1855 635 190 39 counsel
2087 634 161 40 moved

266 693 45 37 to
340 696 72 36 set
438 693 134 39 aside
597 694 81 38 the
704 693 196 40 verdict.
957 694 97 39 The
1083 695 135 37 court
1244 692 169 40 denied
1443 692 81 41 the
1551 691 182 39 motion
1760 693 91 37 and
1884 693 255 45 expressed
2171 692 78 39 the

264 747 192 47 opinion
485 750 108 39 that
621 749 80 40 the
730 750 181 39 verdict
940 759 99 30 was
1068 761 24 29 a
1124 749 99 40 fair
1250 759 101 29 one.

267 805 50 50 ©
353 808 98 40 Oct.
485 809 67 38 22.
586 808 138 39 1934:
759 808 65 39 2c.
858 809 99 39 Oct.
992 807 80 42 24;
1108 807 79 41 aff.
1222 808 99 39 Oct.
1355 806 54 40 23
1428 817 7 27 :
1472 807 38 37 A
1544 805 167 42 75912;
1747 808 206 39 Powers,
1988 807 193 47 Kaplan
2214 807 36 39 &

334 865 191 46 Berger.
555 865 115 39 New
698 865 143 39 York.
913 864 277 47 (34-35820)

263 951 298 66 Schapiro,
590 955 179 51 Jacob
797 954 251 64 Salwyn,
1080 958 167 49 1878-

337 1028 314 54 Condorcet
693 1032 109 51 and
843 1032 93 51 the
978 1031 107 53 rise
1126 1030 62 53 of
1226 1028 328 56 liberalism,
1593 1030 74 66 by
1706 1031 54 52 J.
1804 1029 231 67 Salwyn
265 1029 1956 144 Schapiro.

482 1108 1597 66 New York. Harcourt. Brace and company [ c 1934]
335 1182 23 35 5
385 1192 40 36 p.
489 1213 6 8 l..
524 1182 137 39 3-311
694 1193 41 36 p.
790 1182 145 39 front,
968 1182 170 48 (port.)
1200 1180 54 39 22
1259 1184 43 20 cm
1309 1214 6 6 .

336 1238 159 39 “First
524 1238 226 39 edition."

267 1291 50 50 ©
352 1295 100 41 Oct.
485 1296 67 37 11.
586 1294 138 40 1934:
759 1295 65 38 2c.
857 1296 91 38 and
984 1295 80 39 aff.
1097 1295 97 39 Oct.
1230 1296 80 39 17:
1344 1295 40 37 A
1416 1293 169 41 76569:
1621 1294 260 40 Harcourt.
1915 1295 153 38 Brace
2101 1295 35 38 A
2168 1304 80 30 co..

333 1351 89 39 inc.
494 1351 277 47 (34-35863)

262 1423 471 66 Scharreimann,
769 1425 289 64 Wilhelm,
1097 1429 166 49 1875-

392 1504 1857 67 … In der Pickbalge; roman einer deutschen gasse. Bremen,
262 1580 716 69 C. Schünemann [ c 1934]
336 1653 97 43 255,
468 1656 52 47 ©
554 1666 40 35 p.
657 1654 55 40 20
715 1657 41 20 cm
764 1687 7 7 .

340 1712 194 37 “Erstes
567 1713 71 38 bis
672 1713 196 45 zehntep
899 1712 201 38 tausend
1145 1709 193 46 (14.-23.
1374 1712 200 38 tausend
1609 1711 83 38 der
1715 1710 414 44 gesnmtauflage)”

267 1766 1817 50 © May 28. 1934 : 1c. Oct. 2 : A-Foreign 25821: Carl Schiinemann.
343 1825 277 48 (34-35499)

262 1901 248 64 Schenk,
544 1901 245 55 Gustav.

389 1979 1582 66 … Page! im gluck. Bremen. C. Schiinemann [ c 1934]
334 2050 431 49 183. [1] p. 20 cm .
267 2105 1868 51 © May 28. 1934 : 1c. Oct. 2 : A-Foreign 25819: Carl Schünemann.
344 2165 278 44 (34-85497)

262 2241 335 64 Schneider,
636 2242 205 64 Georg,
878 2243 170 53 1876-

334 2319 224 66 Theory
598 2320 110 51 and
746 2319 219 65 history
1005 2320 63 50 of
1105 2320 422 67 bibliography,
1566 2321 73 65 by
1679 2319 191 67 Georg
1909 2319 335 54 Schneider:

262 2395 311 53 translated
606 2397 73 66 by
712 2397 188 66 Ralph
937 2398 210 51 Robert
1183 2397 184 55 Shaw.
1444 2399 137 50 New
1604 2397 179 67 York,
1806 2396 296 57 Columbia
262 2397 1963 143 university
510 2492 172 49 press.
722 2478 148 48 1934.

332 2547 1917 48 xiv, 306 p , 1 l. 23½ cm . (Half-title: Columbia university studies in
264 2604 183 45 library
474 2605 195 38 service,
726 2616 71 26 no.
856 2605 12 37 I)

335 2661 142 38 "This
503 2661 121 39 book
652 2664 220 43 presents
900 2672 23 28 a
957 2662 292 39 translation
1279 2662 51 39 of
1357 2663 81 38 the
1469 2661 559 40 theoretical-historical
2058 2661 191 48 portion

264 2717 50 38 of
337 2716 182 47 George
549 2717 299 40 Schneider's
872 2718 271 39 Handbuch
1170 2719 82 39 der
1277 2718 363 48 bibliographic,
1670 2718 131 40 third
1820 2717 195 48 edition,
2035 2716 206 41 1926.”—

264 2773 298 40 Translator's
617 2775 121 45 pref.

265 2825 50 51 ©
345 2831 99 39 Oct.
472 2829 68 41 29.
570 2829 138 40 1934:
741 2830 63 39 2c.
836 2832 93 37 and
961 2830 78 40 aff.
1072 2831 99 41 Oct.
1199 2832 81 39 31:
1312 2833 42 37 A
1381 2831 168 40 76812:
1583 2832 246 40 Columbia
1863 2831 125 40 univ.
2020 2841 147 37 press.

342 2887 277 46 (34-35846)

261 2957 422 69 Shakespeare,
717 2961 271 64 William,
1026 2966 323 50 1564-1616.

336 3036 428 68 Shakespeare’s
801 3040 120 51 The
954 3041 241 66 tragedy
1230 3040 64 52 of
1326 3042 253 65 Hamlet,
1613 3041 195 68 prince
1841 3041 64 52 of
1937 3039 310 68 Denmark,

264 3114 1981 72 edited by Max J. Herzberg … Boston, New York [etc.] D. C.
263 3193 857 68 Heath and company [ c 1934]
352 3266 28 41 li.
417 3266 83 40 199
536 3278 41 36 p.
640 3266 148 41 front,
818 3267 169 48 (port.)
1033 3268 140 43 illus.,
1210 3270 152 49 diagr.
1425 3272 53 38 17
1482 3273 43 21 cm
1531 3304 7 8 .
1612 3271 207 47 (Golden
1852 3271 92 47 key
1979 3270 172 48 series)

334 3323 220 41 Includes
592 3323 386 48 bibliographies.

267 3376 1979 53 © Oct. l. 1934: 2c. Oct. 12: aff. Oct. 22: A 76667; Max J. Herzberg.
335 3436 150 40 South
521 3437 201 47 Orange.
805 3469 6 7 N.
848 3437 41 38 J.
954 3436 281 48 [Copyright
1263 3438 39 40 is
1339 3439 202 40 claimed
1577 3451 60 28 on
1671 3440 196 45 editing,
1902 3439 119 40 with
2054 3440 194 46 preface

333 3494 93 38 and
454 3493 341 48 introduction]
869 3493 277 39 (34-35857)

262 3565 282 64 Shepard,
576 3567 278 55 Graham.

327 3642 1921 70 Tea-tray in the sky, by Graham Shepard … London,
261 3719 66 52 A.
363 3719 235 64 Barker,
631 3719 102 52 ltd.
794 3722 150 64 [1934]

328 3789 476 52 407, [1] p. 19½ cm .
266 3845 1979 54 © 1c. Oct. 17, 1934; A ad int. 19481; pubd. Aug. 20: Graham Howard
335 3905 228 47 Shepard.
594 3905 270 40 Guildford.
897 3905 190 48 Surrey,
1118 3906 232 47 England.
1423 3907 277 47 (34-36226)
