2350 4196
1144 4009 99 48 310

204 381 350 68 O’Sullivan,
586 385 199 52 Frank
816 383 235 64 Dalton,
1084 385 132 53 1878-

270 458 245 55 Rackets;
569 478 73 34 an
664 461 204 67 exposé
888 460 64 54 of
972 461 97 53 the
1090 461 257 54 methods
1371 462 114 54 and
1509 461 277 70 practices
1808 461 65 54 of
1893 462 98 53 the
2013 462 182 54 better

205 537 250 53 business
486 537 241 54 bureaus
761 538 304 69 operating
1098 538 59 53 in
1190 538 137 70 fifty
1360 540 160 69 large
1553 539 160 53 cities
1749 539 64 54 of
1846 540 97 53 the
1977 540 218 55 United

205 612 205 70 States,
454 616 113 51 and
610 615 64 53 of
716 616 162 51 other
922 616 373 69 outstanding
1338 617 237 70 rackets,
1618 616 75 70 by
1737 617 199 53 Frank
1978 616 219 54 Dalton

203 690 354 55 O’Sullivan.
635 692 269 69 Chicago,
943 693 113 66 Ill.,
1095 693 121 54 The
1255 693 338 56 O’Sullivan
1633 693 336 71 publishing
2007 695 188 67 house,

205 772 149 51 1933.

271 841 86 42 128
382 854 43 37 p.
485 842 56 39 21½
574 845 45 21 cm
622 875 8 8 .

206 896 51 51 ©
291 902 119 38 Mar.
442 902 38 45 1,
512 901 139 45 1933;
684 900 65 40 2c.
784 902 93 37 and
909 900 79 40 aff.
1024 902 120 38 Mar.
1176 901 67 42 10,
1276 901 139 42 1934;
1452 903 38 37 A
1522 902 168 47 69794;
1727 902 49 40 F.
1811 903 55 40 D.
1901 901 293 45 O'Sullivan.

274 957 221 48 Chicago.
568 956 250 49 (34-6018)

204 1033 364 63 Overstreet,
601 1036 137 50 Mrs.
773 1033 235 53 Bonaro
1037 1033 384 65 (Wilkinson)

270 1110 301 67 Footsteps
612 1127 73 34 on
723 1109 96 53 the
858 1109 162 53 earth
1065 1109 108 67 [by]
1220 1111 227 51 Bonaro
1485 1109 327 55 Wilkinson
1854 1110 339 53 Overstreet.

200 1188 138 52 New
368 1187 179 66 York,
573 1186 71 52 A.
673 1187 70 51 A.
773 1186 225 68 Knopf,
1029 1189 148 51 1934.

269 1259 543 49 xv, 64 p., 1 l. 20cm.
272 1316 162 41 “First
466 1315 226 42 edition.”

270 1373 184 40 Poems.

206 1426 51 52 ©
285 1432 119 37 Mar.
432 1428 209 49 12,1934;
695 1429 65 39 2c.
789 1431 93 37 and
910 1428 81 40 aff.
1018 1430 121 39 Mar.
1166 1429 53 39 15;
1275 1429 40 38 A
1342 1428 141 40 70683;
1540 1428 170 40 Alfred
1738 1429 52 38 A.
1819 1429 178 46 Knopf,
2026 1429 90 41 inc.

287 1487 250 48 (34-6069)

202 1563 243 63 Peacey,
476 1562 199 56 Seton.

273 1640 122 51 The
436 1639 285 52 chronicle
763 1637 63 54 of
870 1637 266 56 Caroline
1178 1638 257 66 Quellen,
1477 1637 379 67 centenarian,
1900 1639 74 66 by
2019 1638 171 55 Seton

201 1718 231 65 Peacey.
509 1717 138 52 New
684 1716 179 67 York,
896 1717 76 52 H.
1012 1715 188 56 Smith
1234 1717 112 51 and
1382 1717 66 52 R.
1483 1717 178 64 Haas,
1698 1719 148 50 1934.

273 1787 86 41 575
388 1799 29 37 p
491 1788 55 38 21
550 1791 43 20 cm

204 1842 51 51 ©
285 1847 119 38 Mar.
434 1845 68 46 19,
530 1845 140 45 1934;
700 1844 66 40 2c.
797 1846 119 38 Mar.
945 1844 82 47 26;
1059 1843 80 41 aff.
1170 1846 119 38 Mar.
1318 1844 81 46 23;
1430 1845 43 38 A
1499 1844 169 47 70811;
1700 1844 242 40 Harrison
1974 1844 156 40 Smith
2158 1845 37 40 &

274 1903 181 39 Robert
484 1903 150 46 Haas,
666 1902 89 39 inc.
828 1901 250 47 (34-6052)
1985 1899 118 42 2004

204 1977 240 63 Pettric,
473 1977 205 54 Victor
706 1978 64 54 F.

273 2054 184 66 Head,
483 2053 177 67 heart,
687 2053 151 52 heels;
893 2051 105 55 life
1025 2052 311 66 insurance,
1360 2051 162 53 write
1546 2053 49 52 it
1618 2050 156 68 right
1794 2052 9 51 !
1883 2051 88 68 By
1998 2050 197 53 Victor

204 2128 1987 69 F. Pettric … Milwaukee, Wis., Olsen publishing company
206 2242 14 34 [
222 2217 19 20 c
247 2211 152 65 1934]

272 2279 1065 50 5 p. l., [13]-160 p. illus. (port.) 21 cm .
204 2336 50 51 ©
287 2341 110 39 Feb.
428 2341 39 45 2,
499 2340 117 39 1934;
673 2340 65 39 2c.
772 2341 93 38 and
897 2337 81 42 aff.
1011 2340 120 39 Mar.
1162 2340 55 38 17;
1277 2340 39 37 A
1347 2339 169 46 70738;
1553 2338 144 41 Olsen
1729 2340 107 47 pub.
1869 2350 66 30 co.

282 2396 250 48 (34-5944)

203 2471 218 64 Pound,
453 2472 250 64 Arthur,
738 2475 168 49 1884-

269 2548 122 52 The
431 2547 239 69 turning
712 2548 204 67 wheel;
959 2548 97 52 the
1096 2553 157 63 story
1295 2547 64 53 of
1400 2547 244 55 General
1687 2553 214 48 motors
1943 2547 250 68 through

201 2625 349 69 twenty-five
580 2644 180 50 years,
795 2627 328 65 1908-1933,
1153 2625 76 68 by
1262 2625 225 52 Arthur
1521 2625 234 67 Pound;
1795 2625 288 68 drawings
2117 2625 75 69 by

201 2702 258 54 William
499 2703 211 68 Heyer.
789 2702 232 55 Garden
1065 2701 152 70 City,
1259 2702 69 53 N.
1375 2702 90 69 Y.,
1509 2701 356 70 Doubleday,
1908 2703 199 52 Doran
2148 2703 46 50 &

200 2798 296 51 company,
525 2781 126 67 inc.,
683 2784 149 49 1934.

268 2851 1064 51 xvi p., 1 l., 517 p. front., illus. 23½cm.
270 2908 287 42 Illustrated
591 2910 361 48 lining-papers.

269 2964 179 42 Errata
476 2966 91 47 slip
594 2967 214 39 inserted
834 2966 213 41 between
1073 2975 146 38 pages
1245 2964 58 41 46
1331 2966 93 39 and
1454 2965 69 42 47.

268 3020 348 49 Bibliography:
677 3033 44 37 p.
754 3021 217 42 491-499.

203 3076 50 51 ©
282 3081 109 38 Feb.
418 3080 67 43 16,
513 3080 113 40 1934;
681 3081 68 39 2c.
777 3083 93 37 and
900 3079 79 41 aff.
1008 3080 107 39 Feb.
1145 3080 54 38 24;
1256 3080 39 37 A
1324 3078 141 41 70720;
1524 3080 296 46 Doubleday,
1851 3081 166 39 Doran
2045 3079 35 40 &
2107 3090 82 33 co.,

271 3136 89 40 inc.
435 3136 250 48 (34-6016)

201 3209 228 66 Powell,
463 3211 253 55 Edward
749 3211 353 65 Alexander,
1137 3212 170 52 1879-

329 3287 1862 69 … The long roll on the Rhine. New York, The Macmillan
198 3383 297 49 company,
527 3369 149 49 1934.

268 3437 894 50 4 p. l., 231 p. front, (port.) 22½cm.
271 3496 62 38 At
358 3496 122 38 head
507 3494 50 40 of
583 3495 108 40 title:
749 3495 194 40 Colonel
970 3496 51 38 E.
1048 3494 273 40 Alexander
1347 3494 193 41 Powell.

205 3547 50 51 ©
283 3553 119 38 Mar.
429 3552 68 45 20,
525 3552 139 41 1934;
693 3553 65 38 2c.
788 3554 92 38 and
909 3552 81 40 aff.
1018 3553 119 38 Mar.
1165 3552 51 37 21;
1274 3552 40 37 A
1341 3551 142 39 70747;
1541 3551 280 40 Macmillan
1849 3562 64 29 co.

281 3608 248 47 (34-6054)

199 3681 1965 141 Quarterly cumulative index medicus … v. 14, July-December, 1933. Chicago, American medical association r c 1934]
270 3836 113 37 1433
413 3845 42 36 p.
513 3833 54 39 26½
601 3835 43 20 cm
649 3865 7 7 .

204 3886 50 51 ©
285 3892 119 37 Mar.
432 3889 68 47 22,
529 3889 139 40 1934;
699 3889 64 40 2c.
795 3891 93 38 and
918 3889 79 40 aff.
1029 3890 120 38 Mar.
1178 3888 80 45 26;
1289 3888 40 38 A
1358 3887 142 40 70897;
1559 3888 157 39 Amer,
1746 3886 201 40 medical
1979 3896 125 31 assn.
