2350 4196
1131 4004 100 48 466

172 387 347 64 Bernbaum,
551 388 236 62 Ernest,
822 385 167 53 1879-
1200 386 83 54 ed.

171 463 1988 145 … Victorian literature, selected and edited by Ernest Bernbaum … 2d ed., rev. and enl. New York, T. Nelson and sons,
173 623 148 50 1933.

246 704 1615 51 5 p. l., 9-779 p. 17 cm . (Nelson’s English readings, v. 6)
246 776 275 40 Half-title:
555 777 218 41 Nelson’s
805 778 201 47 English
1038 779 160 46 series,
1232 779 196 47 general
1457 777 271 41 editor—E.
1763 777 286 41 Bernbaum.

247 833 40 38 A
331 832 248 40 combined
621 831 181 41 edition
849 833 50 39 of
943 834 79 38 the
1069 833 214 39 author’s
1327 834 172 39 works.
1545 834 100 38 The
1691 833 175 40 earlier
1910 834 246 42 Victorian

176 892 164 47 period
367 893 95 38 and
491 892 146 39 Later
666 892 249 40 Victorian
943 892 268 46 literature,
1239 892 253 48 published
1520 892 48 38 in
1596 890 126 41 1930.

178 961 1985 51 © Sept. 12. 1933; 2c. and aff. Apr. 11, 1934; A 72116: Thomas Nelson &
247 1032 122 28 sons.
443 1020 248 47 (34-9895)

180 1122 256 63 Browne,
468 1122 208 58 Lewis,
709 1124 170 50 1897-

309 1199 1857 67 … How odd of God; an introduction to the Jews … New
183 1278 173 66 York,
385 1278 120 52 The
533 1277 334 53 Macmillan
896 1296 293 49 company,
1221 1281 150 49 1934.

248 1363 556 50 xi p., 1 l., 250 p. 20½cm.
183 1434 51 50 ©
276 1437 111 47 Apr.
430 1438 67 40 17.
540 1437 138 40 1934;
723 1437 65 40 2c.
831 1438 92 38 and
966 1436 80 40 aff.
1088 1436 110 47 Apr.
1240 1436 80 39 18:
1365 1437 40 37 A
1447 1436 167 41 72077:
1660 1438 47 37 L.
1752 1438 217 46 Browne,
2015 1439 149 40 Santa

254 1493 202 42 Monica,
488 1494 141 40 Calif.
702 1493 249 48 (34-9887)

181 1597 257 64 Buchan,
468 1598 172 54 John,

250 1672 196 56 Oliver
489 1674 315 54 Cromwell.
883 1678 41 48 8.
1004 1675 232 54 Charles
1277 1674 90 53 ids
1407 1676 268 67 crushing
1716 1676 208 52 defeat,

262 1756 84 43 (In
371 1751 199 42 London
599 1750 199 52 Sunday
828 1751 160 43 times.
1019 1751 124 42 Mar.
1175 1752 68 48 18,
1275 1752 142 48 1934)

186 1823 1966 100 © 1c. May 16, 1934; A ad int. 18945: pubd. Mar. 18: J. Buchan, Elsfield.
413 1883 332 45 Oxfordshire,
781 1882 234 47 England.

180 1985 181 65 Buell,
390 1987 306 61 Raymond
726 1985 207 63 Leslie,
967 1989 169 48 1896-
1347 1986 82 52 ed.

253 2064 136 52 New
417 2069 397 62 governments
841 2063 60 52 in
929 2064 256 67 Europe;
1217 2063 95 52 the
1340 2064 164 51 trend
1533 2063 219 52 toward
1781 2063 394 66 dictatorship,

184 2141 74 69 by
284 2143 152 51 Vera
460 2142 270 52 Micheles
754 2142 179 66 Dean,
960 2142 201 66 Bailey
1186 2143 86 51 W.
1302 2141 181 67 Diffie,
1511 2141 264 53 Malbone
1804 2142 88 51 W.
1922 2141 255 54 Graham

191 2221 147 65 [and]
377 2221 253 52 Mildred
668 2220 54 54 S.
761 2220 404 66 Wertheimer;
1206 2220 138 52 with
1383 2240 72 33 an
1490 2220 388 52 introduction

184 2220 1990 145 by Raymond Leslie Buell … New York, T. Nelson and sons, 1934.
255 2384 994 50 2 p. l., iii-xiv, 15-440 p. diagrs. 19½cm.
258 2456 174 40 Edited
457 2457 60 47 by
547 2457 52 38 R.
630 2457 49 40 L.
709 2457 153 39 Buell,
924 2457 60 47 cf.
1013 2456 295 41 Publisher’s
1338 2459 393 38 announcement.

259 2514 66 38 “A
349 2513 298 48 publication
675 2513 50 39 of
751 2514 80 40 the
858 2512 203 48 Foreign
1090 2513 154 48 policy
1272 2513 337 40 association.”

260 2570 126 38 “The
416 2572 192 45 present
639 2570 188 39 volume
857 2569 42 41 is
930 2570 147 39 based
1107 2570 184 47 largely
1324 2581 59 28 on
1414 2581 25 28 a
1476 2570 249 40 collection
1760 2569 50 40 of
1842 2570 79 40 the
1957 2569 219 49 [Foreign

187 2625 170 49 policy]
392 2628 189 45 reports
613 2627 202 39 devoted
848 2628 47 38 to
930 2627 81 39 the
1043 2636 104 29 new
1176 2628 337 46 governments
1547 2626 51 39 of
1632 2628 203 46 Europe,
1871 2627 83 39 but
1990 2627 184 39 revised

189 2693 51 28 so
268 2692 54 30 as
346 2685 47 37 to
420 2681 140 49 bring
584 2683 129 40 them
741 2692 64 38 up
831 2685 47 37 to
905 2682 345 41 date.”—Pref.

193 2748 1984 52 © Apr. 5. 1934; 2c. Apr. 12: aff, Apr. 11: A 72000; Thomas Nelson &
261 2818 122 30 sons.
457 2809 247 47 (34-9632)

188 2911 340 65 Carpenter,
565 2914 272 63 Frances,
877 2916 169 48 1890-

321 2986 1856 72 … Our neighbors near and far, by Frances Carpenter,
195 3065 1957 145 F. R. G. S. New York, Cincinnati [etc.] American book company [ c 1934]
263 3220 62 41 ix.
367 3223 68 48 [1].
472 3221 84 39 222
590 3231 42 37 p.
669 3222 107 39 incl.
814 3222 82 40 col.
934 3222 160 47 front.,
1132 3223 140 47 illus.,
1310 3233 149 37 maps.
1520 3223 55 40 25½
1608 3225 43 22 cm
1657 3255 7 7 .
1736 3222 124 46 (Our
1896 3223 151 40 world
2084 3224 92 38 and

192 3277 255 41 ourselves,
514 3277 134 49 [book
684 3279 66 48 1])

264 3345 285 43 Illustrated
583 3348 357 48 lining-papers.

198 3414 1981 54 © Apr. 10. 1934; 2c. and aff. Apr. 16; A 72068: Amer. book co. [©
268 3476 206 46 changes
503 3477 92 38 and
623 3476 366 50 modifications]
1063 3478 247 48 (34-9598)

193 3577 275 65 Christie,
498 3581 155 61 May.

268 3653 1913 70 Glittering girl, a novel, by May Christie … New York,
198 3730 555 67 Grosset & Dunlap [c1934]
269 3807 409 49 3 p. l., 309 p. 19½cm.
199 3877 49 51 ©
279 3882 110 47 Apr.
420 3882 69 40 25.
520 3882 111 40 1934;
691 3881 65 41 2c.
788 3884 92 38 and
912 3882 81 41 aff.
1025 3884 110 47 Apr.
1169 3884 78 45 27;
1282 3885 39 38 A
1355 3884 167 40 72199;
1560 3885 196 40 Grosset
1788 3884 36 39 &
1854 3883 207 46 Dunlap,
2093 3881 90 39 inc.

279 3938 248 49 (34-9912)
