2350 4196
1117 4012 122 48 1264

196 458 52 50 ©
275 463 116 36 Aug.
425 462 65 37 14.
522 461 111 37 1934;
693 463 65 36 2c.
792 460 126 40 Sept.
950 460 79 39 20;
1063 460 81 39 aff.
1176 461 125 46 Sept.
1334 461 79 38 10:
1448 462 39 37 A
1519 461 166 39 75431;
1720 461 125 39 John
1875 463 49 38 C.
1954 461 221 39 Winston

290 531 38 23 co.
401 516 275 44 (34-31793)

188 595 195 55 Stone,
417 593 220 70 Irving.

263 668 138 52 Lust
443 667 94 52 for
575 667 132 53 life:
752 668 93 52 the
884 669 164 51 novel
1090 668 64 52 of
1192 669 247 52 Vincent
1481 686 109 33 van
1633 667 187 69 Gogh,
1861 668 74 68 by
1976 668 205 67 Irving

196 744 186 54 Stone.
458 746 255 53 London.
753 745 137 52 New
930 746 162 51 York
1136 752 135 60 [etc.]
1317 746 344 66 Longmans,
1702 744 184 55 Green
1931 747 111 51 and
2084 762 96 49 co.,

195 826 146 50 1934.

294 896 592 46 x p., 1 l., 489 p. 21½cm.
265 953 159 39 ‘‘First
460 953 224 38 edition."

266 1009 226 39 “Printed
520 1011 47 36 in
596 1010 79 38 the
709 1009 172 39 Fnited
912 1008 160 40 States
1099 1009 50 38 of
1175 1008 263 39 America.“

199 1064 49 50 ©
287 1070 124 44 Sept.
446 1073 68 33 26.
550 1068 108 38 1934:
724 1071 66 35 2c.
829 1067 124 47 Sept.
991 1067 54 37 28:
1112 1067 77 38 aff.
1230 1067 125 46 Sept.
1392 1066 54 39 29:
1511 1067 41 37 A
1587 1068 134 37 75541:
1794 1068 34 37 I.
1872 1067 155 47 Stone,
2065 1068 114 37 New

264 1125 139 38 York.
477 1124 277 45 (34-31042)

193 1200 246 64 Tarbell,
470 1201 256 53 Martha.

265 1277 271 51 Tarbells
567 1279 268 49 teachers'
863 1278 170 67 guide
1064 1283 56 47 to
1152 1278 93 50 the
1274 1276 421 53 International
1729 1277 445 65 Sunday-school

196 1356 223 52 lessons,
457 1356 293 66 improved
784 1355 257 52 uniform
1075 1373 188 33 course
1300 1353 91 53 for
1428 1357 148 48 1935.
1654 1355 130 51 30th
1822 1359 208 49 annual

194 1355 1981 143 volume. [By] Martha Tarbell … New York. London [etc.]
194 1511 263 66 Fleming
556 1554 8 8 H.
599 1511 196 52 Revell
828 1529 276 49 company
1183 1515 149 61 [c1934]

263 1584 83 40 432
374 1596 42 36 p.
473 1584 147 37 front.,
703 1585 87 38 illus,
821 1584 100 40 (incl.
981 1592 159 39 maps)
1177 1584 169 47 plates,
1376 1588 147 43 ports.
1580 1583 145 39 22½cm.

197 1637 51 51 ©
277 1642 99 39 Oct.
466 1672 6 7 13.
503 1642 137 37 1934;
670 1643 64 35 2c.
763 1642 94 37 and
884 1640 78 39 aff.
993 1640 99 40 Oct.
1122 1640 79 39 20:
1233 1641 39 37 A
1302 1641 140 39 75885;
1502 1641 59 38 M.
1591 1641 207 38 Tarbell.
1830 1641 117 39 East
1978 1640 201 49 Orange.

265 1699 52 37 N.
349 1699 42 37 J.

187 1772 288 63 Terhune,
507 1772 208 53 Albert
746 1772 251 63 Payson,
1032 1772 168 53 1872-

265 1849 116 51 The
414 1848 146 52 book
593 1847 64 54 of
691 1847 370 69 Sunnybank,
1093 1848 76 68 by
1198 1847 205 53 Albert
1438 1849 226 66 Payson
1699 1847 262 52 Terhune;
194 1847 1965 131 illustrated
425 1926 138 51 with

608 1926 393 67 photographs
1045 1925 74 68 by
1160 1925 295 68 Margaret
1499 1924 465 53 Bourke-White.
2046 1925 135 52 New

196 2003 161 51 York
384 2005 112 51 and
524 2003 258 66 London,
810 2003 231 68 Harper
1071 2003 45 49 &
1145 2002 275 68 brothers,
1452 2005 149 49 1934.

261 2076 51 38 ix
336 2087 56 36 p.,
421 2078 18 36 1
495 2108 21 15 l.,
546 2075 84 40 273
656 2086 42 37 p.
760 2077 160 44 front.,
949 2076 170 47 plates.
1180 2074 143 44 22½cm.

263 2132 161 40 “First
453 2133 225 40 edition.”

199 2187 50 44 ©
286 2193 121 38 Sept.
446 2192 66 37 21.
547 2190 139 39 1934:
724 2192 64 38 2c.
825 2191 126 46 Sept.
986 2191 80 39 19;
1102 2189 79 41 aff.
1218 2191 125 46 Sept.
1377 2190 80 39 24:
1495 2192 38 36 A
1569 2191 166 39 76065:
1774 2192 53 39 A.
1861 2191 48 38 P.
1945 2191 236 40 Terhune.

267 2246 934 49 Pompton L akes, N . J. (34-31639)
187 2323 230 61 Tomás,
451 2322 210 54 Benito
690 2323 274 53 Luciano.

263 2398 349 52 liarlemitta
648 2400 238 51 dreams,
916 2399 72 61 by
1022 2398 204 52 Benito
1257 2398 253 52 Luciano
1542 2398 222 52 Tomas.
1833 2397 138 52 New
2006 2395 178 55 York.

196 2478 147 50 1934.

266 2547 731 48 95 p . illus. (port.) 23½cm.
201 2602 50 51 ©
291 2608 124 45 Sept.
512 2639 7 8 18.
557 2607 138 40 1934:
734 2609 66 39 2c.
839 2609 92 37 and
971 2607 79 39 aff.
1093 2610 124 43 Sept.
1254 2608 80 37 21:
1375 2608 37 36 A
1451 2606 166 40 76039:
1659 2608 53 38 B.
1750 2607 50 38 L·.
1838 2606 188 40 Tomás.
2066 2606 115 38 New

266 2664 142 38 York.
480 2664 277 46 (34-31635)

190 2735 213 55 Valera
432 2755 38 46 y
497 2737 166 53 Alcalá
730 2738 260 63 Galiano,
1021 2739 169 52 Juan.
1226 2741 322 49 1824-1905.

264 2814 206 67 Pepita
501 2814 272 68 Jimenez,
805 2816 74 68 by
909 2815 153 54 Juan
1094 2815 237 66 Valera;
1367 2813 275 69 abridged
1677 2814 111 52 and
1822 2813 187 53 edited
2043 2811 138 54 with

196 2889 1986 71 notes, exercises, and vocabulary by M. A. DeVitis … and
195 2966 1987 70 Dorothy Torrevson … New’ York, The Macmillan company,
198 3047 146 50 1934.

267 3118 61 38 xi.
363 3118 83 38 212
483 3128 38 36 p.
587 3118 109 39 18cm.
770 3122 91 36 [On
901 3130 161 29 cover:
1095 3119 98 40 The
1230 3118 279 40 Macmillan
1547 3118 235 47 Hispanic
1819 3118 172 46 series)

272 3172 85 40 “In
385 3175 80 38 the
492 3176 193 44 present
714 3175 182 41 edition
928 3177 95 48 [the
1053 3177 194 48 editors]
1279 3176 121 39 have
1432 3175 227 46 abridged
1692 3175 81 40 the
1804 3174 119 40 book
1952 3175 58 44 by
2042 3174 142 38 about

200 3238 86 31 one
310 3229 119 48 half,
456 3229 80 41 the
561 3230 254 41 omissions
841 3232 265 48 consisting
1129 3231 171 47 chiefly
1326 3232 51 40 of
1399 3241 120 38 page
1547 3231 130 40 after
1702 3241 119 38 page
1847 3230 50 40 of
1922 3231 262 46 mysticism

200 3294 52 27 or
297 3286 297 46 philosophy,
641 3287 155 39 which
847 3298 80 30 aie
973 3289 183 46 beyond
1205 3290 80 38 the
1335 3288 391 47 comprehension
1779 3287 51 40 of
1878 3288 308 43 second-year

200 3342 220 40 students
454 3342 51 39 of
537 3341 442 47 Spanish.”—Pref.

201 3396 50 49 ©
284 3401 122 46 Sept.
437 3401 67 38 25.
534 3400 138 39 1934:
703 3401 65 38 2c.
797 3403 93 37 and
920 3402 80 40 aff.
1031 3402 126 40 Sept.
1184 3403 80 38 26:
1295 3404 37 37 A
1364 3402 165 40 76124:
1563 3403 278 39 Macmillan
1872 3413 64 28 co.

279 3457 275 39 (34-31636)

191 3528 236 58 Wilson,
461 3531 337 52 Nathaniel.

267 3605 188 52 Books
488 3605 63 52 of
584 3625 27 32 a
648 3607 298 67 vagabond
983 3609 109 51 and
1128 3610 159 51 other
1320 3627 183 49 verse;
1544 3608 260 52 fourteen
1841 3608 248 52 volumes
2123 3607 58 51 in

196 3698 119 35 one.
349 3683 73 67 by
455 3682 307 53 Nathaniel
795 3684 236 52 Wilson.
1100 3686 231 54 Boston,
1366 3687 120 52 The
1522 3685 374 69 Christopher
197 3683 1960 142 publishing
322 3758 175 53 house
605 3762 116 63 [c1934]

266 3829 85 40 567
381 3841 43 38 p.
484 3832 114 38 21cm.

200 3884 52 51 ©
279 3890 115 41 Aug.
423 3889 67 45 20,
521 3889 107 40 1934:
685 3889 64 41 2c.
780 3892 92 38 and
900 3891 80 40 aff.
1012 3891 124 47 Sept.
1165 3896 51 34 24:
1274 3894 39 37 A
1341 3892 138 41 76081:
1540 3893 314 48 Christopher
1882 3892 107 47 pub.
2018 3893 162 39 house.

280 3945 275 47 (34-31637)
