2350 4196
1137 4013 129 51 1422

219 380 269 59 Hawton,
519 381 237 56 Hector.

285 455 254 67 Chasing
581 454 95 54 the
718 473 184 51 moon,
945 457 35 52 by
1065 458 214 51 Hector
1323 457 267 52 Hawton.
1665 458 257 66 London,
1970 459 232 66 Collins,

214 536 149 49 1934.

283 606 87 39 252
397 617 42 36 p.
500 605 58 41 19
558 608 45 21 cm
608 637 8 9 .

220 658 1984 53 © 1c. Oct. 27, 1934; A ad int. 19493; pubd. Aug. 29; H. Hawton, St.
286 721 141 45 Mary
453 720 206 45 Bourne,
688 730 71 30 nr.
789 721 236 46 Andover,
1056 720 173 46 Hants,
1261 720 235 47 England.
1568 720 278 48 (34-36234)

218 821 286 64 Hegland,
535 824 137 54 Mrs.
705 823 246 53 Edwina
982 824 304 63 (Kenney)

288 898 121 53 The
444 917 143 49 open
621 901 166 66 door;
826 919 32 33 a
892 900 218 68 library
1144 901 286 52 reference
1463 902 157 50 work
1654 901 162 67 book,
1854 903 70 65 by
1961 903 241 51 Edwina

217 976 239 68 Kenney
494 977 270 68 Hegland
804 981 111 51 and
955 978 281 55 Sheridan
1278 978 286 67 Hegland.
1644 978 280 55 Stanford
217 979 1964 134 University,
377 1055 192 66 Calif.,
601 1055 281 55 Stanford
910 1055 316 67 university
1254 1074 156 49 press
1444 1089 12 33 [
1461 1062 17 21 c
1484 1060 135 48 1934
1622 1089 11 33 ]

290 1127 56 40 36
377 1136 43 36 p.
481 1126 54 41 23½
568 1129 44 21 cm
617 1161 7 6 .

294 1182 167 41 “Some
489 1194 214 29 common
730 1184 415 40 abbreviations”:
1172 1195 41 37 p.
1244 1185 55 48 [3]
1327 1185 51 38 of
1402 1195 152 30 cover.

291 1239 348 49 Bibliography
658 1252 8 27 :
696 1252 42 36 p.
766 1241 68 40 35.

221 1294 1986 51 © Oct. 4, 1934 : 2c. Oct. 18: aff. Oct. 16; A 75857; Board of trustees of
289 1357 80 37 the
400 1356 180 38 Leland
613 1354 235 40 Stanford
876 1356 162 43 iunior
1068 1353 285 59 university
1387 1355 232 40 Stanford
1652 1355 295 48 University,
1982 1356 140 40 Calif.

300 1411 278 47 (34-35850)

217 1513 401 65 Heimbinder,
647 1516 238 63 Barney
912 1515 71 57 A.

220 1592 1983 145 … White conquest (an epic of Antarctica) by B. A. Heimbinder; frontispiece by Hilton Mirkinson, decoration by Ben
219 1746 244 69 Tapper.
539 1747 138 52 New
708 1748 178 59 York,
916 1749 70 52 N.
1017 1750 90 65 Y.,
1137 1748 156 56 Priv.
1324 1748 194 68 print.,
1551 1752 150 49 1934.

290 1820 913 48 2 p. l. , 9-103 p., 2 l. front. 22 cm .
290 1878 286 40 Illustrated
599 1880 96 45 t.-p.

292 1934 156 41 “Here
481 1934 108 40 first
621 1934 194 48 printed
850 1934 47 38 in
933 1944 63 29 an
1030 1933 180 41 edition
1247 1934 185 41 limited
1468 1937 48 37 to
1551 1934 84 40 270
1671 1936 259 38 numbered
1967 1935 156 47 copies
2159 1935 49 39 of

223 1991 154 39 which
404 1990 85 40 210
516 2000 83 31 are
625 1989 78 40 for
729 1989 144 40 sale.”
929 1990 117 40 This
1074 2000 116 38 copy
1216 1991 42 39 is
1283 1993 85 38 not
1394 1993 275 39 numbered.

292 2048 155 40 Poem.

224 2101 1983 51 © Oct. l. 1934: 2c. Sept. 23 : aff. Oct. 3: A 76329: B. A. Heimbinder.
335 2173 70 27 New
435 2162 143 37 York.
650 2160 278 46 (34-35856)

222 2266 205 61 Henry
467 2266 64 52 E.
569 2262 376 64 Huntington
984 2262 222 64 library
1243 2264 114 52 and
1395 2267 95 49 art
1528 2264 242 64 gallery,
1808 2265 119 51 San
1964 2263 245 65 Marino,

293 2342 173 66 Calif.

292 2420 118 52 The
449 2420 244 66 English
729 2419 190 52 novel:
962 2436 73 34 an
1069 2417 312 53 exhibition
1420 2420 63 50 of
1517 2420 380 66 manuscripts
1936 2420 111 51 and
2086 2419 120 52 first

220 2496 1985 68 editions, Chaucer to Conrad … San Marino, Calif., Henry E.
221 2573 370 69 Huntington
619 2574 216 66 library
864 2575 112 51 and
1006 2579 88 46 art
1122 2573 234 68 gallery,
1387 2578 148 49 1934.

295 2648 56 40 26
381 2660 41 35 p.
484 2647 127 39 illus.
642 2646 131 47 (incl.
807 2645 240 46 facsims.)
1116 2645 25 38 21½
1203 2648 43 20 cm
1251 2680 9 8 .

299 2707 66 36 “A
396 2705 96 38 few
524 2714 132 29 score
688 2703 48 39 of
769 2704 141 38 items
944 2705 48 37 to
1025 2706 247 43 represent
1302 2705 82 37 the
1413 2704 310 46 background
1755 2704 95 38 and
1881 2703 330 46 development

226 2762 51 38 of
307 2762 80 38 the
415 2760 200 47 English
644 2759 287 46 novel.”—p.
965 2759 53 49 [2]

300 2818 127 39 “The
457 2819 187 43 growth
676 2817 49 38 of
756 2817 78 39 the
868 2817 201 46 English
1101 2816 180 45 novel”,
1312 2817 61 46 by
1403 2817 60 39 H.
1494 2817 60 39 H.
1585 2816 203 40 Hudson
1808 2826 8 28 :
1847 2826 42 37 p.
1919 2815 98 40 3-5.

226 2871 1984 52 © Oct. l. 1934; 2c. and aff. Oct. 17; A 76592; Henry E. Huntington
292 2933 183 46 library
504 2932 95 39 and
628 2934 78 36 art
735 2932 196 44 gallery.
1002 2930 276 48 (34-35848)

223 3034 135 64 Hill,
388 3034 153 54 John
571 3034 286 65 Leonard,
889 3033 169 53 1878-

295 3109 1915 68 From Joshua to David c by] John L. Hill … Nashville,
224 3188 1962 145 Tenn., The Sunday school board of the Southern Baptist convention [ c 1934]
293 3340 55 39 87
375 3352 41 36 p.
479 3338 53 40 19
537 3341 42 20 cm
585 3370 7 7 .
690 3338 69 39 (On
784 3347 162 30 cover:
978 3338 135 41 Bible
1139 3338 277 49 biography,
1478 3341 122 39 book
1625 3340 49 43 2)

228 3394 55 51 ©
312 3398 125 46 Sept.
468 3397 67 39 33.
566 3395 138 40 1934:
738 3395 65 38 2c.
833 3396 93 37 and
957 3395 81 39 aff.
1072 3395 99 40 Oct.
1201 3397 52 38 4:
1287 3397 41 37 A
1359 3396 167 47 76386;
1564 3397 196 46 Sunday
1789 3397 163 38 school
1979 3395 149 40 board
2161 3396 51 38 of

294 3456 79 38 the
407 3454 239 38 Southern
678 3452 195 46 Baptist
904 3452 296 39 convention.
1234 3452 263 40 Nashville.
1570 3453 278 47 (34-35864)

224 3553 267 64 Holland,
522 3555 227 62 Rupert
780 3554 272 62 Sargent,
1087 3553 169 53 1878-

294 3631 113 67 Big
434 3631 198 67 bridge
683 3631 72 66 [by]
805 3632 222 65 Rupert
1056 3631 243 67 Sargent
1323 3632 286 66 Holland;
1642 3632 322 53 illustrated
1991 3632 73 65 by

225 3631 1954 131 Edward
411 3709 266 54 Shenton.
743 3707 421 62 Philadelphia.
1190 3708 226 53 Macrae
1446 3709 188 54 Smith
1663 3726 294 49 company.
1989 3712 147 48 1934.

300 3778 1198 50 3 p. l. , [5]-8 p.. 2 l., [11]-266 p. illus. 23½ cm .
300 3835 160 40 “First
490 3836 223 39 edition.”

229 3891 51 51 ©
305 3895 100 39 Oct.
430 3892 68 43 22.
522 3893 112 39 1934
654 3904 7 28 :
687 3893 66 39 2c.
778 3893 98 39 Oct.
903 3891 54 40 29
976 3904 7 28 :
1010 3893 78 39 aff.
1114 3893 99 39 Oct.
1239 3892 80 40 27:
1348 3895 39 37 A
1411 3893 168 40 75984:
1610 3895 53 37 R.
1693 3894 43 40 S.
1763 3893 225 40 Holland.
2012 3893 197 45 Wayne.

297 3952 80 37 Pa.
449 3949 277 48 (34-35844)
