2350 4196
1187 3984 66 53 72

281 434 1916 56 3 p. l., xviii, 180, 180+1-180+ 12 , 181-254, 254+ 1 -254+ 18 , [255]-274 p.
203 497 127 40 illus.
359 497 131 47 (incl.
520 499 162 47 maps)
786 529 8 16 pl.,
825 501 135 44 port.,
993 498 152 47 diagr.
1202 498 54 38 22½
1290 501 44 20 cm
1339 531 6 7 .

282 555 224 39 Lettered
534 566 59 28 on
621 565 139 29 cover
780 566 7 27 :
818 556 243 45 Equality,
1092 555 173 47 liberty
1294 557 95 38 and
1417 558 189 36 nature.

281 611 238 40 “Address
549 612 51 39 of
628 612 81 38 Dr.
741 613 61 38 M.
834 612 47 37 F.
915 612 253 45 Morrison,
1197 612 165 40 before
1392 613 81 39 the
1502 611 187 40 friends
1720 611 50 40 of
1799 612 181 39 mental
2010 611 190 47 liberty,

208 670 50 37 at
286 668 154 39 North
469 668 270 42 Haverhill,
770 669 53 38 N.
855 669 73 44 H.,
959 670 93 37 and
1083 668 329 46 constitution,
1444 667 304 47 resolutions,
1780 668 95 39 and
1905 668 214 47 by-laws,
2151 666 49 39 of

211 725 79 38 the
324 725 184 38 Mental
540 725 176 46 liberty
750 725 193 47 society,
980 729 52 36 at
1063 725 154 39 North
1252 724 269 47 Haverhill,
1557 725 54 39 N.
1647 724 59 39 H.
1771 725 195 46 Boston,
2003 724 197 40 Printed

207 780 60 47 by
296 781 41 39 J.
368 781 49 39 P.
448 782 240 45 Mendum,
718 781 140 39 1846”
880 793 7 27 :
920 792 41 37 p.
995 783 186 47 [57]-74.

545 840 140 46 CONTENTS.—pt.
742 871 6 6 I.
781 838 388 48 Taxation.—pt.
1244 869 10 9 II.
1285 839 101 38 The
1419 848 222 37 progress
1674 837 51 40 of
207 835 1979 105 nature.—Supplementary
459 898 398 44 appurtenances.

214 947 50 51 ©
290 952 116 38 Nov.
433 952 67 40 10.
528 951 138 40 1933;
695 952 65 38 2c.
787 952 116 39 Nov.
930 952 81 38 20:
1041 951 80 39 aff.
1150 951 105 38 Jan.
1286 951 67 38 20.
1382 950 137 40 1934;
1551 951 40 37 A
1618 950 142 39 68984
1779 961 6 28 :
1817 950 53 38 N.
1901 951 69 37 W.
2000 948 199 39 French.

282 1008 213 41 Nashua.
522 1008 54 40 N.
602 1008 57 39 H.
735 1005 51 50 [©
813 1009 207 44 changes
1046 1010 93 37 and
1168 1008 258 47 additions]
1493 1007 248 47 (34-1877)

216 1084 228 55 Fulton,
477 1085 168 54 Dote.

284 1160 282 54 Sunshine
589 1163 308 65 stampede,
921 1163 70 66 by
1018 1163 145 50 Dote
1186 1162 229 51 Fulton.
1472 1162 137 51 New
1632 1161 178 64 York,
1833 1160 121 52 The
214 1159 1963 135 Macaulay
342 1258 278 48 company
659 1273 11 33 [
677 1247 17 20 c
700 1243 134 49 1934]

287 1312 579 49 7 p. l. , 9-248 p. 19 cm .
219 1367 50 50 ©
299 1372 108 38 Jan.
436 1372 67 40 25,
534 1371 137 39 1934;
704 1372 63 38 2c.
800 1373 93 37 and
925 1372 79 37 aff.
1036 1372 107 38 Jan.
1174 1371 79 38 30:
1287 1372 40 37 A
1355 1370 168 40 70053:
1557 1372 55 38 D.
1644 1371 191 40 Fulton,
1867 1371 91 38 Los
1988 1370 216 46 Angeles.

293 1428 248 46 (34-1825)

219 1501 286 63 Ghadiali,
538 1502 114 52 Din
657 1504 150 53 shah
839 1504 273 62 Pestanji
1143 1504 225 63 Franji,
1404 1505 169 50 1873-

286 1578 488 68 Spectro-chrome
801 1581 161 51 home
990 1580 186 67 guide,
1205 1580 93 52 for
1326 1580 205 67 family
1558 1599 94 34 use
1678 1580 64 52 of
1768 1580 221 53 cabinet
215 1582 1967 127 equipment

406 1658 58 50 in
504 1658 473 66 spectro-chrome
1014 1663 211 62 metry;
1268 1665 409 46 measurement
1719 1660 110 51 and
1870 1658 338 53 restoration

215 1735 63 51 of
323 1736 94 51 the
461 1736 212 51 human
719 1736 372 52 radio-active
1138 1737 110 51 and
1295 1735 506 54 radio-emanative
1847 1735 361 68 equilibrium

227 1813 407 67 (normalation
691 1813 62 52 of
811 1813 338 67 imbalance)
1215 1814 74 66 by
1347 1815 234 51 attuned
1638 1814 151 52 color
1847 1831 209 48 waves;
2115 1814 95 52 the

215 1893 210 51 science
461 1891 64 52 of
560 1892 305 51 automatic
901 1891 278 67 precision
1214 1892 73 66 by
1322 1893 71 51 its
1429 1891 334 68 originator,
1801 1891 232 54 Colonel

216 1893 1994 143 Dinshah P. Ghadiali … Malaga, N. J., Spectro-chrome institute,
220 2051 148 49 1933.

289 2122 81 46 xii,
404 2121 83 39 102
518 2132 42 36 p.
621 2120 125 39 illus.
808 2120 56 39 20½
897 2123 42 20 cm
945 2152 7 7 .

225 2176 51 50 ©
311 2181 116 38 Nov.
464 2180 67 38 28,
569 2178 138 39 1933;
747 2178 64 38 2c.
851 2180 93 36 and
981 2178 81 38 aff.
1101 2179 105 38 Jan.
1244 2180 40 38 4.
1322 2178 139 40 1934;
1502 2179 40 37 A
1578 2178 169 40 68860:
1788 2180 54 36 D.
1882 2179 48 37 P.
1970 2176 240 45 Ghadiali,

291 2237 205 43 Malaga.,
527 2233 53 41 N.
609 2234 41 40 J.
722 2235 248 41 (34-1918)

292 2310 487 66 Spectro-chrome
815 2315 181 62 metry
1033 2310 461 66 encyclopaedia;
1534 2312 161 50 home
1731 2309 256 69 training
2023 2328 191 35 course

222 2389 56 51 in
313 2388 471 67 spectro-chrome
819 2394 209 60 metry;
1065 2395 407 45 measurement
1505 2390 111 50 and
1652 2388 338 53 restoration
2024 2387 63 53 of
2119 2388 95 52 the

221 2467 209 51 human
462 2465 370 52 radio-active
863 2468 107 50 and
1004 2465 505 52 radio-emanative
1539 2466 363 66 equilibrium
222 2466 1967 130 (normalation

421 2544 63 51 of
525 2542 340 67 imbalance)
918 2544 72 66 by
1036 2544 233 51 attuned
1313 2545 150 50 color
1506 2562 210 48 waves;
1763 2545 93 53 the
1900 2543 210 53 science
2152 2544 62 52 of

222 2622 306 52 automatic
582 2620 278 67 precision
912 2621 73 66 by
1038 2621 71 52 its
1161 2620 333 68 originator,
1549 2620 232 54 Colonel
1833 2621 263 52 Dinshah
2149 2622 64 51 P.

228 2700 1984 67 Ghadiali … v. l. Malaga. N. J., Spectro-chrome institute,
229 2783 147 50 1933.

293 2854 93 37 xvi.
416 2854 83 37 400
532 2863 39 36 p.
630 2852 148 37 front,
808 2851 169 46 (port.)
1018 2851 125 38 illus.
1203 2852 53 36 21
1261 2853 42 20 cm
1311 2884 6 6 .

297 2909 110 39 “Set
435 2908 200 38 number
664 2907 335 39 337."—Label
1031 2908 224 38 mounted
1286 2917 56 27 on
1373 2906 335 47 lining-paper.

231 2963 50 51 ©
323 2967 100 39 Oct.
464 2968 37 37 7.
542 2966 138 39 1933;
722 2966 66 38 2c.
829 2964 93 39 and
963 2964 78 39 aff.
1085 2965 105 38 Jan.
1231 2966 39 38 4.
1311 2963 138 41 1934;
1493 2965 39 37 A
1572 2964 139 40 68861
1734 2976 6 27 :
1785 2965 55 38 D.
1883 2965 47 38 P.
1975 2964 240 41 Ghadiali.

296 3024 206 47 Malaga,
531 3021 52 39 N.
614 3022 41 39 J.
728 3021 247 46 (34-1919)

233 3099 282 62 Harding,
543 3097 255 53 Thomas
828 3099 231 61 Swann,
1093 3100 168 50 1890-

355 3174 1863 67 … TNT, these national taxeaters. New York, R. Long &
227 3255 64 51 R.
329 3255 65 51 R.
435 3252 205 66 Smith,
675 3253 123 63 inc.,
837 3254 146 49 1934.

297 3327 136 46 xxiii,
465 3327 81 38 381
580 3336 41 36 p.
683 3326 22 37 1
739 3326 140 41 illus.,
914 3325 176 47 diagrs.
1121 3324 132 47 (part
1284 3324 142 46 fold.)
1495 3325 50 39 21
1554 3328 41 20 cm
1603 3357 7 7 .

299 3386 61 37 At
387 3384 121 38 head
537 3383 50 38 of
614 3382 105 38 title
739 3393 6 26 :
776 3382 50 37 T.
858 3382 175 38 Swann
1063 3381 232 45 Harding.

234 3439 50 51 ©
348 3453 73 28 Jan.
451 3441 66 38 19.
547 3439 139 39 1934;
717 3441 64 38 2c.
812 3440 92 37 and
935 3439 79 38 aff.
1044 3439 107 38 Jan.
1180 3439 80 38 23:
1293 3440 40 36 A
1360 3438 168 39 68969:
1562 3440 104 45 Ray
1696 3440 131 46 Long
1857 3439 34 39 &
1921 3439 212 39 Richard
2164 3437 53 39 R.

302 3499 154 38 Smith
502 3497 89 39 inc.
713 3495 197 39 (34-1691)

236 3559 225 63 Karris,
491 3559 222 52 Walter
742 3559 245 61 Barton,
1020 3559 322 51 1866-1933.

301 3635 140 52 East
473 3633 197 68 again;
705 3634 92 50 the
830 3633 289 51 narrative
1152 3631 61 53 of
1245 3651 30 33 a
1308 3632 239 69 journey
1580 3633 59 52 in
1670 3635 94 51 the
1798 3634 169 66 Near,
1998 3631 223 55 Middle

233 3709 1986 70 and Far East, by Walter B. Harris … foreword by Sir James
232 3788 1961 130 M. Macleod … illustrated by photographs taken by the author.
441 3865 256 67 London,
727 3865 61 51 T.
822 3865 407 67 Butterworth,
1260 3864 220 52 limited
1537 3866 150 64 [1933]
