2350 4196
1108 4005 131 48 1253

173 367 262 65 Randall,
463 367 131 53 Ada
620 369 77 53 M.

240 444 275 68 Through
545 445 208 67 golden
783 445 299 65 windows;
1115 442 301 54 children’s
1447 447 159 61 poets
1635 442 105 52 and
1774 441 394 68 story-tellers,

173 523 72 53 by
277 523 128 51 Ada
441 523 78 52 M.
555 523 249 52 Randall
840 523 109 51 and
985 522 130 51 Mary
1188 521 321 51 Katharine
1544 521 137 51 Reely;
1786 521 380 53 illustrations

174 601 71 67 by
277 603 199 50 Emma
502 603 62 50 L.
594 601 203 52 Brock.
861 594 357 61 Milwaukee,
1244 599 404 67 Minneapolis,
1675 601 67 50 E.
1770 601 78 51 M.
1877 600 153 52 Hale
2056 600 112 52 and

171 697 296 50 company,
501 683 149 50 1934.

240 755 25 36 4
292 764 41 36 p.
381 785 7 7 l.,
429 752 83 40 201
541 764 40 36 p.
609 753 107 39 incl.
746 754 162 46 front.,
937 753 127 39 illus.
1120 752 114 40 22cm.

243 811 198 38 Illustra
451 811 78 38 ted
559 809 362 48 lining-papers.

519 867 130 47 CONTENTS.—pt.
696 866 39 40 1.
780 867 270 41 Children's
1095 869 134 45 poets
1275 867 93 38 and
1412 866 323 46 story-tellers
1781 866 50 38 of
1874 866 299 39 America.—

173 924 67 47 pt.
269 922 38 40 2.
337 923 270 40 Children’s
636 927 135 44 poets
800 926 93 37 and
922 923 319 41 story-tellers
1270 924 52 38 of
1350 925 138 38 other
1516 924 154 38 lands.

176 975 50 52 ©
256 982 119 45 Aug.
404 981 67 42 15,
501 980 112 40 1934
633 992 7 28 :
673 981 65 39 2c.
773 982 126 46 Sept.
931 983 80 39 17;
1045 981 79 39 aff.
1159 981 126 47 Sept.
1317 979 81 42 24;
1432 980 39 38 A
1501 978 169 47 76139;
1703 981 51 36 E.
1787 981 62 37 M.
1882 980 126 39 Hale
2037 980 37 39 &
2104 992 66 27 co.

254 1037 277 44 (34-27279)

171 1140 267 63 Roberts,
470 1143 258 52 Thomas
760 1140 223 64 Sadler,
1017 1145 170 49 1858-

347 1217 1825 70 … Bird portraits in color; two hundred ninety-five North
174 1296 1997 70 American species; text by Thomas S. Roberts … illustrated
178 1375 135 51 with
344 1376 339 67 ninety-two
715 1377 152 52 color
899 1377 181 67 plates
1112 1376 73 68 by
1215 1375 177 52 Allan
1424 1376 240 67 Brooks,
1695 1375 222 69 George
1948 1376 225 52 Miksch

175 1451 225 69 Sutton,
428 1454 220 53 Walter
675 1455 163 52 Alois
866 1455 221 67 Weber,
1114 1454 237 53 Francis
1377 1455 111 52 Lee
1514 1454 230 68 Jaques,
1770 1455 221 53 Walter
2017 1455 157 55 John

177 1531 438 69 Breckenridge,
651 1532 300 69 including
989 1551 103 35 one
1132 1533 152 68 plate
1323 1533 73 67 by
1436 1533 94 52 the
1569 1535 113 51 late
1722 1534 172 52 Louis
1933 1534 241 69 Agassiz

176 1609 251 53 Fuertes.
509 1609 403 69 Minneapolis,
959 1612 120 52 The
1131 1612 332 67 University
1510 1611 62 53 of
1618 1612 323 54 Minnesota
1988 1632 184 49 press;

177 1688 255 67 London,
479 1688 73 51 H.
598 1688 268 68 Milford,
912 1688 224 55 Oxford
1185 1690 317 67 university
1548 1709 174 48 press,
1770 1695 148 48 1934.

247 1760 60 48 vi,
341 1760 113 50 [201]
487 1773 42 36 p.
589 1760 126 42 illus.
746 1763 135 47 (part
911 1763 110 47 col.)
1091 1762 145 41 28½cm.

245 1819 62 39 At
341 1819 122 40 head
501 1819 49 40 of
585 1819 133 40 title;
758 1819 217 41 Museum
1012 1820 49 40 of
1096 1821 195 39 natural
1328 1821 199 47 history.
1597 1822 278 47 University
1911 1824 49 39 of
174 1825 1984 92 Minnesota.

246 1934 101 40 The
375 1932 329 42 illustrations
732 1944 84 31 are
846 1934 260 41 numbered
1135 1945 53 30 as
1218 1937 169 46 plates.

248 1991 116 40 This
388 1992 134 40 work
547 1992 90 39 has
662 1992 117 40 been
805 1992 163 40 issued
993 1994 49 38 to
1070 1993 170 47 supply
1267 2003 27 29 a
1319 1993 218 49 growing
1562 1995 206 40 demand
1795 1996 77 40 for
1899 1998 79 40 the
2006 1999 168 47 plates,

177 2049 49 39 in
252 2059 28 30 a
307 2060 131 29 more
465 2048 285 40 convenient
777 2049 141 47 form,
946 2049 304 49 illustrating
1276 2051 82 40 the
1383 2051 219 40 author's
1630 2053 100 40 The
1758 2054 133 39 birds
1919 2055 50 40 of
1998 2055 163 41 Minné
176 2107 107 39 sota

319 2105 253 49 published
614 2108 48 37 in
703 2109 94 37 two
836 2107 215 39 volumes
1091 2107 48 38 in
1178 2106 126 40 1932.
1379 2109 127 39 With
1546 2119 28 29 a
1612 2110 151 49 single
1804 2113 251 47 exception
2096 2115 78 39 the

176 2163 247 49 paintings
448 2174 83 30 are
557 2165 82 39 the
664 2173 132 31 same
822 2173 54 30 as
903 2164 47 38 in
977 2164 81 40 the
1083 2163 182 41 former
1292 2166 133 39 work
1451 2166 85 40 but
1562 2168 82 39 the
1669 2171 80 37 text
1799 2172 376 49 accompanying

177 2222 82 41 the
303 2222 157 49 plates
505 2223 41 38 is
588 2221 186 48 largely
819 2231 104 30 new
968 2222 95 38 and
1108 2222 109 47 only
1263 2223 114 40 here
1420 2225 96 38 and
1563 2225 135 40 there
1743 2228 88 38 has
1875 2229 80 39 the
2000 2233 177 36 matter

180 2281 48 38 in
279 2281 81 39 the
413 2279 272 40 Minnesota
737 2277 107 40 bird
897 2278 121 40 book
1071 2278 113 41 been
1236 2278 162 42 issued
1449 2281 207 48 directly.
1750 2283 61 46 cf.
1893 2288 154 38 Introd.

249 2337 159 40 Blank
436 2347 121 38 page
583 2336 80 40 for
694 2334 203 42 “Notes”
929 2337 52 38 at
1009 2336 105 40 end.

180 2391 50 52 ©
262 2396 127 47 Sept.
418 2396 37 39 1.
483 2394 140 41 1934;
652 2394 67 39 2c.
750 2393 127 46 Sept.
906 2394 81 45 17;
1018 2392 79 39 aff.
1131 2395 124 45 Sept.
1288 2395 79 45 15;
1399 2395 39 38 A
1466 2396 170 42 74938;
1668 2399 282 49 University
1979 2402 50 39 of
247 2403 1912 90 Minnesota,
461 2450 337 48 Minneapolis.
871 2449 279 48 (34-27205)

179 2554 244 66 Sauzey,
453 2556 53 54 J.
538 2556 89 63 A.,
659 2557 172 49 1896-

345 2629 1834 76 … La guerre en fourrures; notes de campagne. Paris, Les
178 2699 267 63 Éditions
476 2710 68 52 de
573 2709 237 66 France,
840 2711 174 53 c1933.

248 2780 1276 50 3 p. l., ii, 294 p., 1 l. 1 illus., fold. map. 19cm.
184 2843 1994 54 © June 1, 1933; 1c. July 26; A- Foreign 21684; Éditions de France.
261 2904 278 48 (34-31957)

180 2994 131 64 Silz,
345 2994 242 66 Walter,
624 2998 170 48 1894-
1007 2995 82 53 ed.

252 3071 1927 72 German romantic lyrics, selected and edited by Walter Silz …
323 3151 362 67 Cambridge,
718 3152 189 54 Mass.,
939 3152 273 51 Harvard
1244 3153 318 69 university
1590 3174 175 48 press.
1798 3160 149 49 1934.

322 3257 6 8 xx.
358 3224 88 41 319
470 3236 42 36 p.
571 3224 144 39 19½cm.

186 3278 50 51 ©
269 3283 127 47 Sept.
424 3281 68 48 19,
522 3280 139 41 1934:
694 3281 65 40 2c.
791 3283 93 37 and
916 3281 81 39 aff.
1031 3281 125 47 Sept.
1189 3284 80 39 24;
1303 3284 41 38 A
1375 3284 142 39 76100;
1578 3285 256 41 President
1866 3289 94 38 and
1991 3288 190 42 fellows

255 3339 50 38 of
343 3340 229 39 Harvard
611 3339 192 46 college,
844 3337 300 49 Cambridge.
1185 3340 144 39 Mass.
1404 3341 280 48 (34-32165)

184 3425 1974 152 South eastern digest, September, 1934, cumulative pamphlet … St. Paul, West publishing co. [ c1 934]
255 3581 83 38 277
368 3592 41 35 p.
468 3579 114 40 24cm.

190 3632 49 51 ©
272 3637 125 48 Sept.
425 3636 68 41 28.
524 3635 138 42 1934;
695 3636 66 39 2c.
792 3638 94 37 and
916 3635 79 40 aff.
1029 3635 99 40 Oct.
1160 3637 48 38 11
1232 3648 7 28 :
1271 3638 39 38 A
1339 3637 170 41 76491:
1543 3640 135 39 West
1706 3641 107 47 pub.
1844 3652 66 29 co.

182 3726 224 64 Spenlé,
442 3728 142 52 Jean
670 3726 220 53 Édouard.

188 3801 1994 147 La pensée allemande de Luther à Nietzsche, par Jean- Édonard Spenlé … Paris, A. Colin, 1934.
