2350 4196
1133 4003 100 49 453

167 356 184 64 Stein,
379 357 279 53 Jennette
686 356 71 55 A.

242 431 1918 70 Golf for beginning players [by] Jennette A. Stein … [and]
174 509 1993 68 Emma F. Waterman … Columbus, O., The Heer printing
171 607 296 49 company,
496 592 150 50 1934.

244 663 55 38 31
332 672 28 36 p
435 661 163 39 diagrs.
673 660 54 40 23
732 663 44 20 cm

176 715 51 51 ©
264 719 113 48 Apr.
415 719 38 46 5,
491 718 141 46 1934;
671 719 65 40 2c.
774 717 113 49 Apr.
925 718 80 42 14;
1045 716 82 40 aff.
1164 716 113 47 Apr.
1316 716 81 47 12;
1437 717 40 39 A
1515 717 170 47 72059;
1726 719 43 39 J.
1807 717 55 42 A.
1904 717 135 42 Stein
2076 718 95 40 and

243 777 169 38 Emma
440 776 50 39 F.
516 776 296 46 Waterman,
841 774 273 46 Columbus,
1142 773 51 41 O.
1265 773 250 48 (34-9050)

168 879 278 64 Stucken,
475 880 259 63 Eduard,
763 882 171 51 1865-

305 953 1700 72 … Giuliano, ein roman. Berlin [etc.] P. Zsolnay, 1933.
245 1026 97 49 409,
423 1048 11 29 [1]
467 1038 44 37 p.
570 1026 59 42 20½
659 1030 45 22 cm
709 1063 7 7 .

246 1083 66 41 “1.
343 1084 73 41 bis
444 1085 41 40 4.
517 1083 250 42 tausend.”

178 1139 1997 54 © Oct. 26, 1933; 1c. Jan. 9, 1934; A-Foreign 23307; Paul Zsolnay
247 1201 179 46 verlag,
456 1210 104 37 a.-g.
633 1198 249 49 (34-9382)

171 1304 348 53 Tennessee.
594 1306 184 65 Laws,
808 1309 257 61 statutes,
1095 1310 100 47 etc,

241 1380 333 54 Annotated
613 1382 156 55 Code
804 1381 64 54 of
905 1384 327 64 Tennessee,
1271 1385 162 64 1934;
1474 1382 333 71 containing
1843 1386 77 52 all
1959 1391 115 48 acts
2112 1386 62 53 of

173 1460 1977 226 a general and public nature in force January 1, 1934, including also the state and federal constitutions and rules of Appellate courts, compiled and annotated by Samuel C. Williams …
173 1697 242 53 Volume
519 1738 9 9 III.
604 1695 418 68 Indianapolis,
1048 1696 120 54 The
1195 1697 445 54 Bobbs-Merrill
1667 1718 280 50 company
2020 1704 133 51 [c1934]

250 1770 87 41 864
363 1781 42 37 p.
462 1770 58 39 26
521 1772 44 20 cm
571 1803 7 7 .

181 1822 51 53 ©
264 1827 113 49 Apr.
409 1826 69 47 20,
511 1826 115 40 1934;
685 1826 67 40 2c.
786 1826 111 48 Apr.
931 1827 82 43 17;
1131 1860 2 10 aff.,
1163 1826 111 48 Apr.
1307 1827 84 45 30;
1427 1828 40 39 A
1500 1829 170 47 72252;
1707 1831 369 42 Bobbs-Merrill
2109 1843 69 31 co.

172 1929 277 64 Thomas,
485 1930 260 64 Eugene,
784 1932 169 51 1894-

183 2002 1972 149 Yellow magic, by Eugene Thomas. New York, Sears publishing company, inc. [ c 1934]
250 2154 88 41 266
365 2166 44 37 p.
467 2154 59 41 20
526 2156 45 22 cm
576 2186 9 9 .

184 2212 51 51 ©
266 2216 113 48 Apr.
414 2215 68 47 16,
516 2215 140 46 1934;
691 2215 66 40 2c.
792 2215 95 40 and
920 2214 81 42 aff.
1035 2215 114 48 Apr.
1182 2212 82 49 18;
1300 2216 40 39 A
1374 2215 170 45 72102;
1582 2217 53 39 E.
1669 2216 224 47 Thomas,
1930 2215 249 49 Flushing,

251 2273 48 39 L.
334 2274 51 44 I.,
417 2273 55 40 N.
504 2273 55 38 Y.
629 2272 250 48 (34-8993)

177 2376 214 64 Thorp,
420 2377 272 53 Prescott
723 2376 246 55 Holden.

183 2453 1995 147 The commemorative stamps of the world, by Prescott Holden Thorp … New York, Scott stamp and coin company,
184 2612 148 52 1934.

251 2680 757 51 6 p. l., 512 p. illus. 23½ cm .
255 2739 160 41 “First
445 2739 228 41 edition.”

255 2797 180 42 Errata
462 2798 92 47 slip
580 2797 214 41 inserted
819 2797 215 41 between
1058 2798 84 39 4th
1166 2799 96 40 and
1288 2799 84 40 5th
1396 2798 173 50 prelim.
1609 2800 176 41 leaves.

188 2853 53 51 ©
265 2857 113 48 Apr.
407 2856 69 48 10,
504 2855 115 43 1934;
674 2856 67 40 2c.
770 2855 114 48 Apr.
911 2855 83 44 16;
1025 2854 68 41 aff
1135 2856 112 49 Apr.
1276 2857 82 46 14;
1389 2857 42 39 A
1457 2857 171 41 71260;
1663 2858 133 41 Scott
1824 2860 164 48 stamp
2013 2860 38 40 &
2076 2859 108 41 coin

256 2925 66 29 co.
394 2912 250 49 (34-9029)

184 3004 243 62 Tucker,
458 3003 228 64 George
717 3002 302 57 Wellford.

256 3080 1863 69 Lee and the Gettysburg campaign, by G. W. Tucker …
190 3158 382 67 [Lynchburg,
603 3159 125 65 Va.,
760 3163 17 22 c
782 3162 152 63 1933]

259 3230 99 48 xix,
387 3230 55 41 61
470 3241 44 37 p.
573 3228 164 50 front.,
767 3231 171 47 plates,
967 3233 149 46 ports.
1175 3230 58 41 20½
1263 3233 45 22 cm
1313 3264 9 8 .

191 3284 51 51 ©
270 3288 127 48 Sept.
422 3288 69 46 15,
516 3285 113 42 1933;
683 3287 67 40 2c.
776 3287 112 48 Apr.
916 3289 68 46 14,
1012 3288 139 47 1934;
1180 3288 81 41 aff.
1288 3290 113 48 Apr.
1428 3290 55 40 16;
1538 3291 40 39 A
1604 3290 171 49 72067;
1806 3292 53 41 G.
1885 3294 71 40 W.
1983 3294 201 47 Tucker,

257 3344 283 41 Richmond.
612 3344 249 47 (34-8728)

184 3434 305 53 Vermont.
563 3436 184 64 Laws,
775 3441 256 61 statutes,
1062 3443 99 47 etc.

258 3508 123 54 The
407 3508 194 69 public
628 3510 137 53 laws
795 3509 66 55 of
887 3512 295 68 Vermont,
1212 3515 152 66 1933,
1393 3514 301 70 including
1720 3516 96 52 the
1846 3516 194 68 public
2069 3522 117 49 acts

190 3585 63 53 of
295 3590 161 64 1933;
499 3587 141 52 with
677 3588 96 52 the
811 3588 368 54 Declaration
1219 3589 64 53 of
1322 3591 439 70 independence,
1801 3594 97 54 the
1937 3594 249 56 Articles

190 3663 64 52 of
293 3664 429 53 confederation
762 3666 113 52 and
917 3668 97 51 the
1052 3667 400 55 constitutions
1494 3669 64 54 of
1599 3670 97 54 the
1734 3672 219 54 United
1997 3671 189 56 States

191 3742 112 52 and
325 3743 98 52 the
445 3746 146 49 state
614 3741 64 54 of
702 3743 293 54 Vermont.
1062 3745 382 69 [Montpelier,
1470 3748 96 52 Vt.]
1618 3749 142 54 Pub.
1788 3749 74 70 by
1892 3749 293 72 authority

196 3817 140 67 [The
365 3818 232 69 Capital
625 3818 119 70 city
769 3838 158 50 press]
982 3824 148 51 1934.

258 3876 982 66 3 p. l., [v]-xxiii, 1603, 219 p. 27½ cm .
