2350 4196
1099 4043 97 51 991

136 400 300 67 Williams,
468 404 137 50 Mrs.
639 401 190 53 Jessie
861 397 263 66 (Tandy)
1169 395 169 53 1876-

206 480 121 51 The
362 478 194 68 junior
590 477 264 69 workers’
889 476 155 52 hand
1081 474 172 65 book;
1295 473 94 52 for
1425 472 194 67 junior
1655 470 246 53 workers
1937 470 62 51 in
2034 469 96 53 the

140 557 237 67 Sunday
425 556 208 68 school,
679 557 95 51 the
820 553 293 67 week-day
1159 551 269 69 religious
1475 550 207 66 school,
1729 550 95 51 the
1868 549 262 52 vacation

141 635 162 52 Bible
340 634 208 67 school,
583 635 75 67 by
693 633 138 52 Mrs.
870 633 180 53 Jessie
1087 632 65 51 T.
1187 630 306 54 Williams.
1566 628 223 67 Butler,
1826 628 149 66 Ind.,
2010 627 120 53 The

140 714 211 67 Higley
384 713 263 67 printing
678 730 77 34 co.
795 713 190 65 [c1934]

208 785 84 41 256
325 796 44 55 p.
429 785 114 41 20cm.

210 843 347 48 Bibliography:
616 853 43 38 p.
694 843 38 38 7.

143 912 50 51 ©
223 916 114 39 July
365 915 38 41 6,
432 914 140 42 1934;
602 915 65 38 2c.
698 915 94 38 and
820 912 80 42 aff.
931 913 114 46 July
1072 912 52 45 9;
1156 911 39 38 A
1223 910 169 46 73315;
1425 910 177 47 Higley
1628 910 218 49 printing
1875 921 64 29 co.

221 972 279 48 (34-22217)

143 1075 232 64 Wilson,
407 1077 138 52 Eric
573 1076 173 63 John,
779 1076 171 49 1900-

210 1154 183 51 There
433 1172 93 33 are
565 1172 71 33 no
675 1158 305 61 strangers,
1019 1151 73 66 by
1133 1149 134 53 Eric
1306 1151 55 54 J.
1403 1148 238 55 Wilson.
1717 1150 415 67 Indianapolis,

142 1231 146 61 Ind.,
317 1232 121 51 The
465 1232 206 60 Rough
699 1237 158 46 notes
883 1249 96 43 co.,
1007 1229 103 52 inc.
1162 1232 158 49 [c1934]

215 1305 83 40 143
329 1316 43 37 p.
433 1304 114 40 19cm.

146 1373 50 51 ©
222 1377 109 39 Feb.
356 1376 68 47 28,
451 1375 113 41 1934;
618 1377 66 38 2c.
711 1375 114 40 July
850 1375 54 40 28;
960 1373 77 40 aff.
1068 1374 114 46 July
1206 1373 58 39 30;
1316 1373 41 38 A
1383 1372 142 40 73662;
1580 1373 172 47 Rough
1778 1374 136 38 notes
1941 1384 79 36 co.,
2047 1373 90 40 inc.

223 1433 279 49 (34-22164)

140 1536 119 52 The
305 1534 272 56 Winston
623 1533 308 70 simplified
978 1535 337 66 dictionary.
1398 1535 312 52 Advanced
1758 1536 82 51 ed.
1925 1534 211 53 Edited

214 1612 1815 70 by William Dodge Lewis … Henry Seidel Canby … [and]
213 1690 1923 69 Thomas Kite Brown, jr. … 3000 illustrations and an atlas
216 1772 62 51 of
323 1772 96 52 the
463 1772 196 52 world.
737 1771 423 66 Philadelphia,
1208 1769 251 68 Chicago
1529 1776 119 61 [etc.]
1703 1772 120 51 The
1869 1772 154 52 John
2075 1772 59 54 C.

212 1848 267 55 Winston
509 1868 279 49 company
865 1852 149 64 [1934]

289 1955 7 11 xx,
327 1922 116 40 1260
469 1933 43 37 p.
543 1923 109 39 incl.
681 1922 141 45 illus.,
852 1932 150 37 maps.
1064 1921 84 40 col.
1178 1921 162 48 front.,
1373 1922 86 39 col.
1490 1922 171 47 plates.
1721 1921 115 40 23cm.

219 1979 304 47 Descriptive
549 1981 284 46 letterpress
861 1990 59 28 on
946 1989 165 30 versos
1139 1979 49 38 of
1215 1980 170 46 plates.

150 2035 50 51 ©
239 2039 125 39 June
432 2069 7 15 6,
479 2038 113 39 1934;
659 2038 66 40 2c.
764 2039 96 38 and
899 2037 81 40 aff.
1018 2038 119 46 Aug.
1175 2038 51 46 1;
1268 2037 40 38 A
1346 2037 169 47 73671;
1558 2037 127 40 John
1725 2038 48 40 C.
1814 2037 223 41 Winston
2075 2049 65 29 co.

223 2095 280 49 [Copyright
534 2095 40 40 is
605 2095 204 40 claimed
839 2106 60 29 on
930 2094 235 40 revisions
1195 2096 95 38 and
1321 2095 261 49 additions]

229 2152 280 48 (34-22538)

147 2257 297 54 Woman’s
469 2256 278 59 institute
776 2257 61 53 of
865 2256 286 54 domestic
1176 2260 132 49 arts
1333 2259 114 50 and
1476 2257 278 64 sciences,
1784 2259 127 61 inc.,
216 2261 1904 128 Scranton.

217 2412 338 52 Decorative
601 2412 231 52 stitches
876 2412 111 52 and
1030 2411 327 69 trimmings:
1434 2412 381 69 Embroidery
1862 2413 113 52 and

148 2413 1973 130 decorative
412 2490 247 52 stitches.
743 2489 227 52 Ribbon
1019 2490 110 52 and
1182 2489 184 53 fabric
1415 2490 344 69 trimmings.
1847 2489 298 60 Scranton,

149 2566 119 68 Pa.,
297 2567 290 56 Woman’s
618 2568 260 52 institute
912 2566 62 54 of
1003 2567 269 53 domestic
1305 2575 117 46 arts
1456 2569 111 52 and
1601 2568 240 53 sciences
1880 2572 174 62 [c1934]

149 2640 1980 107 iv p., 1 l., 64 p. illus. 20½cm. ([Its Course in dressmaking and designing] 8D)
154 2752 51 51 ©
238 2758 115 45 May
382 2757 67 44 15,
483 2755 139 41 1934;
656 2756 67 38 2c.
757 2757 95 38 and
884 2755 81 39 aff.
999 2756 125 40 June
1155 2756 54 40 30;
1270 2756 41 39 A
1342 2756 170 47 74072;
1550 2758 223 38 Internatl
1799 2787 6 7 .
1839 2756 308 41 educational

223 2814 107 47 pub.
367 2824 80 36 co.,
486 2814 248 39 Scranton.
804 2812 278 49 [Copyright
1115 2813 41 39 is
1191 2813 204 40 claimed
1429 2825 59 28 on
1523 2814 188 40 revised
1748 2816 104 38 text
1887 2814 93 39 and
221 2814 1909 105 illustrations]
522 2869 279 48 (34-19512)

173 2972 306 67 [Woolfolk,
512 2973 205 54 Josiah
750 2972 160 54 Pitts]
969 2977 168 49 1894-

222 3051 285 54 Fiddler’s
532 3052 105 67 fee,
660 3053 75 66 by
759 3052 234 54 Gordon
1020 3053 177 66 Sayre
1240 3052 176 67 [pseud.]
1588 3072 80 34 New
1689 3053 178 66 York,
1883 3054 88 54 W.
153 3053 1968 145 Godwin,

315 3132 107 53 inc.
534 3134 117 63 [c1934]

227 3202 85 40 264
333 3214 42 37 p.
437 3203 114 40 19cm.

158 3258 50 51 ©
246 3262 114 47 July
396 3261 68 46 12,
501 3260 112 41 1934;
678 3261 64 39 2c.
782 3261 113 47 July
1005 3272 7 35 18;
1052 3261 80 39 aff.
1170 3262 114 47 July
1320 3264 80 45 17;
1441 3263 40 38 A
1516 3262 169 46 74264;
1725 3262 43 39 J.
1805 3262 50 39 P.
1890 3260 258 49 Woolfolk,

225 3319 379 46 Provincetown,
636 3319 145 38 Mass.
853 3317 279 48 (34-20020)

151 3422 191 64 Wren,
375 3421 265 54 Percival
674 3421 407 64 Christopher.

217 3499 273 68 Beggars’
525 3500 206 52 horses.
814 3501 361 65 [Instalment
1209 3507 45 60 1]

259 3574 56 38 (In
347 3570 214 51 Passing
591 3570 150 50 show,
772 3569 127 43 June
930 3572 70 48 16,
1032 3571 143 50 1934)

162 3626 50 51 ©
266 3641 34 29 1c.
327 3631 116 46 Aug.
469 3631 67 40 11.
561 3629 113 40 1934;
727 3630 39 38 A
791 3631 60 38 ad
875 3631 84 38 int.
985 3630 142 40 19306;
1180 3631 140 48 pubd.
1348 3632 126 39 June
1498 3632 54 39 15;
1607 3632 49 38 P.
1683 3631 48 40 G.
1756 3631 158 46 Wren,
230 3631 1904 101 Bournemouth,
445 3687 233 47 England.

220 3789 272 68 Beggars’
527 3790 208 52 horses.
817 3790 359 66 [Instalment
1210 3795 47 62 2]

262 3864 63 38 (In
349 3860 215 52 Passing
592 3860 151 45 show,
773 3860 127 43 June
929 3862 71 44 23,
1033 3862 142 48 1934)

164 3916 1969 109 © 1c. Aug. 20. 1934; A ad int. 19300; pubd. June 22; P. C. Wren, Bournemouth, England.
