<alto xmlns="http://www.loc.gov/standards/alto/ns-v3#" xmlns:xlink="http://www.w3.org/1999/xlink" xmlns:xsi="http://www.w3.org/2001/XMLSchema-instance" xsi:schemaLocation="http://www.loc.gov/standards/alto/ns-v3# http://www.loc.gov/alto/v3/alto-3-0.xsd"><Description>
<MeasurementUnit>pixel</MeasurementUnit>
<sourceImageInformation>
<fileName>1934_v1_Part1.pdf</fileName>
</sourceImageInformation>
<OCRProcessing ID="IdOcr">
<ocrProcessingStep>
<processingDateTime>2019-01-10</processingDateTime>
<processingSoftware>
<softwareCreator>ABBYY</softwareCreator>
<softwareName>ABBYY Recognition Server</softwareName>
<softwareVersion>4.0</softwareVersion>
</processingSoftware>
</ocrProcessingStep>
</OCRProcessing>
</Description>
<Styles>
<ParagraphStyle ID="StyleId-FFFFFFFF-FFFF-FFFF-FFFF-FFFFFFFFFFFF-" ALIGN="Left" LEFT="0." RIGHT="0." FIRSTLINE="0."/>
<ParagraphStyle ID="StyleId-521E1FC6-FE7E-43A4-90E6-A9B61626A263-" ALIGN="Right" LEFT="0." RIGHT="0." FIRSTLINE="0." LINESPACE="13.30000019"/>
<ParagraphStyle ID="StyleId-639B624E-F6F5-47B6-BB1D-34E64B53022F-" ALIGN="Left" LEFT="0." RIGHT="0." FIRSTLINE="-27." LINESPACE="13.43999958"/>
<ParagraphStyle ID="StyleId-100905F9-D385-406B-A5BD-ED5B8FD85431-" ALIGN="Left" LEFT="0." RIGHT="0." FIRSTLINE="0."/>
<ParagraphStyle ID="StyleId-7C9F9BA2-EF3A-4B7F-8486-CCC7B7F49B39-" ALIGN="Left" LEFT="0." RIGHT="0." FIRSTLINE="-27." LINESPACE="18.71999931"/>
<ParagraphStyle ID="StyleId-350780E3-60F2-4605-88F5-BB54F9B87091-" ALIGN="Block" LEFT="0." RIGHT="0." FIRSTLINE="-27." LINESPACE="18.71999931"/>
<ParagraphStyle ID="StyleId-90B16C58-D795-4C77-9B89-30378C515D40-" ALIGN="Left" LEFT="0." RIGHT="0." FIRSTLINE="0." LINESPACE="14.39999962"/>
<ParagraphStyle ID="StyleId-17090E09-AFAF-4086-BD9B-4E99FAE6B057-" ALIGN="Right" LEFT="0." RIGHT="0." FIRSTLINE="-27." LINESPACE="14.39999962"/>
<ParagraphStyle ID="StyleId-8B87B633-89DB-4D72-B1FC-26E4ABD680BC-" ALIGN="Left" LEFT="0." RIGHT="0." FIRSTLINE="-27." LINESPACE="18.47999954"/>
<ParagraphStyle ID="StyleId-42DA7417-CA90-4D71-A57B-06556C38D752-" ALIGN="Left" LEFT="0." RIGHT="0." FIRSTLINE="0." LINESPACE="13.30000019"/>
<ParagraphStyle ID="StyleId-D8EE2A7E-42AE-4E35-98DB-F0F935637AA0-" ALIGN="Block" LEFT="0." RIGHT="0." FIRSTLINE="0." LINESPACE="6.599999905"/>
<ParagraphStyle ID="StyleId-33CD3121-D4F5-43B6-BA96-6382D166E6B8-" ALIGN="Left" LEFT="0." RIGHT="0." FIRSTLINE="0." LINESPACE="15.5"/>
<ParagraphStyle ID="StyleId-1CE52AFA-C319-4DD9-B4B1-F0EBFA2B3F0B-" ALIGN="Block" LEFT="0." RIGHT="0." FIRSTLINE="-21." LINESPACE="18.71999931"/>
<ParagraphStyle ID="StyleId-B74F1B65-92F1-49C5-A5FA-D20442F031F2-" ALIGN="Left" LEFT="0." RIGHT="0." FIRSTLINE="0." LINESPACE="17.70006076"/>
<ParagraphStyle ID="StyleId-79E2924A-215C-40B7-B577-7236BFBAA25E-" ALIGN="Center" LEFT="0." RIGHT="0." FIRSTLINE="0." LINESPACE="7.199999809"/>
</Styles>
<Layout>
<Page ID="Page51" PHYSICAL_IMG_NR="51" HEIGHT="4196" WIDTH="2350">
<TopMargin HEIGHT="352" WIDTH="2350" VPOS="0" HPOS="0">
</TopMargin>
<LeftMargin HEIGHT="3621" WIDTH="125" VPOS="352" HPOS="0">
</LeftMargin>
<RightMargin HEIGHT="3621" WIDTH="183" VPOS="352" HPOS="2167">
</RightMargin>
<BottomMargin HEIGHT="223" WIDTH="2350" VPOS="3973" HPOS="0">
<TextBlock ID="Page51_Block1" HEIGHT="101" WIDTH="324" VPOS="3995" HPOS="1030" LANG="en-US" STYLEREFS="StyleId-A98D708F-1C96-488B-BC16-7040E60D0746-">
<Shape>
<Polygon POINTS="1030,3995 1177,3995 1177,3996 1354,3996 1354,4096 1173,4096 1173,4095 1030,4095 1030,3995"/>
</Shape>
<TextLine HEIGHT="51" WIDTH="62" VPOS="4020" HPOS="1117">
<String CONTENT="51" HEIGHT="51" WIDTH="62" VPOS="4020" HPOS="1117"/>
</TextLine>
</TextBlock>
</BottomMargin>
<PrintSpace HEIGHT="3621" WIDTH="2042" VPOS="352" HPOS="125">
<TextBlock ID="Page51_Block2" HEIGHT="3621" WIDTH="2042" VPOS="352" HPOS="125" LANG="en-US" CS="1" STYLEREFS="StyleId-0D27FD17-2FDE-4E9B-ADC3-22A99A7FD650-">
<Shape>
<Polygon POINTS="133,352 169,352 169,353 673,353 673,354 1177,354 1177,355 1681,355 1681,356 2167,356 2167,840 2166,840 2166,1344 2165,1344 2165,1848 2164,1848 2164,2352 2163,2352 2163,2856 2162,2856 2162,3360 2161,3360 2161,3864 2160,3864 2160,3973 1677,3973 1677,3972 1173,3972 1173,3971 669,3971 669,3970 165,3970 165,3969 125,3969 125,3860 126,3860 126,3356 127,3356 127,2852 128,2852 128,2348 129,2348 129,1844 130,1844 130,1340 131,1340 131,836 132,836 132,353 133,353 133,352"/>
</Shape>
<TextLine HEIGHT="69" WIDTH="1297" VPOS="358" HPOS="140" STYLEREFS="StyleId-DEB19450-C804-4DAD-AEDE-0F4966C3957B-">
<String LANG="la" CONTENT="Central" HEIGHT="57" WIDTH="236" VPOS="368" HPOS="140"/>
<SP HEIGHT="53" WIDTH="28" VPOS="369" HPOS="377"/>
<String LANG="en-US" CONTENT="conference" HEIGHT="55" WIDTH="346" VPOS="368" HPOS="406"/>
<SP HEIGHT="36" WIDTH="27" VPOS="381" HPOS="753"/>
<String LANG="en-US" CONTENT="of" HEIGHT="52" WIDTH="61" VPOS="365" HPOS="781"/>
<SP HEIGHT="52" WIDTH="29" VPOS="364" HPOS="843"/>
<String LANG="en-US" CONTENT="American" HEIGHT="54" WIDTH="316" VPOS="363" HPOS="873"/>
<SP HEIGHT="35" WIDTH="26" VPOS="380" HPOS="1190"/>
<String LANG="en-US" CONTENT="rabbis." HEIGHT="54" WIDTH="220" VPOS="361" HPOS="1217"/>
</TextLine>
<TextLine HEIGHT="82" WIDTH="1921" VPOS="435" HPOS="214" STYLEREFS="StyleId-8985A3D1-5F58-4B82-A310-ADE3F3BAA0E3-" CS="1">
<String CONTENT="[Yearbook]" HEIGHT="70" WIDTH="337" VPOS="444" HPOS="214"/>
<SP HEIGHT="33" WIDTH="49" VPOS="476" HPOS="552"/>
<String CS="1" CONTENT="&#8230;"/>
<SP HEIGHT="50" WIDTH="41" VPOS="445" HPOS="657"/>
<String CONTENT="44th" HEIGHT="50" WIDTH="132" VPOS="444" HPOS="699"/>
<SP HEIGHT="49" WIDTH="39" VPOS="444" HPOS="832"/>
<String CONTENT="annual" HEIGHT="51" WIDTH="212" VPOS="441" HPOS="872"/>
<SP HEIGHT="51" WIDTH="33" VPOS="441" HPOS="1085"/>
<String CONTENT="convention," HEIGHT="55" WIDTH="355" VPOS="438" HPOS="1119"/>
<SP HEIGHT="51" WIDTH="36" VPOS="441" HPOS="1475"/>
<String CONTENT="June" HEIGHT="51" WIDTH="153" VPOS="441" HPOS="1512"/>
<SP HEIGHT="51" WIDTH="34" VPOS="440" HPOS="1666"/>
<String CONTENT="22nd" HEIGHT="52" WIDTH="147" VPOS="438" HPOS="1701"/>
<SP HEIGHT="52" WIDTH="38" VPOS="438" HPOS="1849"/>
<String CONTENT="to" HEIGHT="45" WIDTH="57" VPOS="444" HPOS="1888"/>
<SP HEIGHT="51" WIDTH="36" VPOS="440" HPOS="1946"/>
<String CONTENT="June" HEIGHT="51" WIDTH="152" VPOS="440" HPOS="1983"/>
</TextLine>
<TextLine HEIGHT="146" WIDTH="1971" VPOS="513" HPOS="138" STYLEREFS="StyleId-8985A3D1-5F58-4B82-A310-ADE3F3BAA0E3-" CS="1">
<String CONTENT="25th," HEIGHT="65" WIDTH="149" VPOS="526" HPOS="138"/>
<SP HEIGHT="47" WIDTH="32" VPOS="544" HPOS="288"/>
<String CONTENT="nineteen" HEIGHT="52" WIDTH="261" VPOS="524" HPOS="321"/>
<SP HEIGHT="52" WIDTH="30" VPOS="521" HPOS="583"/>
<String CONTENT="hundred" HEIGHT="53" WIDTH="263" VPOS="520" HPOS="614"/>
<SP HEIGHT="52" WIDTH="35" VPOS="521" HPOS="878"/>
<String CONTENT="and" HEIGHT="51" WIDTH="112" VPOS="520" HPOS="914"/>
<SP HEIGHT="50" WIDTH="34" VPOS="520" HPOS="1027"/>
<String CONTENT="thirty-three," HEIGHT="65" WIDTH="387" VPOS="518" HPOS="1062"/>
<SP HEIGHT="65" WIDTH="33" VPOS="518" HPOS="1450"/>
<String CONTENT="Milwaukee," HEIGHT="67" WIDTH="362" VPOS="516" HPOS="1484"/>
<SP HEIGHT="64" WIDTH="35" VPOS="519" HPOS="1847"/>
<String CONTENT="Wisconsin" HEIGHT="146" WIDTH="1970" VPOS="513" HPOS="139"/>
</TextLine>
<TextLine HEIGHT="162" WIDTH="1972" VPOS="591" HPOS="140" STYLEREFS="StyleId-8985A3D1-5F58-4B82-A310-ADE3F3BAA0E3-" CS="1">
<String CS="1" CONTENT="&#8230;"/>
<SP HEIGHT="53" WIDTH="78" VPOS="602" HPOS="310"/>
<String CONTENT="Volume" HEIGHT="53" WIDTH="243" VPOS="602" HPOS="389"/>
<SP HEIGHT="35" WIDTH="22" VPOS="617" HPOS="633"/>
<String CS="1" CONTENT="XLIII." HEIGHT="9" WIDTH="8" VPOS="640" HPOS="813"/>
<SP HEIGHT="51" WIDTH="76" VPOS="598" HPOS="822"/>
<String CONTENT="Edited" HEIGHT="52" WIDTH="212" VPOS="597" HPOS="899"/>
<SP HEIGHT="53" WIDTH="22" VPOS="596" HPOS="1112"/>
<String CONTENT="by" HEIGHT="69" WIDTH="74" VPOS="596" HPOS="1135"/>
<SP HEIGHT="67" WIDTH="23" VPOS="598" HPOS="1210"/>
<String CONTENT="Isaac" HEIGHT="51" WIDTH="163" VPOS="598" HPOS="1234"/>
<SP HEIGHT="50" WIDTH="24" VPOS="598" HPOS="1398"/>
<String CONTENT="E." HEIGHT="50" WIDTH="68" VPOS="598" HPOS="1423"/>
<SP HEIGHT="52" WIDTH="23" VPOS="596" HPOS="1492"/>
<String CONTENT="Marcuson." HEIGHT="53" WIDTH="322" VPOS="596" HPOS="1516"/>
<SP HEIGHT="32" WIDTH="66" VPOS="628" HPOS="1839"/>
<String CONTENT="[Kingsport," HEIGHT="162" WIDTH="1972" VPOS="591" HPOS="140"/>
</TextLine>
<TextLine HEIGHT="77" WIDTH="1496" VPOS="672" HPOS="318" STYLEREFS="StyleId-8985A3D1-5F58-4B82-A310-ADE3F3BAA0E3-">
<String CONTENT="Tenn.," HEIGHT="65" WIDTH="194" VPOS="681" HPOS="318"/>
<SP HEIGHT="66" WIDTH="29" VPOS="680" HPOS="513"/>
<String CONTENT="Printed" HEIGHT="55" WIDTH="241" VPOS="677" HPOS="543"/>
<SP HEIGHT="52" WIDTH="30" VPOS="677" HPOS="785"/>
<String CONTENT="by" HEIGHT="67" WIDTH="74" VPOS="677" HPOS="816"/>
<SP HEIGHT="67" WIDTH="30" VPOS="677" HPOS="891"/>
<String CONTENT="Kingsport" HEIGHT="68" WIDTH="323" VPOS="676" HPOS="922"/>
<SP HEIGHT="61" WIDTH="29" VPOS="681" HPOS="1246"/>
<String CONTENT="press," HEIGHT="49" WIDTH="175" VPOS="693" HPOS="1276"/>
<SP HEIGHT="66" WIDTH="28" VPOS="674" HPOS="1452"/>
<String CONTENT="inc.," HEIGHT="66" WIDTH="126" VPOS="674" HPOS="1481"/>
<SP HEIGHT="60" WIDTH="30" VPOS="680" HPOS="1608"/>
<String STYLE="superscript" CONTENT="c" HEIGHT="21" WIDTH="17" VPOS="680" HPOS="1639"/>
<String CONTENT="1933]" HEIGHT="64" WIDTH="152" VPOS="675" HPOS="1662"/>
</TextLine>
<TextLine HEIGHT="49" WIDTH="348" VPOS="752" HPOS="200" CS="1">
<String CONTENT="368" HEIGHT="40" WIDTH="85" VPOS="754" HPOS="200"/>
<SP HEIGHT="46" WIDTH="29" VPOS="755" HPOS="286"/>
<String CONTENT="p" HEIGHT="37" WIDTH="32" VPOS="764" HPOS="316"/>
<SP HEIGHT="49" WIDTH="67" VPOS="752" HPOS="349"/>
<String CS="1" CONTENT="23&#189;" HEIGHT="40" WIDTH="55" VPOS="752" HPOS="417"/>
<String STYLE="superscript" CONTENT="cm" HEIGHT="21" WIDTH="43" VPOS="753" HPOS="505"/>
</TextLine>
<TextLine HEIGHT="113" WIDTH="1981" VPOS="800" HPOS="139" CS="1">
<String CONTENT="&#169;" HEIGHT="53" WIDTH="51" VPOS="807" HPOS="139"/>
<SP HEIGHT="52" WIDTH="32" VPOS="808" HPOS="190"/>
<String CONTENT="Dec." HEIGHT="38" WIDTH="111" VPOS="812" HPOS="222"/>
<SP HEIGHT="39" WIDTH="33" VPOS="809" HPOS="333"/>
<String CONTENT="29," HEIGHT="48" WIDTH="69" VPOS="808" HPOS="366"/>
<SP HEIGHT="46" WIDTH="33" VPOS="810" HPOS="435"/>
<String CONTENT="1933" HEIGHT="41" WIDTH="115" VPOS="808" HPOS="468"/>
<SP HEIGHT="45" WIDTH="18" VPOS="809" HPOS="583"/>
<String CONTENT=";" HEIGHT="35" WIDTH="8" VPOS="819" HPOS="601"/>
<SP HEIGHT="46" WIDTH="35" VPOS="808" HPOS="609"/>
<String CONTENT="2c." HEIGHT="40" WIDTH="66" VPOS="808" HPOS="644"/>
<SP HEIGHT="38" WIDTH="35" VPOS="808" HPOS="710"/>
<String CONTENT="Jan." HEIGHT="38" WIDTH="109" VPOS="808" HPOS="745"/>
<SP HEIGHT="38" WIDTH="34" VPOS="807" HPOS="854"/>
<String CONTENT="2," HEIGHT="47" WIDTH="39" VPOS="807" HPOS="888"/>
<SP HEIGHT="46" WIDTH="34" VPOS="808" HPOS="927"/>
<String CONTENT="1934;" HEIGHT="46" WIDTH="141" VPOS="806" HPOS="961"/>
<SP/>
<String CS="1" CONTENT="aff."/>
<SP HEIGHT="39" WIDTH="35" VPOS="805" HPOS="1220"/>
<String CONTENT="Jan." HEIGHT="40" WIDTH="108" VPOS="805" HPOS="1255"/>
<SP HEIGHT="39" WIDTH="35" VPOS="806" HPOS="1363"/>
<String CONTENT="13;" HEIGHT="45" WIDTH="82" VPOS="806" HPOS="1398"/>
<SP HEIGHT="46" WIDTH="35" VPOS="805" HPOS="1480"/>
<!-- cceid B8036991-6C64-1014-8713-889FF4349C01 --><String CONTENT="A" HEIGHT="38" WIDTH="43" VPOS="805" HPOS="1515"/>
<SP HEIGHT="39" WIDTH="32" VPOS="804" HPOS="1558"/>
<String CONTENT="68858;" HEIGHT="47" WIDTH="170" VPOS="803" HPOS="1590"/>
<SP HEIGHT="46" WIDTH="38" VPOS="804" HPOS="1760"/>
<String CONTENT="Central" HEIGHT="41" WIDTH="200" VPOS="804" HPOS="1798"/>
<SP HEIGHT="39" WIDTH="34" VPOS="805" HPOS="1998"/>
<String CONTENT="conference" HEIGHT="97" WIDTH="1913" VPOS="812" HPOS="207"/>
<SP HEIGHT="28" WIDTH="23" VPOS="878" HPOS="399"/>
<String CONTENT="of" HEIGHT="39" WIDTH="50" VPOS="867" HPOS="423"/>
<SP HEIGHT="38" WIDTH="22" VPOS="866" HPOS="474"/>
<String CONTENT="Amer." HEIGHT="39" WIDTH="159" VPOS="866" HPOS="497"/>
<SP HEIGHT="31" WIDTH="22" VPOS="875" HPOS="657"/>
<String CONTENT="rabbis," HEIGHT="47" WIDTH="177" VPOS="864" HPOS="680"/>
<SP HEIGHT="46" WIDTH="26" VPOS="865" HPOS="858"/>
<String CONTENT="Macon," HEIGHT="44" WIDTH="185" VPOS="865" HPOS="885"/>
<SP HEIGHT="46" WIDTH="28" VPOS="863" HPOS="1071"/>
<String CONTENT="Ga." HEIGHT="41" WIDTH="82" VPOS="863" HPOS="1100"/>
</TextLine>
<TextLine HEIGHT="68" WIDTH="492" VPOS="967" HPOS="140" STYLEREFS="StyleId-717459E0-8137-410A-9971-20E0F9B2541F-">
<String CONTENT="Childs," HEIGHT="66" WIDTH="218" VPOS="969" HPOS="140"/>
<SP HEIGHT="66" WIDTH="26" VPOS="969" HPOS="359"/>
<String CONTENT="Jessica." HEIGHT="54" WIDTH="246" VPOS="968" HPOS="386"/>
</TextLine>
<TextLine HEIGHT="75" WIDTH="1930" VPOS="1041" HPOS="206" STYLEREFS="StyleId-8985A3D1-5F58-4B82-A310-ADE3F3BAA0E3-">
<String CONTENT="Building" HEIGHT="68" WIDTH="282" VPOS="1045" HPOS="206"/>
<SP HEIGHT="49" WIDTH="20" VPOS="1064" HPOS="489"/>
<String CONTENT="character" HEIGHT="53" WIDTH="291" VPOS="1046" HPOS="510"/>
<SP HEIGHT="46" WIDTH="25" VPOS="1051" HPOS="802"/>
<String CONTENT="through" HEIGHT="65" WIDTH="247" VPOS="1046" HPOS="828"/>
<SP HEIGHT="52" WIDTH="27" VPOS="1045" HPOS="1076"/>
<String CONTENT="dramatization," HEIGHT="68" WIDTH="459" VPOS="1043" HPOS="1104"/>
<SP HEIGHT="67" WIDTH="25" VPOS="1044" HPOS="1564"/>
<String CONTENT="by" HEIGHT="66" WIDTH="73" VPOS="1044" HPOS="1590"/>
<SP HEIGHT="65" WIDTH="24" VPOS="1046" HPOS="1664"/>
<String CONTENT="Jessica" HEIGHT="55" WIDTH="216" VPOS="1044" HPOS="1689"/>
<SP HEIGHT="54" WIDTH="28" VPOS="1045" HPOS="1906"/>
<String CONTENT="Childs" HEIGHT="54" WIDTH="201" VPOS="1045" HPOS="1935"/>
</TextLine>
<TextLine HEIGHT="72" WIDTH="1938" VPOS="1122" HPOS="198" STYLEREFS="StyleId-8985A3D1-5F58-4B82-A310-ADE3F3BAA0E3-" CS="1">
<String CS="1" CONTENT="&#8230;"/>
<SP HEIGHT="54" WIDTH="79" VPOS="1125" HPOS="198"/>
<String CONTENT="Evanston," HEIGHT="66" WIDTH="312" VPOS="1125" HPOS="278"/>
<SP HEIGHT="66" WIDTH="25" VPOS="1125" HPOS="591"/>
<String CONTENT="Ill.," HEIGHT="66" WIDTH="112" VPOS="1124" HPOS="617"/>
<SP HEIGHT="65" WIDTH="29" VPOS="1125" HPOS="730"/>
<String CONTENT="New" HEIGHT="51" WIDTH="137" VPOS="1125" HPOS="760"/>
<SP HEIGHT="51" WIDTH="28" VPOS="1124" HPOS="898"/>
<String CONTENT="York" HEIGHT="52" WIDTH="163" VPOS="1123" HPOS="927"/>
<SP HEIGHT="67" WIDTH="31" VPOS="1123" HPOS="1091"/>
<String CONTENT="[etc.]" HEIGHT="64" WIDTH="135" VPOS="1127" HPOS="1123"/>
<SP HEIGHT="66" WIDTH="36" VPOS="1124" HPOS="1259"/>
<String CONTENT="Bow," HEIGHT="65" WIDTH="158" VPOS="1124" HPOS="1296"/>
<SP HEIGHT="64" WIDTH="26" VPOS="1125" HPOS="1455"/>
<String CONTENT="Peterson" HEIGHT="52" WIDTH="271" VPOS="1125" HPOS="1482"/>
<SP HEIGHT="50" WIDTH="29" VPOS="1126" HPOS="1754"/>
<String CONTENT="&amp;" HEIGHT="50" WIDTH="43" VPOS="1126" HPOS="1784"/>
<SP HEIGHT="50" WIDTH="28" VPOS="1126" HPOS="1828"/>
<String CONTENT="company" HEIGHT="48" WIDTH="279" VPOS="1141" HPOS="1857"/>
</TextLine>
<TextLine HEIGHT="65" WIDTH="190" VPOS="1205" HPOS="143" STYLEREFS="StyleId-8985A3D1-5F58-4B82-A310-ADE3F3BAA0E3-">
<String CONTENT="[" HEIGHT="33" WIDTH="12" VPOS="1236" HPOS="143"/>
<String STYLE="superscript" CONTENT="c" HEIGHT="22" WIDTH="17" VPOS="1209" HPOS="160"/>
<String CONTENT="1934]" HEIGHT="63" WIDTH="151" VPOS="1206" HPOS="182"/>
</TextLine>
<TextLine HEIGHT="49" WIDTH="432" VPOS="1274" HPOS="211" CS="1">
<String CONTENT="x," HEIGHT="38" WIDTH="44" VPOS="1285" HPOS="211"/>
<SP HEIGHT="46" WIDTH="26" VPOS="1277" HPOS="256"/>
<String CONTENT="374" HEIGHT="40" WIDTH="85" VPOS="1276" HPOS="283"/>
<SP HEIGHT="46" WIDTH="24" VPOS="1276" HPOS="369"/>
<String CONTENT="p." HEIGHT="37" WIDTH="43" VPOS="1285" HPOS="394"/>
<SP HEIGHT="39" WIDTH="59" VPOS="1275" HPOS="438"/>
<String CS="1" CONTENT="19&#189;c" HEIGHT="40" WIDTH="55" VPOS="1274" HPOS="498"/>
<String STYLE="superscript" CONTENT="m" HEIGHT="21" WIDTH="26" VPOS="1276" HPOS="603"/>
<String CONTENT="." HEIGHT="8" WIDTH="7" VPOS="1306" HPOS="636"/>
</TextLine>
<TextLine HEIGHT="50" WIDTH="448" VPOS="1330" HPOS="212">
<String CONTENT="&#8220;First" HEIGHT="41" WIDTH="163" VPOS="1331" HPOS="212"/>
<SP HEIGHT="46" WIDTH="24" VPOS="1334" HPOS="375"/>
<String CONTENT="printing.&#8221;" HEIGHT="50" WIDTH="261" VPOS="1330" HPOS="399"/>
</TextLine>
<TextLine HEIGHT="56" WIDTH="1927" VPOS="1384" HPOS="215" CS="1">
<String CONTENT="&#8220;Appendix" HEIGHT="49" WIDTH="280" VPOS="1388" HPOS="215"/>
<SP HEIGHT="28" WIDTH="31" VPOS="1400" HPOS="496"/>
<String CS="1" CONTENT="&#8230;"/>
<SP HEIGHT="29" WIDTH="33" VPOS="1408" HPOS="574"/>
<String CONTENT="[includes]" HEIGHT="50" WIDTH="245" VPOS="1388" HPOS="608"/>
<SP HEIGHT="49" WIDTH="29" VPOS="1388" HPOS="854"/>
<String CONTENT="full" HEIGHT="39" WIDTH="94" VPOS="1388" HPOS="884"/>
<SP HEIGHT="40" WIDTH="25" VPOS="1389" HPOS="979"/>
<String CONTENT="script" HEIGHT="48" WIDTH="152" VPOS="1387" HPOS="1005"/>
<SP HEIGHT="39" WIDTH="25" VPOS="1389" HPOS="1158"/>
<String CONTENT="of" HEIGHT="40" WIDTH="51" VPOS="1388" HPOS="1184"/>
<SP HEIGHT="38" WIDTH="24" VPOS="1388" HPOS="1236"/>
<String CONTENT="many" HEIGHT="37" WIDTH="145" VPOS="1398" HPOS="1261"/>
<SP HEIGHT="45" WIDTH="26" VPOS="1390" HPOS="1407"/>
<String CONTENT="types" HEIGHT="46" WIDTH="138" VPOS="1390" HPOS="1434"/>
<SP HEIGHT="30" WIDTH="27" VPOS="1398" HPOS="1573"/>
<String CONTENT="of" HEIGHT="40" WIDTH="52" VPOS="1388" HPOS="1601"/>
<SP HEIGHT="46" WIDTH="24" VPOS="1388" HPOS="1654"/>
<String CONTENT="plays" HEIGHT="47" WIDTH="139" VPOS="1388" HPOS="1679"/>
<SP HEIGHT="29" WIDTH="29" VPOS="1399" HPOS="1819"/>
<String CS="1" CONTENT="&#8230;"/>
<SP HEIGHT="39" WIDTH="31" VPOS="1389" HPOS="1897"/>
<String CONTENT="detailed" HEIGHT="41" WIDTH="213" VPOS="1387" HPOS="1929"/>
</TextLine>
<TextLine HEIGHT="54" WIDTH="1950" VPOS="1442" HPOS="143" CS="1">
<String CONTENT="directions" HEIGHT="41" WIDTH="262" VPOS="1445" HPOS="143"/>
<SP HEIGHT="28" WIDTH="42" VPOS="1457" HPOS="406"/>
<String CS="1" CONTENT="&#8230;"/>
<SP HEIGHT="39" WIDTH="39" VPOS="1446" HPOS="494"/>
<String CONTENT="for" HEIGHT="38" WIDTH="78" VPOS="1446" HPOS="534"/>
<SP HEIGHT="28" WIDTH="37" VPOS="1457" HPOS="613"/>
<String CONTENT="working" HEIGHT="49" WIDTH="219" VPOS="1444" HPOS="651"/>
<SP HEIGHT="36" WIDTH="36" VPOS="1457" HPOS="871"/>
<String CONTENT="up" HEIGHT="37" WIDTH="63" VPOS="1457" HPOS="908"/>
<SP HEIGHT="46" WIDTH="38" VPOS="1448" HPOS="972"/>
<String CONTENT="three" HEIGHT="38" WIDTH="135" VPOS="1448" HPOS="1011"/>
<SP HEIGHT="40" WIDTH="35" VPOS="1446" HPOS="1147"/>
<String CONTENT="different" HEIGHT="40" WIDTH="227" VPOS="1445" HPOS="1183"/>
<SP HEIGHT="36" WIDTH="40" VPOS="1449" HPOS="1411"/>
<String CONTENT="types" HEIGHT="43" WIDTH="136" VPOS="1450" HPOS="1452"/>
<SP HEIGHT="29" WIDTH="36" VPOS="1456" HPOS="1589"/>
<String CONTENT="of" HEIGHT="38" WIDTH="50" VPOS="1446" HPOS="1626"/>
<SP HEIGHT="39" WIDTH="37" VPOS="1446" HPOS="1677"/>
<String CONTENT="senior" HEIGHT="39" WIDTH="160" VPOS="1446" HPOS="1715"/>
<SP HEIGHT="36" WIDTH="37" VPOS="1457" HPOS="1876"/>
<String CONTENT="plays" HEIGHT="45" WIDTH="138" VPOS="1448" HPOS="1914"/>
<SP HEIGHT="30" WIDTH="40" VPOS="1456" HPOS="2053"/>
<String CS="1" CONTENT="&#8230;"/>
</TextLine>
<TextLine HEIGHT="56" WIDTH="1980" VPOS="1499" HPOS="161" CS="1">
<String CS="1" CONTENT="[and]" HEIGHT="50" WIDTH="109" VPOS="1502" HPOS="161"/>
<SP HEIGHT="38" WIDTH="36" VPOS="1514" HPOS="271"/>
<String CONTENT="many" HEIGHT="37" WIDTH="144" VPOS="1513" HPOS="308"/>
<SP HEIGHT="37" WIDTH="32" VPOS="1513" HPOS="453"/>
<String CONTENT="examples" HEIGHT="47" WIDTH="247" VPOS="1504" HPOS="486"/>
<SP HEIGHT="30" WIDTH="32" VPOS="1512" HPOS="734"/>
<String CONTENT="of" HEIGHT="39" WIDTH="51" VPOS="1503" HPOS="767"/>
<SP HEIGHT="40" WIDTH="33" VPOS="1503" HPOS="819"/>
<String CONTENT="types" HEIGHT="43" WIDTH="138" VPOS="1507" HPOS="853"/>
<SP HEIGHT="29" WIDTH="32" VPOS="1514" HPOS="992"/>
<String CONTENT="of" HEIGHT="39" WIDTH="51" VPOS="1503" HPOS="1025"/>
<SP HEIGHT="39" WIDTH="31" VPOS="1503" HPOS="1077"/>
<String CONTENT="oral" HEIGHT="40" WIDTH="102" VPOS="1503" HPOS="1109"/>
<SP HEIGHT="39" WIDTH="34" VPOS="1504" HPOS="1212"/>
<String CONTENT="expression" HEIGHT="50" WIDTH="283" VPOS="1502" HPOS="1247"/>
<SP HEIGHT="37" WIDTH="34" VPOS="1513" HPOS="1531"/>
<String CONTENT="projects" HEIGHT="48" WIDTH="212" VPOS="1503" HPOS="1566"/>
<SP HEIGHT="39" WIDTH="32" VPOS="1503" HPOS="1779"/>
<String CONTENT="for" HEIGHT="39" WIDTH="78" VPOS="1503" HPOS="1812"/>
<SP HEIGHT="28" WIDTH="31" VPOS="1514" HPOS="1891"/>
<String CONTENT="children" HEIGHT="40" WIDTH="218" VPOS="1503" HPOS="1923"/>
</TextLine>
<TextLine HEIGHT="42" WIDTH="526" VPOS="1558" HPOS="142">
<String CONTENT="and" HEIGHT="39" WIDTH="95" VPOS="1560" HPOS="142"/>
<SP HEIGHT="38" WIDTH="28" VPOS="1561" HPOS="238"/>
<String CONTENT="adults.&#8221;&#8212;Pref." HEIGHT="41" WIDTH="401" VPOS="1559" HPOS="267"/>
</TextLine>
<TextLine HEIGHT="47" WIDTH="1930" VPOS="1613" HPOS="213" CS="1">
<String CS="1" CONTENT="CONTENTS.&#8212;Auditorium" HEIGHT="42" WIDTH="647" VPOS="1616" HPOS="213"/>
<SP HEIGHT="29" WIDTH="26" VPOS="1627" HPOS="861"/>
<String CONTENT="activities" HEIGHT="40" WIDTH="245" VPOS="1617" HPOS="888"/>
<SP HEIGHT="39" WIDTH="23" VPOS="1617" HPOS="1134"/>
<String CONTENT="for" HEIGHT="40" WIDTH="78" VPOS="1617" HPOS="1158"/>
<SP HEIGHT="30" WIDTH="24" VPOS="1628" HPOS="1237"/>
<String CONTENT="children.&#8212;Auditorium" HEIGHT="42" WIDTH="608" VPOS="1617" HPOS="1262"/>
<SP HEIGHT="30" WIDTH="25" VPOS="1628" HPOS="1871"/>
<String CONTENT="activities" HEIGHT="42" WIDTH="246" VPOS="1616" HPOS="1897"/>
</TextLine>
<TextLine HEIGHT="52" WIDTH="2001" VPOS="1671" HPOS="142">
<String CONTENT="for" HEIGHT="39" WIDTH="77" VPOS="1672" HPOS="142"/>
<SP HEIGHT="29" WIDTH="27" VPOS="1683" HPOS="220"/>
<String CONTENT="adults.&#8212;Oial" HEIGHT="40" WIDTH="360" VPOS="1674" HPOS="248"/>
<SP HEIGHT="38" WIDTH="24" VPOS="1675" HPOS="609"/>
<String CONTENT="expression;" HEIGHT="48" WIDTH="310" VPOS="1673" HPOS="634"/>
<SP HEIGHT="35" WIDTH="27" VPOS="1685" HPOS="945"/>
<String CONTENT="an" HEIGHT="29" WIDTH="61" VPOS="1685" HPOS="973"/>
<SP HEIGHT="29" WIDTH="27" VPOS="1685" HPOS="1035"/>
<String CONTENT="outlet" HEIGHT="40" WIDTH="152" VPOS="1675" HPOS="1063"/>
<SP HEIGHT="40" WIDTH="26" VPOS="1674" HPOS="1216"/>
<String CONTENT="for" HEIGHT="40" WIDTH="78" VPOS="1674" HPOS="1243"/>
<SP HEIGHT="30" WIDTH="27" VPOS="1685" HPOS="1322"/>
<String CONTENT="creative" HEIGHT="40" WIDTH="213" VPOS="1675" HPOS="1350"/>
<SP HEIGHT="30" WIDTH="27" VPOS="1684" HPOS="1564"/>
<String CONTENT="activity.&#8212;Appendix." HEIGHT="49" WIDTH="551" VPOS="1674" HPOS="1592"/>
</TextLine>
<TextLine HEIGHT="57" WIDTH="1831" VPOS="1725" HPOS="143">
<String CONTENT="&#169;" HEIGHT="54" WIDTH="50" VPOS="1725" HPOS="143"/>
<SP HEIGHT="53" WIDTH="25" VPOS="1726" HPOS="194"/>
<String CONTENT="Jan." HEIGHT="41" WIDTH="108" VPOS="1731" HPOS="220"/>
<SP HEIGHT="39" WIDTH="24" VPOS="1731" HPOS="329"/>
<String CONTENT="2," HEIGHT="41" WIDTH="39" VPOS="1731" HPOS="354"/>
<SP HEIGHT="40" WIDTH="25" VPOS="1732" HPOS="394"/>
<String CONTENT="1934;" HEIGHT="45" WIDTH="140" VPOS="1731" HPOS="420"/>
<SP HEIGHT="43" WIDTH="26" VPOS="1733" HPOS="561"/>
<String CONTENT="2c." HEIGHT="38" WIDTH="65" VPOS="1733" HPOS="588"/>
<SP HEIGHT="30" WIDTH="27" VPOS="1742" HPOS="654"/>
<String CONTENT="and" HEIGHT="39" WIDTH="95" VPOS="1734" HPOS="682"/>
<SP HEIGHT="39" WIDTH="24" VPOS="1734" HPOS="778"/>
<String CONTENT="aff." HEIGHT="40" WIDTH="81" VPOS="1732" HPOS="803"/>
<SP HEIGHT="39" WIDTH="26" VPOS="1733" HPOS="885"/>
<String CONTENT="Jan." HEIGHT="39" WIDTH="109" VPOS="1733" HPOS="912"/>
<SP HEIGHT="39" WIDTH="25" VPOS="1733" HPOS="1022"/>
<String CONTENT="15;" HEIGHT="48" WIDTH="81" VPOS="1731" HPOS="1048"/>
<SP HEIGHT="48" WIDTH="27" VPOS="1731" HPOS="1130"/>
<!-- cceid B8042D7B-6C64-1014-8713-889FF4349C01 --><String CONTENT="A" HEIGHT="40" WIDTH="40" VPOS="1731" HPOS="1158"/>
<SP HEIGHT="40" WIDTH="23" VPOS="1732" HPOS="1199"/>
<String CONTENT="69010;" HEIGHT="47" WIDTH="171" VPOS="1732" HPOS="1223"/>
<SP HEIGHT="46" WIDTH="29" VPOS="1733" HPOS="1395"/>
<String CONTENT="Row," HEIGHT="47" WIDTH="131" VPOS="1733" HPOS="1425"/>
<SP HEIGHT="47" WIDTH="27" VPOS="1733" HPOS="1557"/>
<String CONTENT="Peterson" HEIGHT="40" WIDTH="233" VPOS="1733" HPOS="1585"/>
<SP HEIGHT="39" WIDTH="27" VPOS="1733" HPOS="1819"/>
<String CONTENT="&amp;" HEIGHT="39" WIDTH="35" VPOS="1733" HPOS="1847"/>
<SP HEIGHT="40" WIDTH="24" VPOS="1733" HPOS="1883"/>
<String CONTENT="co." HEIGHT="29" WIDTH="66" VPOS="1744" HPOS="1908"/>
</TextLine>
<TextLine HEIGHT="49" WIDTH="249" VPOS="1787" HPOS="217">
<String CONTENT="(34-1501)" HEIGHT="49" WIDTH="249" VPOS="1787" HPOS="217"/>
</TextLine>
<TextLine HEIGHT="72" WIDTH="1262" VPOS="1891" HPOS="144" STYLEREFS="StyleId-DEB19450-C804-4DAD-AEDE-0F4966C3957B-">
<String CONTENT="Church" HEIGHT="55" WIDTH="234" VPOS="1891" HPOS="144"/>
<SP HEIGHT="53" WIDTH="28" VPOS="1892" HPOS="379"/>
<String CONTENT="of" HEIGHT="51" WIDTH="63" VPOS="1894" HPOS="408"/>
<SP HEIGHT="53" WIDTH="29" VPOS="1894" HPOS="472"/>
<String CONTENT="Christ," HEIGHT="65" WIDTH="222" VPOS="1893" HPOS="502"/>
<SP HEIGHT="63" WIDTH="28" VPOS="1895" HPOS="725"/>
<String CONTENT="Scientist." HEIGHT="54" WIDTH="302" VPOS="1894" HPOS="754"/>
<SP HEIGHT="51" WIDTH="73" VPOS="1897" HPOS="1057"/>
<String CONTENT="Hymnal." HEIGHT="67" WIDTH="275" VPOS="1896" HPOS="1131"/>
</TextLine>
<TextLine HEIGHT="71" WIDTH="1930" VPOS="1969" HPOS="212" STYLEREFS="StyleId-8985A3D1-5F58-4B82-A310-ADE3F3BAA0E3-">
<String CONTENT="Tekst" HEIGHT="53" WIDTH="171" VPOS="1969" HPOS="212"/>
<SP HEIGHT="46" WIDTH="43" VPOS="1975" HPOS="384"/>
<String CONTENT="til" HEIGHT="51" WIDTH="66" VPOS="1969" HPOS="428"/>
<SP HEIGHT="50" WIDTH="44" VPOS="1970" HPOS="495"/>
<String CONTENT="et" HEIGHT="46" WIDTH="55" VPOS="1977" HPOS="540"/>
<SP HEIGHT="46" WIDTH="40" VPOS="1977" HPOS="596"/>
<String CONTENT="utvalg" HEIGHT="68" WIDTH="200" VPOS="1970" HPOS="637"/>
<SP HEIGHT="50" WIDTH="41" VPOS="1988" HPOS="838"/>
<String CONTENT="salmer" HEIGHT="53" WIDTH="203" VPOS="1971" HPOS="880"/>
<SP HEIGHT="51" WIDTH="42" VPOS="1971" HPOS="1084"/>
<String CONTENT="fra" HEIGHT="56" WIDTH="90" VPOS="1971" HPOS="1127"/>
<SP HEIGHT="56" WIDTH="45" VPOS="1971" HPOS="1218"/>
<String CONTENT="Christian" HEIGHT="55" WIDTH="294" VPOS="1971" HPOS="1264"/>
<SP HEIGHT="35" WIDTH="42" VPOS="1991" HPOS="1559"/>
<String CONTENT="science" HEIGHT="54" WIDTH="209" VPOS="1973" HPOS="1602"/>
<SP HEIGHT="33" WIDTH="43" VPOS="1994" HPOS="1812"/>
<String CONTENT="salmebok" HEIGHT="53" WIDTH="286" VPOS="1974" HPOS="1856"/>
</TextLine>
<TextLine HEIGHT="78" WIDTH="1988" VPOS="2044" HPOS="155" STYLEREFS="StyleId-8985A3D1-5F58-4B82-A310-ADE3F3BAA0E3-">
<String CONTENT="(Christian" HEIGHT="70" WIDTH="319" VPOS="2044" HPOS="155"/>
<SP HEIGHT="33" WIDTH="39" VPOS="2066" HPOS="475"/>
<String CONTENT="science" HEIGHT="52" WIDTH="210" VPOS="2049" HPOS="515"/>
<SP HEIGHT="52" WIDTH="37" VPOS="2049" HPOS="726"/>
<String CONTENT="hymnal)," HEIGHT="70" WIDTH="291" VPOS="2048" HPOS="764"/>
<SP HEIGHT="66" WIDTH="37" VPOS="2051" HPOS="1056"/>
<String CONTENT="innbef" HEIGHT="54" WIDTH="199" VPOS="2049" HPOS="1094"/>
<String LANG="la" CONTENT="attende" HEIGHT="53" WIDTH="228" VPOS="2052" HPOS="1297"/>
<SP HEIGHT="34" WIDTH="33" VPOS="2069" HPOS="1526"/>
<String CONTENT="syv" HEIGHT="48" WIDTH="102" VPOS="2070" HPOS="1560"/>
<SP HEIGHT="53" WIDTH="38" VPOS="2052" HPOS="1663"/>
<String CONTENT="dikt" HEIGHT="53" WIDTH="127" VPOS="2053" HPOS="1702"/>
<SP HEIGHT="47" WIDTH="37" VPOS="2059" HPOS="1830"/>
<String CONTENT="av" HEIGHT="33" WIDTH="69" VPOS="2071" HPOS="1868"/>
<SP HEIGHT="51" WIDTH="35" VPOS="2053" HPOS="1938"/>
<String CONTENT="Mary" HEIGHT="69" WIDTH="169" VPOS="2053" HPOS="1974"/>
</TextLine>
<TextLine HEIGHT="77" WIDTH="2003" VPOS="2123" HPOS="141" STYLEREFS="StyleId-8985A3D1-5F58-4B82-A310-ADE3F3BAA0E3-" CS="1">
<String CONTENT="Baker" HEIGHT="55" WIDTH="188" VPOS="2123" HPOS="141"/>
<SP HEIGHT="53" WIDTH="25" VPOS="2125" HPOS="330"/>
<String CONTENT="Eddy" HEIGHT="68" WIDTH="172" VPOS="2125" HPOS="356"/>
<SP HEIGHT="48" WIDTH="32" VPOS="2145" HPOS="529"/>
<String CS="1" CONTENT="&#8230;"/>
<SP HEIGHT="52" WIDTH="31" VPOS="2127" HPOS="617"/>
<String CONTENT="including" HEIGHT="70" WIDTH="299" VPOS="2125" HPOS="649"/>
<SP HEIGHT="50" WIDTH="25" VPOS="2145" HPOS="949"/>
<String CONTENT="seven" HEIGHT="34" WIDTH="163" VPOS="2146" HPOS="975"/>
<SP HEIGHT="51" WIDTH="26" VPOS="2128" HPOS="1139"/>
<String CONTENT="hymns" HEIGHT="69" WIDTH="204" VPOS="2128" HPOS="1166"/>
<SP HEIGHT="35" WIDTH="27" VPOS="2149" HPOS="1371"/>
<String CONTENT="written" HEIGHT="55" WIDTH="228" VPOS="2129" HPOS="1399"/>
<SP HEIGHT="52" WIDTH="25" VPOS="2131" HPOS="1628"/>
<String CONTENT="by" HEIGHT="69" WIDTH="74" VPOS="2131" HPOS="1654"/>
<SP HEIGHT="69" WIDTH="26" VPOS="2131" HPOS="1729"/>
<String CONTENT="Mary" HEIGHT="69" WIDTH="169" VPOS="2131" HPOS="1756"/>
<SP HEIGHT="68" WIDTH="29" VPOS="2132" HPOS="1926"/>
<String CONTENT="Baker" HEIGHT="52" WIDTH="188" VPOS="2132" HPOS="1956"/>
</TextLine>
<TextLine HEIGHT="75" WIDTH="2002" VPOS="2201" HPOS="143" STYLEREFS="StyleId-8985A3D1-5F58-4B82-A310-ADE3F3BAA0E3-" CS="1">
<String CONTENT="Eddy" HEIGHT="68" WIDTH="170" VPOS="2201" HPOS="143"/>
<SP HEIGHT="48" WIDTH="30" VPOS="2221" HPOS="314"/>
<String CS="1" CONTENT="&#8230;"/>
<SP HEIGHT="53" WIDTH="66" VPOS="2203" HPOS="401"/>
<String CONTENT="Norwegian" HEIGHT="69" WIDTH="341" VPOS="2203" HPOS="468"/>
<SP HEIGHT="33" WIDTH="26" VPOS="2224" HPOS="810"/>
<String CONTENT="ed." HEIGHT="52" WIDTH="83" VPOS="2207" HPOS="837"/>
<SP HEIGHT="51" WIDTH="65" VPOS="2206" HPOS="921"/>
<String CONTENT="Boston," HEIGHT="68" WIDTH="231" VPOS="2206" HPOS="987"/>
<SP HEIGHT="67" WIDTH="25" VPOS="2207" HPOS="1219"/>
<String CONTENT="Mass.," HEIGHT="68" WIDTH="189" VPOS="2207" HPOS="1245"/>
<SP HEIGHT="66" WIDTH="26" VPOS="2209" HPOS="1435"/>
<String CONTENT="The" HEIGHT="51" WIDTH="121" VPOS="2209" HPOS="1462"/>
<SP HEIGHT="54" WIDTH="27" VPOS="2209" HPOS="1584"/>
<String CONTENT="Christian" HEIGHT="55" WIDTH="294" VPOS="2209" HPOS="1612"/>
<SP HEIGHT="33" WIDTH="27" VPOS="2230" HPOS="1907"/>
<String CONTENT="science" HEIGHT="54" WIDTH="210" VPOS="2211" HPOS="1935"/>
</TextLine>
<TextLine HEIGHT="73" WIDTH="802" VPOS="2279" HPOS="143" STYLEREFS="StyleId-8985A3D1-5F58-4B82-A310-ADE3F3BAA0E3-">
<String CONTENT="publishing" HEIGHT="71" WIDTH="332" VPOS="2279" HPOS="143"/>
<SP HEIGHT="50" WIDTH="30" VPOS="2300" HPOS="475"/>
<String CONTENT="society" HEIGHT="69" WIDTH="210" VPOS="2282" HPOS="505"/>
<SP HEIGHT="48" WIDTH="36" VPOS="2303" HPOS="715"/>
<String STYLE="subscript" CONTENT="[" HEIGHT="34" WIDTH="14" VPOS="2317" HPOS="751"/>
<String STYLE="superscript" CONTENT="c" HEIGHT="21" WIDTH="17" VPOS="2290" HPOS="770"/>
<String CONTENT="1933" HEIGHT="49" WIDTH="131" VPOS="2286" HPOS="794"/>
<String STYLE="subscript" CONTENT="]" HEIGHT="34" WIDTH="12" VPOS="2318" HPOS="933"/>
</TextLine>
<TextLine HEIGHT="50" WIDTH="477" VPOS="2352" HPOS="213" CS="1">
<String LANG="en-US" CONTENT="68" HEIGHT="40" WIDTH="54" VPOS="2352" HPOS="213"/>
<SP HEIGHT="48" WIDTH="32" VPOS="2353" HPOS="268"/>
<String LANG="la" CONTENT="p.," HEIGHT="37" WIDTH="57" VPOS="2364" HPOS="301"/>
<SP HEIGHT="48" WIDTH="33" VPOS="2353" HPOS="359"/>
<String LANG="en-US" CONTENT="1" HEIGHT="39" WIDTH="25" VPOS="2353" HPOS="393"/>
<SP HEIGHT="39" WIDTH="32" VPOS="2353" HPOS="419"/>
<String LANG="en-US" CS="1" CONTENT="l."/>
<SP HEIGHT="40" WIDTH="61" VPOS="2354" HPOS="482"/>
<String LANG="en-US" CS="1" CONTENT="16&#189;" HEIGHT="40" WIDTH="57" VPOS="2354" HPOS="544"/>
<String STYLE="superscript" LANG="en-US" CONTENT="cm" HEIGHT="22" WIDTH="43" VPOS="2357" HPOS="633"/>
<String LANG="en-US" CONTENT="." HEIGHT="7" WIDTH="8" VPOS="2389" HPOS="682"/>
</TextLine>
<TextLine HEIGHT="61" WIDTH="1926" VPOS="2410" HPOS="216">
<String CONTENT="Copyright" HEIGHT="49" WIDTH="265" VPOS="2410" HPOS="216"/>
<SP HEIGHT="39" WIDTH="33" VPOS="2412" HPOS="482"/>
<String CONTENT="date" HEIGHT="39" WIDTH="113" VPOS="2412" HPOS="516"/>
<SP HEIGHT="29" WIDTH="34" VPOS="2422" HPOS="630"/>
<String CONTENT="on" HEIGHT="29" WIDTH="59" VPOS="2423" HPOS="665"/>
<SP HEIGHT="28" WIDTH="34" VPOS="2424" HPOS="725"/>
<String CONTENT="verso" HEIGHT="30" WIDTH="137" VPOS="2423" HPOS="760"/>
<SP HEIGHT="28" WIDTH="36" VPOS="2425" HPOS="898"/>
<String CONTENT="of" HEIGHT="39" WIDTH="50" VPOS="2414" HPOS="935"/>
<SP HEIGHT="41" WIDTH="34" VPOS="2414" HPOS="986"/>
<String CONTENT="t.-p.," HEIGHT="45" WIDTH="111" VPOS="2418" HPOS="1021"/>
<SP HEIGHT="46" WIDTH="37" VPOS="2417" HPOS="1133"/>
<String CONTENT="1932," HEIGHT="51" WIDTH="125" VPOS="2414" HPOS="1171"/>
<SP HEIGHT="36" WIDTH="38" VPOS="2429" HPOS="1297"/>
<String CONTENT="covered" HEIGHT="39" WIDTH="203" VPOS="2420" HPOS="1336"/>
<SP HEIGHT="40" WIDTH="32" VPOS="2420" HPOS="1540"/>
<String CONTENT="by" HEIGHT="46" WIDTH="60" VPOS="2421" HPOS="1573"/>
<SP HEIGHT="45" WIDTH="35" VPOS="2422" HPOS="1634"/>
<String CONTENT="label:" HEIGHT="41" WIDTH="152" VPOS="2420" HPOS="1670"/>
<SP HEIGHT="40" WIDTH="39" VPOS="2423" HPOS="1823"/>
<String CONTENT="Copyright," HEIGHT="49" WIDTH="279" VPOS="2422" HPOS="1863"/>
</TextLine>
<TextLine HEIGHT="42" WIDTH="128" VPOS="2467" HPOS="145">
<String CONTENT="1933." HEIGHT="42" WIDTH="128" VPOS="2467" HPOS="145"/>
</TextLine>
<TextLine HEIGHT="42" WIDTH="424" VPOS="2525" HPOS="212">
<String CONTENT="Without" HEIGHT="41" WIDTH="224" VPOS="2525" HPOS="212"/>
<SP HEIGHT="38" WIDTH="31" VPOS="2528" HPOS="437"/>
<String CONTENT="music." HEIGHT="41" WIDTH="167" VPOS="2526" HPOS="469"/>
</TextLine>
<TextLine HEIGHT="60" WIDTH="2001" VPOS="2581" HPOS="148">
<String CONTENT="&#169;" HEIGHT="52" WIDTH="50" VPOS="2581" HPOS="148"/>
<SP HEIGHT="51" WIDTH="32" VPOS="2582" HPOS="199"/>
<String CONTENT="Mar." HEIGHT="38" WIDTH="121" VPOS="2587" HPOS="232"/>
<SP HEIGHT="37" WIDTH="29" VPOS="2588" HPOS="354"/>
<String CONTENT="4," HEIGHT="46" WIDTH="40" VPOS="2588" HPOS="384"/>
<SP HEIGHT="46" WIDTH="32" VPOS="2588" HPOS="425"/>
<String CONTENT="1933;" HEIGHT="46" WIDTH="140" VPOS="2587" HPOS="458"/>
<SP HEIGHT="45" WIDTH="32" VPOS="2588" HPOS="599"/>
<String CONTENT="2c." HEIGHT="40" WIDTH="64" VPOS="2588" HPOS="632"/>
<SP HEIGHT="29" WIDTH="35" VPOS="2599" HPOS="697"/>
<String CONTENT="and" HEIGHT="39" WIDTH="95" VPOS="2590" HPOS="733"/>
<SP HEIGHT="39" WIDTH="30" VPOS="2590" HPOS="829"/>
<String CONTENT="aff." HEIGHT="41" WIDTH="80" VPOS="2588" HPOS="860"/>
<SP HEIGHT="38" WIDTH="32" VPOS="2590" HPOS="941"/>
<String CONTENT="Nov." HEIGHT="39" WIDTH="118" VPOS="2590" HPOS="974"/>
<SP HEIGHT="37" WIDTH="30" VPOS="2591" HPOS="1093"/>
<String CONTENT="4;" HEIGHT="46" WIDTH="52" VPOS="2591" HPOS="1124"/>
<SP HEIGHT="46" WIDTH="34" VPOS="2591" HPOS="1177"/>
<!-- cceid B804E645-6C64-1014-8713-889FF4349C01 --><String CONTENT="A" HEIGHT="39" WIDTH="41" VPOS="2591" HPOS="1212"/>
<SP HEIGHT="40" WIDTH="31" VPOS="2591" HPOS="1254"/>
<String CONTENT="68823;" HEIGHT="48" WIDTH="169" VPOS="2592" HPOS="1286"/>
<SP HEIGHT="46" WIDTH="36" VPOS="2594" HPOS="1456"/>
<String CONTENT="Christian" HEIGHT="42" WIDTH="252" VPOS="2594" HPOS="1493"/>
<SP HEIGHT="29" WIDTH="31" VPOS="2608" HPOS="1746"/>
<String CONTENT="science" HEIGHT="40" WIDTH="186" VPOS="2598" HPOS="1778"/>
<SP HEIGHT="39" WIDTH="32" VPOS="2599" HPOS="1965"/>
<String CONTENT="board" HEIGHT="39" WIDTH="151" VPOS="2599" HPOS="1998"/>
</TextLine>
<TextLine HEIGHT="50" WIDTH="880" VPOS="2643" HPOS="212">
<String CONTENT="of" HEIGHT="40" WIDTH="50" VPOS="2643" HPOS="212"/>
<SP HEIGHT="40" WIDTH="28" VPOS="2643" HPOS="263"/>
<String CONTENT="directors," HEIGHT="47" WIDTH="250" VPOS="2644" HPOS="292"/>
<SP HEIGHT="45" WIDTH="28" VPOS="2646" HPOS="543"/>
<String CONTENT="Boston." HEIGHT="39" WIDTH="197" VPOS="2646" HPOS="572"/>
<SP HEIGHT="47" WIDTH="70" VPOS="2646" HPOS="770"/>
<String CONTENT="(34-1597)" HEIGHT="47" WIDTH="251" VPOS="2646" HPOS="841"/>
</TextLine>
<TextLine HEIGHT="69" WIDTH="977" VPOS="2732" HPOS="149" STYLEREFS="StyleId-DEB19450-C804-4DAD-AEDE-0F4966C3957B-">
<String CONTENT="Cohn," HEIGHT="65" WIDTH="179" VPOS="2732" HPOS="149"/>
<SP HEIGHT="63" WIDTH="28" VPOS="2734" HPOS="329"/>
<String CONTENT="Alfred" HEIGHT="54" WIDTH="210" VPOS="2733" HPOS="358"/>
<SP HEIGHT="51" WIDTH="28" VPOS="2736" HPOS="569"/>
<String CONTENT="Abraham," HEIGHT="67" WIDTH="325" VPOS="2734" HPOS="598"/>
<SP HEIGHT="60" WIDTH="31" VPOS="2741" HPOS="924"/>
<String CONTENT="1880-" HEIGHT="49" WIDTH="170" VPOS="2741" HPOS="956"/>
</TextLine>
<TextLine HEIGHT="75" WIDTH="1928" VPOS="2810" HPOS="215" STYLEREFS="StyleId-8985A3D1-5F58-4B82-A310-ADE3F3BAA0E3-" CS="1">
<String CONTENT="&#8220;Take" HEIGHT="54" WIDTH="191" VPOS="2810" HPOS="215"/>
<SP HEIGHT="46" WIDTH="45" VPOS="2818" HPOS="406"/>
<String CONTENT="the" HEIGHT="52" WIDTH="96" VPOS="2812" HPOS="451"/>
<SP HEIGHT="33" WIDTH="47" VPOS="2831" HPOS="547"/>
<String CONTENT="witness!&#8221;" HEIGHT="54" WIDTH="298" VPOS="2813" HPOS="594"/>
<SP HEIGHT="68" WIDTH="53" VPOS="2814" HPOS="892"/>
<String CONTENT="[by]" HEIGHT="68" WIDTH="111" VPOS="2815" HPOS="945"/>
<SP HEIGHT="65" WIDTH="51" VPOS="2818" HPOS="1056"/>
<String CONTENT="Alfred" HEIGHT="54" WIDTH="212" VPOS="2817" HPOS="1107"/>
<SP HEIGHT="56" WIDTH="51" VPOS="2819" HPOS="1319"/>
<String CONTENT="Cohn" HEIGHT="54" WIDTH="164" VPOS="2821" HPOS="1370"/>
<SP HEIGHT="49" WIDTH="47" VPOS="2827" HPOS="1534"/>
<String CONTENT="&amp;" HEIGHT="49" WIDTH="46" VPOS="2827" HPOS="1581"/>
<SP HEIGHT="53" WIDTH="47" VPOS="2825" HPOS="1627"/>
<String CONTENT="Joe" HEIGHT="54" WIDTH="108" VPOS="2825" HPOS="1674"/>
<SP HEIGHT="55" WIDTH="50" VPOS="2826" HPOS="1782"/>
<String CONTENT="Chisholm." HEIGHT="55" WIDTH="311" VPOS="2826" HPOS="1832"/>
</TextLine>
<TextLine HEIGHT="80" WIDTH="1537" VPOS="2887" HPOS="146" STYLEREFS="StyleId-8985A3D1-5F58-4B82-A310-ADE3F3BAA0E3-">
<String CONTENT="New" HEIGHT="53" WIDTH="137" VPOS="2887" HPOS="146"/>
<SP HEIGHT="52" WIDTH="30" VPOS="2890" HPOS="284"/>
<String CONTENT="York," HEIGHT="65" WIDTH="178" VPOS="2890" HPOS="315"/>
<SP HEIGHT="63" WIDTH="30" VPOS="2892" HPOS="494"/>
<String CONTENT="Frederick" HEIGHT="53" WIDTH="309" VPOS="2891" HPOS="525"/>
<SP HEIGHT="51" WIDTH="32" VPOS="2894" HPOS="835"/>
<String CONTENT="A." HEIGHT="52" WIDTH="68" VPOS="2894" HPOS="868"/>
<SP HEIGHT="55" WIDTH="34" VPOS="2893" HPOS="937"/>
<String CONTENT="Stokes" HEIGHT="55" WIDTH="200" VPOS="2893" HPOS="972"/>
<SP HEIGHT="32" WIDTH="30" VPOS="2917" HPOS="1173"/>
<String CONTENT="company," HEIGHT="50" WIDTH="297" VPOS="2916" HPOS="1204"/>
<SP HEIGHT="59" WIDTH="32" VPOS="2906" HPOS="1502"/>
<String CONTENT="1934." HEIGHT="50" WIDTH="148" VPOS="2905" HPOS="1535"/>
</TextLine>
<TextLine HEIGHT="53" WIDTH="1065" VPOS="2961" HPOS="220">
<String CONTENT="xii" HEIGHT="40" WIDTH="68" VPOS="2961" HPOS="220"/>
<SP HEIGHT="45" WIDTH="29" VPOS="2962" HPOS="289"/>
<String LANG="la" CONTENT="p.," HEIGHT="39" WIDTH="56" VPOS="2970" HPOS="319"/>
<SP HEIGHT="46" WIDTH="29" VPOS="2963" HPOS="376"/>
<String CONTENT="1" HEIGHT="38" WIDTH="23" VPOS="2963" HPOS="406"/>
<SP HEIGHT="38" WIDTH="28" VPOS="2963" HPOS="430"/>
<String CONTENT="l.." HEIGHT="40" WIDTH="43" VPOS="2964" HPOS="459"/>
<SP HEIGHT="41" WIDTH="26" VPOS="2963" HPOS="503"/>
<String CONTENT="315" HEIGHT="39" WIDTH="85" VPOS="2963" HPOS="530"/>
<SP HEIGHT="47" WIDTH="28" VPOS="2963" HPOS="616"/>
<String CONTENT="p." HEIGHT="38" WIDTH="40" VPOS="2973" HPOS="645"/>
<SP HEIGHT="39" WIDTH="64" VPOS="2964" HPOS="686"/>
<String CONTENT="front," HEIGHT="41" WIDTH="148" VPOS="2964" HPOS="751"/>
<SP HEIGHT="46" WIDTH="27" VPOS="2966" HPOS="900"/>
<String CONTENT="(port.)" HEIGHT="47" WIDTH="173" VPOS="2966" HPOS="928"/>
<SP HEIGHT="47" WIDTH="66" VPOS="2966" HPOS="1102"/>
<String CONTENT="22" HEIGHT="41" WIDTH="55" VPOS="2966" HPOS="1169"/>
<String STYLE="superscript" CONTENT="cm" HEIGHT="21" WIDTH="42" VPOS="2971" HPOS="1228"/>
<String CONTENT="." HEIGHT="8" WIDTH="8" VPOS="3002" HPOS="1277"/>
</TextLine>
<TextLine HEIGHT="50" WIDTH="791" VPOS="3019" HPOS="219">
<String CONTENT="A" HEIGHT="38" WIDTH="40" VPOS="3019" HPOS="219"/>
<SP HEIGHT="39" WIDTH="27" VPOS="3019" HPOS="260"/>
<String CONTENT="biography" HEIGHT="48" WIDTH="266" VPOS="3019" HPOS="288"/>
<SP HEIGHT="37" WIDTH="28" VPOS="3030" HPOS="555"/>
<String CONTENT="of" HEIGHT="39" WIDTH="51" VPOS="3021" HPOS="584"/>
<SP HEIGHT="38" WIDTH="28" VPOS="3021" HPOS="636"/>
<String CONTENT="Earl" HEIGHT="39" WIDTH="116" VPOS="3021" HPOS="665"/>
<SP HEIGHT="39" WIDTH="30" VPOS="3022" HPOS="782"/>
<String CONTENT="Rogers." HEIGHT="47" WIDTH="197" VPOS="3022" HPOS="813"/>
</TextLine>
<TextLine HEIGHT="64" WIDTH="1998" VPOS="3070" HPOS="150">
<String CONTENT="&#169;" HEIGHT="52" WIDTH="50" VPOS="3070" HPOS="150"/>
<SP HEIGHT="51" WIDTH="30" VPOS="3071" HPOS="201"/>
<String CONTENT="Jan." HEIGHT="41" WIDTH="109" VPOS="3076" HPOS="232"/>
<SP HEIGHT="40" WIDTH="26" VPOS="3077" HPOS="342"/>
<String CONTENT="18," HEIGHT="47" WIDTH="69" VPOS="3077" HPOS="369"/>
<SP HEIGHT="47" WIDTH="28" VPOS="3077" HPOS="439"/>
<String CONTENT="1934" HEIGHT="40" WIDTH="114" VPOS="3077" HPOS="468"/>
<SP HEIGHT="45" WIDTH="17" VPOS="3079" HPOS="583"/>
<String CONTENT=";" HEIGHT="35" WIDTH="8" VPOS="3089" HPOS="601"/>
<SP HEIGHT="45" WIDTH="31" VPOS="3079" HPOS="610"/>
<String CONTENT="2c." HEIGHT="40" WIDTH="67" VPOS="3079" HPOS="642"/>
<SP HEIGHT="29" WIDTH="29" VPOS="3090" HPOS="710"/>
<String CONTENT="and" HEIGHT="38" WIDTH="96" VPOS="3081" HPOS="740"/>
<SP HEIGHT="39" WIDTH="28" VPOS="3081" HPOS="837"/>
<String CONTENT="aff" HEIGHT="40" WIDTH="68" VPOS="3080" HPOS="866"/>
<SP HEIGHT="40" WIDTH="29" VPOS="3080" HPOS="935"/>
<String CONTENT="Jan." HEIGHT="41" WIDTH="108" VPOS="3080" HPOS="965"/>
<SP HEIGHT="38" WIDTH="30" VPOS="3083" HPOS="1074"/>
<String CONTENT="20;" HEIGHT="48" WIDTH="80" VPOS="3082" HPOS="1105"/>
<SP HEIGHT="46" WIDTH="33" VPOS="3084" HPOS="1186"/>
<!-- cceid B80596B3-6C64-1014-8713-889FF4349C01 --><String CONTENT="A" HEIGHT="39" WIDTH="43" VPOS="3084" HPOS="1220"/>
<SP HEIGHT="40" WIDTH="26" VPOS="3084" HPOS="1264"/>
<String CONTENT="69144;" HEIGHT="49" WIDTH="169" VPOS="3084" HPOS="1291"/>
<SP HEIGHT="46" WIDTH="34" VPOS="3087" HPOS="1461"/>
<String CONTENT="Frederick" HEIGHT="43" WIDTH="262" VPOS="3087" HPOS="1496"/>
<SP HEIGHT="39" WIDTH="29" VPOS="3091" HPOS="1759"/>
<String CONTENT="A." HEIGHT="38" WIDTH="53" VPOS="3092" HPOS="1789"/>
<SP HEIGHT="40" WIDTH="35" VPOS="3092" HPOS="1843"/>
<String CONTENT="Stokes" HEIGHT="42" WIDTH="171" VPOS="3092" HPOS="1879"/>
<SP HEIGHT="28" WIDTH="30" VPOS="3106" HPOS="2051"/>
<String CONTENT="co." HEIGHT="28" WIDTH="66" VPOS="3106" HPOS="2082"/>
</TextLine>
<TextLine HEIGHT="48" WIDTH="249" VPOS="3133" HPOS="226">
<String CONTENT="(34-1669)" HEIGHT="48" WIDTH="249" VPOS="3133" HPOS="226"/>
</TextLine>
<TextLine HEIGHT="75" WIDTH="1199" VPOS="3220" HPOS="151" STYLEREFS="StyleId-8985A3D1-5F58-4B82-A310-ADE3F3BAA0E3-">
<String CONTENT="Cole," HEIGHT="66" WIDTH="150" VPOS="3220" HPOS="151"/>
<SP HEIGHT="63" WIDTH="28" VPOS="3223" HPOS="302"/>
<String CONTENT="George" HEIGHT="65" WIDTH="226" VPOS="3223" HPOS="331"/>
<SP HEIGHT="53" WIDTH="25" VPOS="3225" HPOS="558"/>
<String CONTENT="Douglas" HEIGHT="64" WIDTH="263" VPOS="3225" HPOS="584"/>
<SP HEIGHT="52" WIDTH="25" VPOS="3228" HPOS="848"/>
<String CONTENT="Howard," HEIGHT="66" WIDTH="275" VPOS="3228" HPOS="874"/>
<SP HEIGHT="58" WIDTH="27" VPOS="3237" HPOS="1150"/>
<String CONTENT="1889-" HEIGHT="50" WIDTH="172" VPOS="3236" HPOS="1178"/>
</TextLine>
<TextLine HEIGHT="158" WIDTH="1971" VPOS="3299" HPOS="152" STYLEREFS="StyleId-8985A3D1-5F58-4B82-A310-ADE3F3BAA0E3-" CS="1">
<String CONTENT="End" HEIGHT="54" WIDTH="130" VPOS="3300" HPOS="222"/>
<SP HEIGHT="52" WIDTH="30" VPOS="3302" HPOS="353"/>
<String CONTENT="of" HEIGHT="52" WIDTH="64" VPOS="3301" HPOS="384"/>
<SP HEIGHT="53" WIDTH="28" VPOS="3301" HPOS="449"/>
<String CONTENT="an" HEIGHT="32" WIDTH="72" VPOS="3322" HPOS="478"/>
<SP HEIGHT="33" WIDTH="31" VPOS="3322" HPOS="551"/>
<String CONTENT="ancient" HEIGHT="54" WIDTH="224" VPOS="3303" HPOS="583"/>
<SP HEIGHT="46" WIDTH="30" VPOS="3312" HPOS="807"/>
<String CONTENT="mariner" HEIGHT="54" WIDTH="250" VPOS="3306" HPOS="837"/>
<SP HEIGHT="48" WIDTH="37" VPOS="3328" HPOS="1087"/>
<String CS="1" CONTENT="[by]" HEIGHT="66" WIDTH="74" VPOS="3310" HPOS="1140"/>
<SP HEIGHT="65" WIDTH="37" VPOS="3312" HPOS="1233"/>
<String CONTENT="G." HEIGHT="54" WIDTH="67" VPOS="3312" HPOS="1270"/>
<SP HEIGHT="51" WIDTH="33" VPOS="3314" HPOS="1337"/>
<String CONTENT="D." HEIGHT="53" WIDTH="71" VPOS="3314" HPOS="1370"/>
<SP HEIGHT="51" WIDTH="33" VPOS="3316" HPOS="1441"/>
<String CONTENT="H." HEIGHT="52" WIDTH="76" VPOS="3316" HPOS="1474"/>
<SP HEIGHT="49" WIDTH="34" VPOS="3320" HPOS="1550"/>
<String CONTENT="&amp;" HEIGHT="49" WIDTH="45" VPOS="3320" HPOS="1584"/>
<SP HEIGHT="51" WIDTH="29" VPOS="3318" HPOS="1629"/>
<String CONTENT="M." HEIGHT="52" WIDTH="79" VPOS="3318" HPOS="1658"/>
<SP HEIGHT="54" WIDTH="37" VPOS="3320" HPOS="1737"/>
<String CONTENT="Cole." HEIGHT="54" WIDTH="151" VPOS="3320" HPOS="1774"/>
<SP HEIGHT="50" WIDTH="77" VPOS="3324" HPOS="1925"/>
<String CONTENT="London," HEIGHT="127" WIDTH="1971" VPOS="3320" HPOS="152"/>
<SP HEIGHT="64" WIDTH="33" VPOS="3380" HPOS="281"/>
<String CONTENT="Pub." HEIGHT="51" WIDTH="141" VPOS="3380" HPOS="315"/>
<SP HEIGHT="51" WIDTH="39" VPOS="3380" HPOS="457"/>
<String CONTENT="for" HEIGHT="52" WIDTH="92" VPOS="3380" HPOS="497"/>
<SP HEIGHT="47" WIDTH="32" VPOS="3386" HPOS="590"/>
<String CONTENT="the" HEIGHT="53" WIDTH="96" VPOS="3381" HPOS="623"/>
<SP HEIGHT="55" WIDTH="35" VPOS="3383" HPOS="720"/>
<String CONTENT="Crime" HEIGHT="55" WIDTH="190" VPOS="3383" HPOS="756"/>
<SP HEIGHT="33" WIDTH="33" VPOS="3405" HPOS="947"/>
<String CONTENT="club," HEIGHT="68" WIDTH="145" VPOS="3386" HPOS="981"/>
<SP HEIGHT="67" WIDTH="32" VPOS="3387" HPOS="1127"/>
<String CONTENT="ltd.," HEIGHT="66" WIDTH="121" VPOS="3387" HPOS="1160"/>
<SP HEIGHT="62" WIDTH="34" VPOS="3391" HPOS="1282"/>
<String CONTENT="by" HEIGHT="65" WIDTH="73" VPOS="3391" HPOS="1317"/>
<SP HEIGHT="63" WIDTH="32" VPOS="3393" HPOS="1391"/>
<String CONTENT="W." HEIGHT="52" WIDTH="89" VPOS="3393" HPOS="1424"/>
<SP HEIGHT="53" WIDTH="39" VPOS="3395" HPOS="1514"/>
<String CONTENT="Collins" HEIGHT="54" WIDTH="220" VPOS="3395" HPOS="1554"/>
<SP HEIGHT="34" WIDTH="33" VPOS="3416" HPOS="1775"/>
<String CONTENT="sons" HEIGHT="33" WIDTH="129" VPOS="3418" HPOS="1809"/>
<SP HEIGHT="48" WIDTH="33" VPOS="3403" HPOS="1939"/>
<String CONTENT="&amp;" HEIGHT="48" WIDTH="43" VPOS="3403" HPOS="1973"/>
<SP HEIGHT="50" WIDTH="35" VPOS="3403" HPOS="2017"/>
<String CONTENT="co" HEIGHT="34" WIDTH="61" VPOS="3419" HPOS="2053"/>
</TextLine>
<TextLine HEIGHT="68" WIDTH="307" VPOS="3455" HPOS="152" STYLEREFS="StyleId-8985A3D1-5F58-4B82-A310-ADE3F3BAA0E3-">
<String CONTENT="ltd." HEIGHT="53" WIDTH="100" VPOS="3455" HPOS="152"/>
<SP HEIGHT="31" WIDTH="35" VPOS="3491" HPOS="253"/>
<String CONTENT="[1933]" HEIGHT="62" WIDTH="170" VPOS="3461" HPOS="289"/>
</TextLine>
<TextLine HEIGHT="48" WIDTH="332" VPOS="3527" HPOS="224">
<String CONTENT="252" HEIGHT="40" WIDTH="84" VPOS="3527" HPOS="224"/>
<SP HEIGHT="47" WIDTH="27" VPOS="3528" HPOS="309"/>
<String CONTENT="p." HEIGHT="37" WIDTH="43" VPOS="3538" HPOS="337"/>
<SP HEIGHT="40" WIDTH="59" VPOS="3530" HPOS="381"/>
<String CONTENT="19" HEIGHT="41" WIDTH="55" VPOS="3529" HPOS="441"/>
<String STYLE="superscript" CONTENT="cm" HEIGHT="21" WIDTH="44" VPOS="3532" HPOS="499"/>
<String CONTENT="." HEIGHT="8" WIDTH="8" VPOS="3561" HPOS="548"/>
</TextLine>
<TextLine HEIGHT="72" WIDTH="1999" VPOS="3579" HPOS="156" CS="1">
<String CONTENT="&#169;" HEIGHT="53" WIDTH="50" VPOS="3579" HPOS="156"/>
<SP/>
<String CS="1" CONTENT="1c."/>
<SP HEIGHT="39" WIDTH="29" VPOS="3587" HPOS="301"/>
<String CONTENT="Jan." HEIGHT="40" WIDTH="110" VPOS="3587" HPOS="331"/>
<SP HEIGHT="40" WIDTH="27" VPOS="3587" HPOS="442"/>
<String CONTENT="15," HEIGHT="47" WIDTH="67" VPOS="3587" HPOS="470"/>
<SP HEIGHT="45" WIDTH="28" VPOS="3589" HPOS="538"/>
<String CONTENT="1934;" HEIGHT="47" WIDTH="140" VPOS="3588" HPOS="567"/>
<SP HEIGHT="45" WIDTH="31" VPOS="3590" HPOS="708"/>
<!-- cceid B8063E7D-6C64-1014-8713-889FF4349C01 --><String CONTENT="A" HEIGHT="40" WIDTH="39" VPOS="3590" HPOS="740"/>
<SP HEIGHT="41" WIDTH="28" VPOS="3590" HPOS="780"/>
<String CONTENT="ad" HEIGHT="40" WIDTH="61" VPOS="3591" HPOS="809"/>
<SP HEIGHT="39" WIDTH="27" VPOS="3591" HPOS="871"/>
<String CONTENT="int." HEIGHT="41" WIDTH="87" VPOS="3591" HPOS="899"/>
<SP HEIGHT="39" WIDTH="26" VPOS="3593" HPOS="987"/>
<String CONTENT="18598;" HEIGHT="51" WIDTH="171" VPOS="3592" HPOS="1014"/>
<SP HEIGHT="39" WIDTH="29" VPOS="3606" HPOS="1186"/>
<String CONTENT="pubd." HEIGHT="48" WIDTH="143" VPOS="3597" HPOS="1216"/>
<SP HEIGHT="38" WIDTH="29" VPOS="3600" HPOS="1360"/>
<String CONTENT="Dec." HEIGHT="40" WIDTH="110" VPOS="3600" HPOS="1390"/>
<SP HEIGHT="38" WIDTH="29" VPOS="3602" HPOS="1501"/>
<String CONTENT="4," HEIGHT="45" WIDTH="40" VPOS="3602" HPOS="1531"/>
<SP HEIGHT="44" WIDTH="28" VPOS="3603" HPOS="1572"/>
<String CONTENT="1933;" HEIGHT="49" WIDTH="142" VPOS="3602" HPOS="1601"/>
<SP HEIGHT="46" WIDTH="33" VPOS="3605" HPOS="1744"/>
<String LANG="la" CONTENT="G." HEIGHT="40" WIDTH="53" VPOS="3605" HPOS="1778"/>
<SP HEIGHT="38" WIDTH="28" VPOS="3607" HPOS="1832"/>
<String LANG="la" CS="1" CONTENT="D"/>
<String CONTENT="." HEIGHT="7" WIDTH="8" VPOS="3639" HPOS="1911"/>
<SP HEIGHT="37" WIDTH="29" VPOS="3609" HPOS="1920"/>
<String CS="1" CONTENT="H." HEIGHT="6" WIDTH="6" VPOS="3640" HPOS="2002"/>
<SP HEIGHT="39" WIDTH="31" VPOS="3608" HPOS="2009"/>
<String CONTENT="Cole" HEIGHT="40" WIDTH="114" VPOS="3608" HPOS="2041"/>
</TextLine>
<TextLine HEIGHT="65" WIDTH="1546" VPOS="3645" HPOS="219">
<String CONTENT="and" HEIGHT="37" WIDTH="94" VPOS="3645" HPOS="219"/>
<SP HEIGHT="38" WIDTH="30" VPOS="3645" HPOS="314"/>
<String CONTENT="Margaret" HEIGHT="47" WIDTH="248" VPOS="3645" HPOS="345"/>
<SP HEIGHT="38" WIDTH="29" VPOS="3647" HPOS="594"/>
<String CONTENT="Isabel" HEIGHT="41" WIDTH="158" VPOS="3647" HPOS="624"/>
<SP HEIGHT="41" WIDTH="30" VPOS="3648" HPOS="783"/>
<String CONTENT="Cole," HEIGHT="45" WIDTH="126" VPOS="3648" HPOS="814"/>
<SP HEIGHT="43" WIDTH="31" VPOS="3650" HPOS="941"/>
<String CONTENT="Oxford," HEIGHT="51" WIDTH="200" VPOS="3650" HPOS="973"/>
<SP HEIGHT="47" WIDTH="30" VPOS="3654" HPOS="1174"/>
<String CONTENT="England." HEIGHT="48" WIDTH="237" VPOS="3654" HPOS="1205"/>
<SP HEIGHT="47" WIDTH="70" VPOS="3658" HPOS="1443"/>
<String CONTENT="(34-1571)" HEIGHT="52" WIDTH="251" VPOS="3658" HPOS="1514"/>
</TextLine>
<TextLine HEIGHT="68" WIDTH="748" VPOS="3731" HPOS="157" STYLEREFS="StyleId-717459E0-8137-410A-9971-20E0F9B2541F-">
<String CONTENT="Collier," HEIGHT="67" WIDTH="225" VPOS="3731" HPOS="157"/>
<SP HEIGHT="64" WIDTH="26" VPOS="3734" HPOS="383"/>
<String CONTENT="William" HEIGHT="55" WIDTH="254" VPOS="3733" HPOS="410"/>
<SP HEIGHT="53" WIDTH="30" VPOS="3737" HPOS="665"/>
<String CONTENT="Miller." HEIGHT="59" WIDTH="209" VPOS="3736" HPOS="696"/>
</TextLine>
<TextLine HEIGHT="91" WIDTH="1927" VPOS="3810" HPOS="227" STYLEREFS="StyleId-8985A3D1-5F58-4B82-A310-ADE3F3BAA0E3-">
<String CONTENT="1934" HEIGHT="51" WIDTH="135" VPOS="3810" HPOS="227"/>
<SP HEIGHT="49" WIDTH="33" VPOS="3813" HPOS="362"/>
<String CONTENT="annual" HEIGHT="50" WIDTH="211" VPOS="3814" HPOS="395"/>
<SP HEIGHT="51" WIDTH="32" VPOS="3814" HPOS="606"/>
<String CONTENT="cumulative" HEIGHT="54" WIDTH="346" VPOS="3814" HPOS="638"/>
<SP HEIGHT="35" WIDTH="32" VPOS="3835" HPOS="984"/>
<String CONTENT="supplement" HEIGHT="68" WIDTH="361" VPOS="3821" HPOS="1016"/>
<SP HEIGHT="67" WIDTH="41" VPOS="3827" HPOS="1377"/>
<String CONTENT="(including" HEIGHT="72" WIDTH="329" VPOS="3827" HPOS="1418"/>
<SP HEIGHT="49" WIDTH="31" VPOS="3850" HPOS="1747"/>
<String CONTENT="all" HEIGHT="51" WIDTH="78" VPOS="3835" HPOS="1778"/>
<SP HEIGHT="65" WIDTH="30" VPOS="3836" HPOS="1856"/>
<String CONTENT="previous" HEIGHT="67" WIDTH="268" VPOS="3834" HPOS="1886"/>
</TextLine>
<TextLine HEIGHT="86" WIDTH="1996" VPOS="3887" HPOS="156" STYLEREFS="StyleId-8985A3D1-5F58-4B82-A310-ADE3F3BAA0E3-">
<String CONTENT="supplements" HEIGHT="65" WIDTH="386" VPOS="3887" HPOS="156"/>
<SP HEIGHT="33" WIDTH="26" VPOS="3909" HPOS="543"/>
<String CONTENT="and" HEIGHT="52" WIDTH="111" VPOS="3891" HPOS="570"/>
<SP HEIGHT="52" WIDTH="24" VPOS="3892" HPOS="682"/>
<String CONTENT="to" HEIGHT="45" WIDTH="58" VPOS="3899" HPOS="707"/>
<SP HEIGHT="53" WIDTH="22" VPOS="3894" HPOS="766"/>
<String CONTENT="January" HEIGHT="70" WIDTH="265" VPOS="3894" HPOS="789"/>
<SP HEIGHT="63" WIDTH="23" VPOS="3901" HPOS="1055"/>
<String CONTENT="1," HEIGHT="63" WIDTH="47" VPOS="3901" HPOS="1079"/>
<SP HEIGHT="61" WIDTH="27" VPOS="3903" HPOS="1127"/>
<String CONTENT="1934)" HEIGHT="65" WIDTH="160" VPOS="3902" HPOS="1155"/>
<SP HEIGHT="63" WIDTH="35" VPOS="3904" HPOS="1316"/>
<String CONTENT="to" HEIGHT="44" WIDTH="57" VPOS="3910" HPOS="1352"/>
<SP HEIGHT="53" WIDTH="27" VPOS="3907" HPOS="1410"/>
<String CONTENT="Collier" HEIGHT="54" WIDTH="213" VPOS="3906" HPOS="1438"/>
<SP HEIGHT="34" WIDTH="24" VPOS="3928" HPOS="1652"/>
<String CONTENT="on" HEIGHT="33" WIDTH="70" VPOS="3929" HPOS="1677"/>
<SP HEIGHT="52" WIDTH="24" VPOS="3911" HPOS="1748"/>
<String CONTENT="bankruptcy." HEIGHT="62" WIDTH="379" VPOS="3911" HPOS="1773"/>
</TextLine>
</TextBlock>
</PrintSpace>
</Page>
</Layout>
</alto>