2350 4196
1176 3997 99 48 844

233 450 1960 147 of 1934 … Corporate reorganizations (amendment to Bankruptcy
472 527 1749 71 act) … [New York] The Corporation trust company,
257 608 147 50 c1934.

304 679 16 37 1
356 689 42 37 p.
499 678 55 41 67
583 689 41 37 p.
685 678 55 40 23
744 680 44 23 cm
793 711 7 8 .

239 733 50 51 ©
319 738 125 38 June
472 737 38 41 6,
538 737 140 46 1934;
709 738 64 39 2c.
804 739 93 38 and
927 738 78 39 aff.
1037 739 127 38 June
1189 738 80 40 28:
1298 739 40 37 A
1367 738 140 39 74077
1527 748 7 31 :
1567 738 318 47 Corporation
1915 741 129 38 trust
2073 750 66 29 co.

316 794 277 48 (34-19159)

300 881 178 54 What
514 881 327 54 constitutes
881 882 175 69 doing
1092 882 251 53 business
1376 882 76 67 by
1488 901 29 33 a
1556 881 361 68 corporation
1951 883 62 52 in
2048 887 172 48 states

235 959 226 68 foreign
495 964 57 47 to
586 960 95 52 the
715 963 144 49 state
894 960 64 51 of
992 961 72 52 its
1101 958 262 54 creation.
1439 960 230 67 Digests
1705 960 64 51 of
1800 960 97 52 the
1930 978 153 34 more

234 960 1963 144 important
500 1044 159 46 court
693 1036 274 55 decisions
1000 1038 63 53 of
1096 1043 185 47 recent
1314 1055 162 50 years
1509 1038 164 54 made
1705 1038 74 68 by
1811 1038 96 52 the
233 1037 1963 131 Corporation

380 1120 148 47 trust
555 1133 296 49 company,
880 1115 92 52 for
1001 1116 95 51 the
1123 1115 366 53 convenience
1517 1116 64 52 of
1606 1116 272 52 members
1907 1116 63 53 of
1996 1117 97 52 the
2119 1116 98 53 bar

378 1193 155 66 [New
570 1192 177 66 York]
789 1192 120 53 The
945 1191 379 68 Corporation
1356 1199 148 46 trust
1539 1210 295 50 company,
1871 1196 148 49 1934.

305 1265 581 49 1 p. l. , 5-198 p. 23 cm .
306 1323 72 40 On
406 1334 165 29 cover:
603 1321 205 42 Revised
836 1326 49 38 to
913 1323 138 48 April
1079 1323 67 45 15,
1175 1320 127 42 1934.

306 1379 175 40 “Table
513 1379 51 41 of
595 1378 190 41 cases”:
819 1391 42 37 p.
893 1378 214 42 193-198.

240 1433 50 51 ©
321 1438 112 46 May
460 1438 67 40 21,
557 1437 139 40 1934;
728 1438 65 39 2c.
823 1439 93 37 and
945 1437 80 39 aff.
1056 1437 124 39 June
1206 1437 80 40 28:
1319 1437 40 38 A
1387 1437 168 41 74076:
1589 1437 318 47 Corporation
1938 1440 128 37 trust
2095 1448 67 29 co.

317 1494 278 47 (34-18960)

235 1582 233 64 Cronin,
501 1582 260 65 Delight.

307 1661 496 67 Forget-me-nots,
831 1661 73 68 by
929 1659 239 70 Delight
1193 1660 232 55 Cronin.
1492 1661 406 67 [Huntington,
1926 1660 145 64 Ind.,
2100 1660 122 54 Our

236 1738 237 67 Sunday
508 1738 218 67 visitor,
760 1745 17 22 c
782 1742 151 63 1934]

308 1811 55 40 62
396 1823 42 37 p.
498 1811 135 40 front.
677 1812 167 48 (port.)
915 1811 54 40 20½
1004 1814 41 21 cm
1051 1845 7 7 .

306 1870 182 40 Poems.

243 1924 50 51 ©
332 1928 125 39 June
493 1927 67 46 26,
601 1928 137 45 1934;
778 1927 65 39 2c.
884 1928 114 46 July
1034 1927 50 45 5;
1126 1926 79 40 aff.
1245 1927 115 47 July
1396 1927 52 46 2;
1491 1927 39 39 A
1568 1928 168 46 74119;
1778 1929 55 38 D.
1874 1927 190 49 Cronin,
2106 1929 119 41 Fort

311 1982 197 49 Wayne,
538 1985 103 38 Ind.
712 1983 277 47 (34-18996)

236 2072 431 66 Cunningham,
702 2074 244 52 Auburn
980 2075 75 62 S.,
1089 2092 175 48 comp.

312 2150 359 68 Everything
699 2167 105 51 you
841 2156 151 47 want
1021 2156 58 46 to
1107 2148 162 53 know
1301 2147 170 56 about
1502 2150 92 50 the
1630 2148 339 68 presidents;
2004 2148 218 69 George

243 2227 375 67 Washington
647 2233 58 47 to
735 2226 277 52 Franklin
1043 2227 68 52 D.
1145 2227 311 68 Roosevelt,
1484 2226 275 68 compiled
1791 2227 72 67 by
1893 2227 241 52 Auburn
2164 2226 54 54 S.

245 2304 416 68 Cunningham.
731 2304 134 52 Rev.
898 2305 82 51 ed.
1054 2304 264 68 Chicago,
1351 2304 68 52 A.
1458 2304 59 54 C.
1552 2303 277 69 McClurg
1862 2306 45 50 &
1940 2322 95 51 co.,
2071 2307 147 50 1934.

313 2379 551 49 5 p. l. , 135 p. 18½ cm .
243 2433 50 51 ©
323 2438 111 46 Apr.
464 2437 39 40 2.
533 2437 138 44 1934;
703 2437 64 39 2c.
800 2437 124 38 June
952 2436 81 46 20;
1066 2436 81 40 aff.
1176 2437 125 39 June
1328 2437 82 46 21;
1440 2436 42 39 A
1510 2437 168 46 74120;
1710 2437 54 40 A.
1798 2438 41 40 S.
1873 2436 348 47 Cunningham,

312 2494 270 39 Cleveland.
655 2493 276 48 (34-18990)

236 2580 207 67 David,
474 2583 165 52 Evan
669 2581 171 63 John,
875 2585 168 49 1881-

243 2657 1952 148 Useful lady, by Evan J. David … New York, The Macaulay company [ c 1934]
314 2807 84 40 285
436 2818 41 37 p.
545 2808 56 39 19½
632 2809 43 22 cm
681 2839 7 9 .

244 2864 50 51 ©
324 2869 83 39 July
469 2869 37 46 5,
537 2869 113 39 1934
668 2878 7 36 ;
707 2868 66 39 2c.
804 2869 94 38 and
928 2867 80 39 aff.
1040 2867 115 47 July
1184 2869 50 44 7;
1265 2868 40 38 A
1335 2868 168 46 73318;
1536 2869 257 47 Macaulay
1824 2880 66 29 co.

320 2925 276 48 (34-18694)

237 2998 85 55 De
350 3001 264 64 Laguna,
645 2999 328 65 Frederica,
1007 3002 167 50 1906-

315 3077 119 52 The
481 3076 369 68 archaeology
893 3076 62 51 of
1000 3075 154 55 Cook
1196 3076 156 65 inlet,
1399 3075 230 67 Alaska,
1673 3076 73 68 by
1792 3073 296 56 Frederica
2137 3074 85 52 De

246 3153 1812 69 Laguna … with a chapter on skeletal material by Bruno
247 3150 1973 150 Oetteking … Philadelphia, Pub. for the Uni versity museum by
246 3310 92 52 the
368 3309 332 68 University
732 3309 63 53 of
825 3307 417 68 Pennsylvania
1272 3326 171 50 press,
1475 3311 147 49 1934.

312 3382 1207 50 5 p. l. , 7-263 p. plates, maps, diagrs. 28½ cm .
314 3440 372 48 Bibliography:
717 3450 40 38 p.
788 3439 213 40 232-234.

245 3494 50 51 ©
326 3499 125 38 June
477 3497 69 46 28,
575 3497 139 39 1934;
745 3497 66 39 2c.
842 3497 93 38 and
964 3495 80 40 aff.
1075 3495 112 48 July
1215 3497 50 45 7;
1298 3496 42 39 A
1367 3497 168 46 74151;
1571 3497 279 47 University
1879 3506 231 30 museum.

322 3554 277 47 (34-18993)

238 3629 143 64 Dell,
412 3629 174 52 Ethel
616 3630 155 61 May.

308 3706 118 52 The
457 3705 254 53 destined
741 3706 159 50 hour.
982 3705 359 66 [Instalment
1369 3709 46 61 8]

322 3781 83 46 (In
431 3776 134 43 Good
592 3774 309 44 needlework
930 3774 271 52 magazine,
1232 3774 144 52 Aug.,
1407 3775 143 49 1934)

245 3832 1975 51 © 1c. Aug. 13, 1934; A ad int. 19261; pubd. July 10; Ethel Mary Savage.
319 3893 215 49 Sleepers
566 3892 116 48 Hill,
715 3891 249 40 Breeder’s
998 3891 141 41 Lane,
1174 3890 313 47 Winchester,
1523 3892 232 46 England.
