2350 4196
1125 3994 99 48 462

181 452 163 52 York
382 452 131 68 city,
553 453 228 50 Bureau
822 451 63 53 of
923 451 397 67 publications,
1360 450 276 53 Teachers
1676 448 226 68 college,
179 447 1966 137 Columbia
300 529 317 68 university
652 562 12 33 [
668 535 19 21 c
691 532 152 64 1933]

253 600 1693 51 1 p. l., 29 p. illus., diagrs. 23 cm . (The national crisis series)
185 669 1982 53 © Dec. 4, 1933; 2c. Feb. 1, 1934; aff. Feb. 16; A 69458; Teachers college,
256 730 249 41 Columbia
532 730 128 40 univ.
732 729 248 48 (34-9221)

181 842 1989 150 … Our government’s relation to money, banking, and securities, by James E. Mendenhall and Leon C. Marshall, with the
185 1004 301 52 assistance
533 1003 63 53 of
643 1003 250 52 Herbert
940 1004 67 51 B.
1058 1004 239 65 Bruner,
1346 1001 272 52 Edmund
1667 1001 68 52 de
1785 1000 55 55 S.
1890 1002 280 64 Brunner,

184 1081 227 55 Samuel
440 1081 237 52 Everett
731 1082 129 66 [and]
897 1081 241 52 Pauline
1168 1081 68 51 E.
1266 1080 344 67 Thompson.
1677 1079 138 52 New
1847 1079 162 52 York
2040 1080 131 67 city,

184 1160 228 52 Bureau
442 1159 63 53 of
533 1158 398 69 publications,
961 1160 276 51 Teachers
1268 1159 226 68 college,
1527 1157 300 55 Columbia
1857 1159 315 67 university

183 1241 192 63 [c1934]

254 1323 1741 50 1 p. l., 29 p. illus., diagrs. 23 cm . (The national crisis series)
186 1378 1983 52 © Jan. 9, 1934; 2c. Feb. 1; aff. Feb. 16; A 69467; Teachers college,
253 1439 249 41 Columbia
530 1439 129 40 univ.
733 1439 249 47 (34-9217)

314 1556 1859 68 … Uncle Sam and debtors, by James E. Mendenhall and
185 1637 273 51 Edmund
501 1637 68 51 de
614 1635 57 55 S.
714 1637 283 63 Brunner,
1040 1636 138 51 with
1220 1635 95 52 the
1361 1635 301 52 assistance
1707 1634 62 53 of
1813 1634 249 53 Herbert
2104 1636 69 50 B.

183 1714 241 66 Bruner,
467 1712 229 55 Samuel
739 1713 236 53 Everett
1022 1713 148 66 [and]
1218 1713 241 52 Pauline
1500 1713 70 52 E.
1612 1713 345 68 Thompson.
2035 1714 138 52 New

185 1790 162 54 York
384 1792 133 67 city,
556 1793 229 51 Bureau
824 1791 63 53 of
926 1791 396 68 publications,
1361 1792 277 52 Teachers
1679 1792 226 68 college,
181 1792 1969 129 Columbia
301 1869 318 69 university
654 1902 12 33 [
671 1875 18 21 c
694 1872 151 64 1934]

254 1953 1741 52 1 p. l., 23 p. illus., diagrs. 23 cm . (The national crisis series)
187 2010 1983 53 © Jan. 12. 1934; 2c. Feb. 1; aff. Feb. 16; A 69459; Teachers college,
255 2070 248 41 Columbia
540 2069 128 40 univ.
742 2069 249 47 (34-9220)

185 2187 295 64 Michigan
524 2189 200 67 digest,
769 2191 148 49 1933.
994 2189 139 52 This
1174 2191 221 50 volume
1436 2192 386 65 supplements
1862 2192 94 53 the
251 2196 1897 122 material
409 2265 300 53 contained
758 2266 59 51 in
867 2265 295 69 Michigan
1211 2267 181 68 digest
1448 2271 149 57 1932,
1650 2268 110 52 and
1811 2271 170 52 closes
2032 2269 138 51 with

253 2363 148 34 cases
441 2345 264 67 reported
746 2345 86 52 in:
875 2345 185 52 North
1100 2351 235 45 western
1374 2353 273 60 reporter,
1687 2349 107 50 vol.
1834 2350 119 64 251,
251 2348 1896 143 Michigan
415 2429 220 61 reports
671 2423 144 65 [Vol.]
850 2425 118 63 265,
998 2423 138 51 with
1164 2424 178 52 tables
1371 2424 63 51 of
1463 2430 237 47 statutes
1731 2425 298 54 construed
2060 2426 112 51 and

252 2500 1919 71 cases digested … by the publisher’s editorial staff. St. Paul,
251 2580 160 52 West
434 2578 334 69 publishing
794 2597 96 49 co.,
919 2581 148 52 1934.

256 2654 67 46 iii,
354 2653 84 40 223
469 2664 40 36 p.
569 2652 55 40 26
628 2654 45 21 cm
676 2683 8 9 .

189 2720 1819 51 © Mar. 21, 1934; 2c. Apr. 20; aff. Apr. 25; A 71392; West pub. co.
189 2842 239 63 Molnár,
459 2843 237 53 Ferenc.

185 2915 1961 149 … A zénelö angyal; egy fiatal szerelem regénye. Budapest, Athenaeum Irodalini és nyomdai r.-t. kiadása, 1933.
258 3071 86 40 276
371 3082 42 36 p.
471 3071 55 37 21½
559 3072 44 21 cm
608 3103 7 7 .

192 3138 1980 51 © Aug. 1, 1933; 1c. Sept. 2; A-Foreign 22029; Alexander Marton,
258 3199 260 46 Budapest,
552 3198 248 46 Hungary.
1966 3196 115 41 2999

184 3317 279 53 National
493 3316 224 63 society
745 3316 97 52 for
870 3316 102 51 the
1001 3315 178 62 study
1210 3315 63 52 of
1303 3316 326 54 education.

255 3392 1917 67 The thirty-third yearbook … Parts I, II … Edited by
186 3470 1987 67 Guy Montrose Whipple … Bloomington. Ill., Public school
185 3550 332 67 publishing
549 3567 294 49 company,
875 3550 148 51 1934.

260 3625 27 38 2
315 3636 41 28 v.
414 3623 152 39 forms
596 3621 86 48 (pt.
742 3622 13 46 I)
822 3621 59 39 22½
910 3622 45 22 cm
958 3652 8 8 .

526 3693 140 47 CONTENTS.—pt.
713 3722 9 9 I.
746 3692 100 39 The
869 3691 232 48 planning
1125 3692 93 38 and
1243 3692 329 39 construction
1596 3692 50 40 of
1673 3693 161 38 school

191 3691 1986 108 buildings.—pt.
331 3781 9 9 II.
372 3750 100 39 The
504 3749 201 47 activity
737 3750 280 38 movement.

195 3817 50 51 ©
279 3821 108 39 Feb.
421 3820 36 45 6,
492 3820 137 45 1934;
664 3819 65 39 2c.
764 3819 116 40 each
915 3819 117 37 Mar.
1069 3819 79 44 17;
1185 3817 105 40 affs.
1326 3818 118 38 Mar.
1480 3817 81 46 26;
1598 3818 40 37 A
1671 3817 156 46 72084,
1861 3815 168 47 72085;
2069 3814 105 47 Guy

262 3878 244 39 Montrose
536 3875 234 47 Whipple,
803 3876 244 44 secretary
1080 3874 48 39 of
1160 3874 78 39 the
1273 3873 202 47 Society,
1508 3874 233 46 Danvers,
1776 3874 144 39 Mass.
