<alto xmlns="http://www.loc.gov/standards/alto/ns-v3#" xmlns:xlink="http://www.w3.org/1999/xlink" xmlns:xsi="http://www.w3.org/2001/XMLSchema-instance" xsi:schemaLocation="http://www.loc.gov/standards/alto/ns-v3# http://www.loc.gov/alto/v3/alto-3-0.xsd"><Description>
<MeasurementUnit>pixel</MeasurementUnit>
<sourceImageInformation>
<fileName>1934_v1_Part1.pdf</fileName>
</sourceImageInformation>
<OCRProcessing ID="IdOcr">
<ocrProcessingStep>
<processingDateTime>2019-01-10</processingDateTime>
<processingSoftware>
<softwareCreator>ABBYY</softwareCreator>
<softwareName>ABBYY Recognition Server</softwareName>
<softwareVersion>4.0</softwareVersion>
</processingSoftware>
</ocrProcessingStep>
</OCRProcessing>
</Description>
<Styles>
<ParagraphStyle ID="StyleId-FFFFFFFF-FFFF-FFFF-FFFF-FFFFFFFFFFFF-" ALIGN="Left" LEFT="0." RIGHT="0." FIRSTLINE="0."/>
<ParagraphStyle ID="StyleId-521E1FC6-FE7E-43A4-90E6-A9B61626A263-" ALIGN="Right" LEFT="0." RIGHT="0." FIRSTLINE="0." LINESPACE="13.30000019"/>
<ParagraphStyle ID="StyleId-639B624E-F6F5-47B6-BB1D-34E64B53022F-" ALIGN="Left" LEFT="0." RIGHT="0." FIRSTLINE="-27." LINESPACE="13.43999958"/>
<ParagraphStyle ID="StyleId-100905F9-D385-406B-A5BD-ED5B8FD85431-" ALIGN="Left" LEFT="0." RIGHT="0." FIRSTLINE="0."/>
<ParagraphStyle ID="StyleId-7C9F9BA2-EF3A-4B7F-8486-CCC7B7F49B39-" ALIGN="Left" LEFT="0." RIGHT="0." FIRSTLINE="-27." LINESPACE="18.71999931"/>
<ParagraphStyle ID="StyleId-350780E3-60F2-4605-88F5-BB54F9B87091-" ALIGN="Block" LEFT="0." RIGHT="0." FIRSTLINE="-27." LINESPACE="18.71999931"/>
<ParagraphStyle ID="StyleId-90B16C58-D795-4C77-9B89-30378C515D40-" ALIGN="Left" LEFT="0." RIGHT="0." FIRSTLINE="0." LINESPACE="14.39999962"/>
<ParagraphStyle ID="StyleId-17090E09-AFAF-4086-BD9B-4E99FAE6B057-" ALIGN="Right" LEFT="0." RIGHT="0." FIRSTLINE="-27." LINESPACE="14.39999962"/>
<ParagraphStyle ID="StyleId-8B87B633-89DB-4D72-B1FC-26E4ABD680BC-" ALIGN="Left" LEFT="0." RIGHT="0." FIRSTLINE="-27." LINESPACE="18.47999954"/>
<ParagraphStyle ID="StyleId-42DA7417-CA90-4D71-A57B-06556C38D752-" ALIGN="Left" LEFT="0." RIGHT="0." FIRSTLINE="0." LINESPACE="13.30000019"/>
<ParagraphStyle ID="StyleId-D8EE2A7E-42AE-4E35-98DB-F0F935637AA0-" ALIGN="Block" LEFT="0." RIGHT="0." FIRSTLINE="0." LINESPACE="6.599999905"/>
<ParagraphStyle ID="StyleId-33CD3121-D4F5-43B6-BA96-6382D166E6B8-" ALIGN="Left" LEFT="0." RIGHT="0." FIRSTLINE="0." LINESPACE="15.5"/>
<ParagraphStyle ID="StyleId-1CE52AFA-C319-4DD9-B4B1-F0EBFA2B3F0B-" ALIGN="Block" LEFT="0." RIGHT="0." FIRSTLINE="-21." LINESPACE="18.71999931"/>
<ParagraphStyle ID="StyleId-B74F1B65-92F1-49C5-A5FA-D20442F031F2-" ALIGN="Left" LEFT="0." RIGHT="0." FIRSTLINE="0." LINESPACE="17.70006076"/>
<ParagraphStyle ID="StyleId-79E2924A-215C-40B7-B577-7236BFBAA25E-" ALIGN="Center" LEFT="0." RIGHT="0." FIRSTLINE="0." LINESPACE="7.199999809"/>
</Styles>
<Layout>
<Page ID="Page1410" PHYSICAL_IMG_NR="1410" HEIGHT="4196" WIDTH="2350">
<TopMargin HEIGHT="347" WIDTH="2350" VPOS="0" HPOS="0">
</TopMargin>
<LeftMargin HEIGHT="3609" WIDTH="207" VPOS="347" HPOS="0">
</LeftMargin>
<RightMargin HEIGHT="3609" WIDTH="127" VPOS="347" HPOS="2223">
</RightMargin>
<BottomMargin HEIGHT="240" WIDTH="2350" VPOS="3956" HPOS="0">
<TextBlock ID="Page1410_Block1" HEIGHT="60" WIDTH="144" VPOS="4001" HPOS="1139" LANG="en-US" STYLEREFS="StyleId-D4AD1303-63DC-419A-8B0D-7E82820406B1-">
<Shape>
<Polygon POINTS="1172,4001 1282,4001 1282,4002 1283,4002 1283,4060 1178,4060 1178,4061 1139,4061 1139,4002 1172,4002 1172,4001"/>
</Shape>
<TextLine HEIGHT="48" WIDTH="132" VPOS="4007" HPOS="1145">
<String CONTENT="1410" HEIGHT="48" WIDTH="132" VPOS="4007" HPOS="1145"/>
</TextLine>
</TextBlock>
</BottomMargin>
<PrintSpace HEIGHT="3609" WIDTH="2016" VPOS="347" HPOS="207">
<TextBlock ID="Page1410_Block2" HEIGHT="419" WIDTH="2010" VPOS="347" HPOS="207" LANG="en-US" CS="1" STYLEREFS="StyleId-ACF99BB9-E32E-44A4-A971-82F20679D0F7-">
<Shape>
<Polygon POINTS="1885,347 2217,347 2217,763 1890,763 1890,764 1178,764 1178,765 465,765 465,766 207,766 207,350 460,350 460,349 1172,349 1172,348 1885,348 1885,347"/>
</Shape>
<TextLine HEIGHT="73" WIDTH="1911" VPOS="447" HPOS="294" STYLEREFS="StyleId-C1616083-2AD4-447D-9461-FF3CC5045B90-" CS="1">
<String CS="1" CONTENT="Newark," HEIGHT="64" WIDTH="119" VPOS="451" HPOS="294"/>
<SP HEIGHT="65" WIDTH="35" VPOS="450" HPOS="414"/>
<String CONTENT="Soney" HEIGHT="69" WIDTH="184" VPOS="449" HPOS="450"/>
<SP HEIGHT="62" WIDTH="27" VPOS="455" HPOS="635"/>
<String CONTENT="&amp;" HEIGHT="48" WIDTH="46" VPOS="455" HPOS="663"/>
<SP HEIGHT="55" WIDTH="30" VPOS="449" HPOS="710"/>
<String CONTENT="Sage" HEIGHT="69" WIDTH="146" VPOS="449" HPOS="741"/>
<SP HEIGHT="34" WIDTH="32" VPOS="471" HPOS="888"/>
<String CONTENT="company:" HEIGHT="52" WIDTH="303" VPOS="467" HPOS="921"/>
<SP HEIGHT="54" WIDTH="37" VPOS="448" HPOS="1225"/>
<String CONTENT="St." HEIGHT="54" WIDTH="81" VPOS="448" HPOS="1263"/>
<SP HEIGHT="49" WIDTH="33" VPOS="452" HPOS="1345"/>
<String CS="1" CONTENT="Paul." HEIGHT="51" WIDTH="165" VPOS="452" HPOS="1379"/>
<SP HEIGHT="51" WIDTH="29" VPOS="452" HPOS="1545"/>
<String CONTENT="West" HEIGHT="50" WIDTH="155" VPOS="452" HPOS="1575"/>
<SP HEIGHT="60" WIDTH="32" VPOS="456" HPOS="1731"/>
<String CONTENT="publishing" HEIGHT="68" WIDTH="333" VPOS="448" HPOS="1764"/>
<SP HEIGHT="48" WIDTH="31" VPOS="467" HPOS="2098"/>
<String CONTENT="co." HEIGHT="33" WIDTH="75" VPOS="468" HPOS="2130"/>
</TextLine>
<TextLine HEIGHT="65" WIDTH="190" VPOS="530" HPOS="301" STYLEREFS="StyleId-C1616083-2AD4-447D-9461-FF3CC5045B90-" CS="1">
<String CS="1" CONTENT="[c1934]" HEIGHT="65" WIDTH="190" VPOS="530" HPOS="301"/>
</TextLine>
<TextLine HEIGHT="48" WIDTH="326" VPOS="601" HPOS="289">
<String CONTENT="175" HEIGHT="39" WIDTH="86" VPOS="602" HPOS="289"/>
<SP HEIGHT="47" WIDTH="24" VPOS="602" HPOS="376"/>
<String CONTENT="p." HEIGHT="37" WIDTH="43" VPOS="612" HPOS="401"/>
<SP HEIGHT="39" WIDTH="54" VPOS="601" HPOS="445"/>
<String CONTENT="24" HEIGHT="37" WIDTH="56" VPOS="601" HPOS="500"/>
<String STYLE="superscript" CONTENT="cm" HEIGHT="20" WIDTH="43" VPOS="603" HPOS="559"/>
<String CONTENT="." HEIGHT="6" WIDTH="6" VPOS="634" HPOS="609"/>
</TextLine>
<TextLine HEIGHT="54" WIDTH="1978" VPOS="651" HPOS="225" CS="1">
<String CONTENT="&#169;" HEIGHT="51" WIDTH="56" VPOS="654" HPOS="225"/>
<SP HEIGHT="51" WIDTH="31" VPOS="654" HPOS="282"/>
<String CONTENT="Sept." HEIGHT="46" WIDTH="126" VPOS="658" HPOS="314"/>
<SP HEIGHT="39" WIDTH="31" VPOS="659" HPOS="441"/>
<String CONTENT="25," HEIGHT="41" WIDTH="68" VPOS="658" HPOS="473"/>
<SP HEIGHT="42" WIDTH="32" VPOS="657" HPOS="542"/>
<String CONTENT="1934;" HEIGHT="47" WIDTH="139" VPOS="656" HPOS="575"/>
<SP HEIGHT="45" WIDTH="33" VPOS="658" HPOS="715"/>
<String CONTENT="2c." HEIGHT="38" WIDTH="65" VPOS="658" HPOS="749"/>
<SP HEIGHT="37" WIDTH="33" VPOS="659" HPOS="815"/>
<String CONTENT="Nov." HEIGHT="37" WIDTH="114" VPOS="659" HPOS="849"/>
<SP HEIGHT="38" WIDTH="33" VPOS="659" HPOS="964"/>
<String CONTENT="3:" HEIGHT="38" WIDTH="50" VPOS="659" HPOS="998"/>
<SP HEIGHT="29" WIDTH="34" VPOS="668" HPOS="1049"/>
<String CONTENT="aff." HEIGHT="41" WIDTH="80" VPOS="657" HPOS="1084"/>
<SP HEIGHT="41" WIDTH="33" VPOS="657" HPOS="1165"/>
<String CONTENT="Oct." HEIGHT="38" WIDTH="101" VPOS="657" HPOS="1199"/>
<SP HEIGHT="37" WIDTH="32" VPOS="658" HPOS="1301"/>
<String CS="1" CONTENT="11:" HEIGHT="37" WIDTH="48" VPOS="657" HPOS="1334"/>
<SP HEIGHT="38" WIDTH="35" VPOS="657" HPOS="1415"/>
<!-- cceid C746077E-6C64-1014-8713-889FF4349C01 --><String CONTENT="A" HEIGHT="37" WIDTH="37" VPOS="657" HPOS="1451"/>
<SP HEIGHT="37" WIDTH="31" VPOS="657" HPOS="1489"/>
<String CONTENT="78038:" HEIGHT="40" WIDTH="167" VPOS="655" HPOS="1521"/>
<SP HEIGHT="37" WIDTH="39" VPOS="658" HPOS="1689"/>
<String CONTENT="Soney" HEIGHT="45" WIDTH="153" VPOS="658" HPOS="1729"/>
<SP HEIGHT="48" WIDTH="32" VPOS="655" HPOS="1883"/>
<String CONTENT="&amp;" HEIGHT="38" WIDTH="34" VPOS="655" HPOS="1916"/>
<SP HEIGHT="39" WIDTH="33" VPOS="655" HPOS="1951"/>
<String CONTENT="Sage" HEIGHT="46" WIDTH="120" VPOS="655" HPOS="1985"/>
<SP HEIGHT="30" WIDTH="30" VPOS="665" HPOS="2106"/>
<String CONTENT="co." HEIGHT="32" WIDTH="66" VPOS="663" HPOS="2137"/>
</TextLine>
<TextLine HEIGHT="48" WIDTH="479" VPOS="714" HPOS="295">
<String CONTENT="and" HEIGHT="38" WIDTH="93" VPOS="716" HPOS="295"/>
<SP HEIGHT="39" WIDTH="24" VPOS="715" HPOS="389"/>
<String CONTENT="West" HEIGHT="40" WIDTH="133" VPOS="714" HPOS="414"/>
<SP HEIGHT="45" WIDTH="26" VPOS="716" HPOS="548"/>
<String CONTENT="pub." HEIGHT="46" WIDTH="106" VPOS="715" HPOS="575"/>
<SP HEIGHT="27" WIDTH="27" VPOS="725" HPOS="682"/>
<String CONTENT="co." HEIGHT="28" WIDTH="64" VPOS="725" HPOS="710"/>
</TextLine>
</TextBlock>
<TextBlock ID="Page1410_Block3" HEIGHT="3162" WIDTH="2012" VPOS="794" HPOS="211" LANG="en-US" CS="1" STYLEREFS="StyleId-ACF99BB9-E32E-44A4-A971-82F20679D0F7-">
<Shape>
<Polygon POINTS="1885,794 2218,794 2218,1027 2219,1027 2219,1739 2220,1739 2220,2451 2221,2451 2221,3164 2222,3164 2222,3876 2223,3876 2223,3953 1890,3953 1890,3954 1178,3954 1178,3955 465,3955 465,3956 216,3956 216,3882 215,3882 215,3169 214,3169 214,2457 213,2457 213,1745 212,1745 212,1032 211,1032 211,797 460,797 460,796 1172,796 1172,795 1885,795 1885,794"/>
</Shape>
<TextLine HEIGHT="69" WIDTH="1990" VPOS="800" HPOS="216" STYLEREFS="StyleId-C1616083-2AD4-447D-9461-FF3CC5045B90-">
<String CONTENT="The" HEIGHT="52" WIDTH="120" VPOS="803" HPOS="216"/>
<SP HEIGHT="51" WIDTH="44" VPOS="804" HPOS="337"/>
<String CONTENT="New" HEIGHT="52" WIDTH="144" VPOS="803" HPOS="382"/>
<SP HEIGHT="34" WIDTH="43" VPOS="820" HPOS="527"/>
<String CONTENT="universal" HEIGHT="53" WIDTH="285" VPOS="802" HPOS="571"/>
<SP HEIGHT="50" WIDTH="45" VPOS="804" HPOS="857"/>
<String CONTENT="handbook" HEIGHT="52" WIDTH="300" VPOS="803" HPOS="903"/>
<SP HEIGHT="51" WIDTH="44" VPOS="803" HPOS="1204"/>
<String CONTENT="of" HEIGHT="52" WIDTH="62" VPOS="802" HPOS="1249"/>
<SP HEIGHT="51" WIDTH="44" VPOS="802" HPOS="1312"/>
<String CONTENT="necessary" HEIGHT="48" WIDTH="289" VPOS="819" HPOS="1357"/>
<SP HEIGHT="62" WIDTH="46" VPOS="805" HPOS="1647"/>
<String CONTENT="information" HEIGHT="54" WIDTH="370" VPOS="801" HPOS="1694"/>
<SP HEIGHT="51" WIDTH="50" VPOS="800" HPOS="2065"/>
<String CONTENT="for" HEIGHT="50" WIDTH="90" VPOS="800" HPOS="2116"/>
</TextLine>
<TextLine HEIGHT="73" WIDTH="1916" VPOS="876" HPOS="291" STYLEREFS="StyleId-C1616083-2AD4-447D-9461-FF3CC5045B90-">
<String CONTENT="home," HEIGHT="67" WIDTH="180" VPOS="880" HPOS="291"/>
<SP HEIGHT="48" WIDTH="52" VPOS="898" HPOS="472"/>
<String CONTENT="school," HEIGHT="68" WIDTH="207" VPOS="880" HPOS="525"/>
<SP HEIGHT="49" WIDTH="52" VPOS="899" HPOS="733"/>
<String CONTENT="shop," HEIGHT="67" WIDTH="159" VPOS="881" HPOS="786"/>
<SP HEIGHT="46" WIDTH="55" VPOS="899" HPOS="946"/>
<String CONTENT="and" HEIGHT="51" WIDTH="110" VPOS="881" HPOS="1002"/>
<SP HEIGHT="51" WIDTH="55" VPOS="881" HPOS="1113"/>
<String CONTENT="office," HEIGHT="67" WIDTH="164" VPOS="879" HPOS="1169"/>
<SP HEIGHT="50" WIDTH="52" VPOS="897" HPOS="1334"/>
<String CONTENT="practically" HEIGHT="67" WIDTH="338" VPOS="880" HPOS="1387"/>
<SP HEIGHT="48" WIDTH="53" VPOS="897" HPOS="1726"/>
<String CONTENT="arranged" HEIGHT="69" WIDTH="280" VPOS="878" HPOS="1780"/>
<SP HEIGHT="53" WIDTH="51" VPOS="876" HPOS="2061"/>
<String CONTENT="for" HEIGHT="53" WIDTH="94" VPOS="876" HPOS="2113"/>
</TextLine>
<TextLine HEIGHT="71" WIDTH="1917" VPOS="956" HPOS="292" STYLEREFS="StyleId-C1616083-2AD4-447D-9461-FF3CC5045B90-" CS="1">
<String CONTENT="ready" HEIGHT="68" WIDTH="173" VPOS="958" HPOS="292"/>
<SP HEIGHT="49" WIDTH="29" VPOS="976" HPOS="466"/>
<String CONTENT="reference," HEIGHT="66" WIDTH="302" VPOS="958" HPOS="496"/>
<SP HEIGHT="65" WIDTH="29" VPOS="959" HPOS="799"/>
<String CONTENT="by" HEIGHT="67" WIDTH="73" VPOS="959" HPOS="829"/>
<SP HEIGHT="66" WIDTH="29" VPOS="960" HPOS="903"/>
<String CONTENT="Will" HEIGHT="53" WIDTH="140" VPOS="958" HPOS="933"/>
<SP HEIGHT="51" WIDTH="30" VPOS="959" HPOS="1074"/>
<String CONTENT="H." HEIGHT="52" WIDTH="74" VPOS="958" HPOS="1105"/>
<SP HEIGHT="54" WIDTH="29" VPOS="957" HPOS="1180"/>
<String CONTENT="Johnston" HEIGHT="54" WIDTH="284" VPOS="957" HPOS="1210"/>
<SP HEIGHT="32" WIDTH="35" VPOS="975" HPOS="1495"/>
<String CS="1" CONTENT="..," HEIGHT="7" WIDTH="7" VPOS="1000" HPOS="1531"/>
<SP HEIGHT="33" WIDTH="35" VPOS="975" HPOS="1586"/>
<String CONTENT="assisted" HEIGHT="52" WIDTH="233" VPOS="957" HPOS="1622"/>
<SP HEIGHT="52" WIDTH="31" VPOS="956" HPOS="1856"/>
<String CONTENT="by" HEIGHT="66" WIDTH="73" VPOS="956" HPOS="1888"/>
<SP HEIGHT="48" WIDTH="30" VPOS="974" HPOS="1962"/>
<String CONTENT="a" HEIGHT="34" WIDTH="25" VPOS="974" HPOS="1993"/>
<SP HEIGHT="51" WIDTH="33" VPOS="957" HPOS="2019"/>
<String CONTENT="large" HEIGHT="66" WIDTH="156" VPOS="957" HPOS="2053"/>
</TextLine>
<TextLine HEIGHT="71" WIDTH="1916" VPOS="1033" HPOS="294" STYLEREFS="StyleId-C1616083-2AD4-447D-9461-FF3CC5045B90-">
<String CONTENT="corps" HEIGHT="50" WIDTH="163" VPOS="1054" HPOS="294"/>
<SP HEIGHT="37" WIDTH="44" VPOS="1053" HPOS="458"/>
<String CONTENT="of" HEIGHT="53" WIDTH="63" VPOS="1036" HPOS="503"/>
<SP HEIGHT="51" WIDTH="42" VPOS="1036" HPOS="567"/>
<String CONTENT="experts:" HEIGHT="62" WIDTH="254" VPOS="1041" HPOS="610"/>
<SP HEIGHT="52" WIDTH="47" VPOS="1036" HPOS="865"/>
<String CONTENT="including" HEIGHT="68" WIDTH="295" VPOS="1035" HPOS="913"/>
<SP HEIGHT="48" WIDTH="47" VPOS="1054" HPOS="1209"/>
<String CONTENT="a" HEIGHT="33" WIDTH="30" VPOS="1054" HPOS="1257"/>
<SP HEIGHT="34" WIDTH="45" VPOS="1053" HPOS="1288"/>
<String CONTENT="new" HEIGHT="33" WIDTH="120" VPOS="1053" HPOS="1334"/>
<SP HEIGHT="51" WIDTH="45" VPOS="1035" HPOS="1455"/>
<String CONTENT="dictionary&#8212;on" HEIGHT="68" WIDTH="464" VPOS="1033" HPOS="1501"/>
<SP HEIGHT="32" WIDTH="47" VPOS="1053" HPOS="1966"/>
<String CONTENT="a" HEIGHT="32" WIDTH="27" VPOS="1053" HPOS="2014"/>
<SP HEIGHT="33" WIDTH="47" VPOS="1052" HPOS="2042"/>
<String CONTENT="new" HEIGHT="33" WIDTH="120" VPOS="1052" HPOS="2090"/>
</TextLine>
<TextLine HEIGHT="71" WIDTH="1915" VPOS="1111" HPOS="297" STYLEREFS="StyleId-C1616083-2AD4-447D-9461-FF3CC5045B90-" CS="1">
<String CONTENT="plan," HEIGHT="66" WIDTH="151" VPOS="1115" HPOS="297"/>
<SP HEIGHT="49" WIDTH="28" VPOS="1132" HPOS="449"/>
<String CONTENT="edited" HEIGHT="52" WIDTH="185" VPOS="1113" HPOS="478"/>
<SP HEIGHT="51" WIDTH="30" VPOS="1114" HPOS="664"/>
<String CONTENT="by" HEIGHT="66" WIDTH="73" VPOS="1114" HPOS="695"/>
<SP HEIGHT="66" WIDTH="27" VPOS="1114" HPOS="769"/>
<String CONTENT="William" HEIGHT="53" WIDTH="259" VPOS="1114" HPOS="797"/>
<SP HEIGHT="52" WIDTH="27" VPOS="1113" HPOS="1057"/>
<String CONTENT="Dodge" HEIGHT="68" WIDTH="200" VPOS="1112" HPOS="1085"/>
<SP HEIGHT="51" WIDTH="28" VPOS="1113" HPOS="1286"/>
<String CONTENT="Lewis" HEIGHT="51" WIDTH="181" VPOS="1113" HPOS="1315"/>
<SP HEIGHT="33" WIDTH="33" VPOS="1131" HPOS="1497"/>
<String CS="1" CONTENT="..," HEIGHT="7" WIDTH="8" VPOS="1157" HPOS="1531"/>
<SP HEIGHT="32" WIDTH="33" VPOS="1132" HPOS="1587"/>
<String CONTENT="and" HEIGHT="53" WIDTH="111" VPOS="1112" HPOS="1621"/>
<SP HEIGHT="53" WIDTH="28" VPOS="1112" HPOS="1733"/>
<String CONTENT="Edgar" HEIGHT="69" WIDTH="199" VPOS="1111" HPOS="1762"/>
<SP HEIGHT="50" WIDTH="28" VPOS="1113" HPOS="1962"/>
<String CONTENT="Arthur" HEIGHT="51" WIDTH="221" VPOS="1113" HPOS="1991"/>
</TextLine>
<TextLine HEIGHT="72" WIDTH="1913" VPOS="1187" HPOS="299" STYLEREFS="StyleId-C1616083-2AD4-447D-9461-FF3CC5045B90-" CS="1">
<String CONTENT="Singer," HEIGHT="69" WIDTH="221" VPOS="1189" HPOS="299"/>
<SP HEIGHT="67" WIDTH="33" VPOS="1190" HPOS="521"/>
<String CONTENT="jr." HEIGHT="67" WIDTH="70" VPOS="1190" HPOS="555"/>
<SP HEIGHT="9" WIDTH="41" VPOS="1233" HPOS="626"/>
<String CS="1" CONTENT="..," HEIGHT="7" WIDTH="7" VPOS="1235" HPOS="668"/>
<SP HEIGHT="51" WIDTH="76" VPOS="1191" HPOS="721"/>
<String CONTENT="Philadelphia," HEIGHT="70" WIDTH="423" VPOS="1188" HPOS="798"/>
<SP HEIGHT="68" WIDTH="34" VPOS="1189" HPOS="1222"/>
<String CONTENT="Chicago" HEIGHT="68" WIDTH="253" VPOS="1189" HPOS="1257"/>
<SP HEIGHT="47" WIDTH="39" VPOS="1209" HPOS="1511"/>
<String CONTENT="[etc.]" HEIGHT="59" WIDTH="137" VPOS="1197" HPOS="1551"/>
<SP HEIGHT="65" WIDTH="42" VPOS="1190" HPOS="1689"/>
<String CONTENT="Universal" HEIGHT="56" WIDTH="302" VPOS="1189" HPOS="1732"/>
<SP HEIGHT="52" WIDTH="34" VPOS="1191" HPOS="2035"/>
<String CONTENT="book" HEIGHT="53" WIDTH="142" VPOS="1190" HPOS="2070"/>
</TextLine>
<TextLine HEIGHT="67" WIDTH="706" VPOS="1268" HPOS="296" STYLEREFS="StyleId-C1616083-2AD4-447D-9461-FF3CC5045B90-">
<String CONTENT="and" HEIGHT="51" WIDTH="110" VPOS="1269" HPOS="296"/>
<SP HEIGHT="52" WIDTH="28" VPOS="1269" HPOS="407"/>
<String CONTENT="Bible" HEIGHT="53" WIDTH="166" VPOS="1268" HPOS="436"/>
<SP HEIGHT="51" WIDTH="29" VPOS="1269" HPOS="603"/>
<String CONTENT="house," HEIGHT="65" WIDTH="187" VPOS="1269" HPOS="633"/>
<SP HEIGHT="61" WIDTH="33" VPOS="1273" HPOS="821"/>
<String CONTENT="1934." HEIGHT="48" WIDTH="147" VPOS="1272" HPOS="855"/>
</TextLine>
<TextLine HEIGHT="53" WIDTH="1861" VPOS="1338" HPOS="297" CS="1">
<String CONTENT="1" HEIGHT="37" WIDTH="24" VPOS="1343" HPOS="297"/>
<SP/>
<String LANG="fr" CONTENT="p." HEIGHT="37" WIDTH="42" VPOS="1352" HPOS="351"/>
<SP HEIGHT="38" WIDTH="30" VPOS="1342" HPOS="394"/>
<String CS="1" CONTENT="l.,"/>
<SP HEIGHT="33" WIDTH="28" VPOS="1353" HPOS="468"/>
<String CONTENT="xx." HEIGHT="30" WIDTH="78" VPOS="1351" HPOS="497"/>
<SP HEIGHT="39" WIDTH="30" VPOS="1342" HPOS="576"/>
<String CONTENT="1172" HEIGHT="39" WIDTH="112" VPOS="1340" HPOS="607"/>
<SP HEIGHT="48" WIDTH="27" VPOS="1340" HPOS="720"/>
<String CONTENT="p." HEIGHT="37" WIDTH="42" VPOS="1351" HPOS="748"/>
<SP HEIGHT="29" WIDTH="57" VPOS="1351" HPOS="791"/>
<String CONTENT="col." HEIGHT="40" WIDTH="85" VPOS="1341" HPOS="849"/>
<SP HEIGHT="40" WIDTH="29" VPOS="1340" HPOS="935"/>
<String CONTENT="front.," HEIGHT="42" WIDTH="162" VPOS="1340" HPOS="965"/>
<SP HEIGHT="40" WIDTH="29" VPOS="1342" HPOS="1128"/>
<String CS="1" CONTENT="illus.," HEIGHT="40" WIDTH="112" VPOS="1341" HPOS="1158"/>
<SP HEIGHT="29" WIDTH="28" VPOS="1351" HPOS="1299"/>
<String CONTENT="col." HEIGHT="39" WIDTH="85" VPOS="1341" HPOS="1328"/>
<SP HEIGHT="37" WIDTH="29" VPOS="1351" HPOS="1414"/>
<String CONTENT="plates," HEIGHT="47" WIDTH="168" VPOS="1341" HPOS="1444"/>
<SP HEIGHT="35" WIDTH="28" VPOS="1352" HPOS="1613"/>
<String CONTENT="ports.," HEIGHT="40" WIDTH="161" VPOS="1347" HPOS="1642"/>
<SP HEIGHT="27" WIDTH="28" VPOS="1353" HPOS="1804"/>
<String CONTENT="maps." HEIGHT="39" WIDTH="147" VPOS="1350" HPOS="1833"/>
<SP HEIGHT="38" WIDTH="62" VPOS="1343" HPOS="1981"/>
<String CS="1" CONTENT="20cm." HEIGHT="37" WIDTH="114" VPOS="1343" HPOS="2044"/>
</TextLine>
<TextLine HEIGHT="54" WIDTH="1952" VPOS="1392" HPOS="232" CS="1">
<String CONTENT="&#169;" HEIGHT="51" WIDTH="50" VPOS="1395" HPOS="232"/>
<SP HEIGHT="51" WIDTH="31" VPOS="1395" HPOS="283"/>
<String CONTENT="June" HEIGHT="40" WIDTH="125" VPOS="1400" HPOS="315"/>
<SP HEIGHT="41" WIDTH="29" VPOS="1398" HPOS="441"/>
<String CONTENT="20," HEIGHT="46" WIDTH="68" VPOS="1398" HPOS="471"/>
<SP HEIGHT="44" WIDTH="32" VPOS="1400" HPOS="540"/>
<String CONTENT="1934;" HEIGHT="47" WIDTH="139" VPOS="1397" HPOS="573"/>
<SP HEIGHT="47" WIDTH="31" VPOS="1397" HPOS="713"/>
<String CONTENT="2c." HEIGHT="41" WIDTH="65" VPOS="1397" HPOS="745"/>
<SP HEIGHT="29" WIDTH="28" VPOS="1409" HPOS="811"/>
<String CONTENT="and" HEIGHT="38" WIDTH="99" VPOS="1400" HPOS="840"/>
<SP HEIGHT="37" WIDTH="32" VPOS="1400" HPOS="940"/>
<String CONTENT="aff." HEIGHT="39" WIDTH="79" VPOS="1398" HPOS="973"/>
<SP HEIGHT="41" WIDTH="35" VPOS="1397" HPOS="1053"/>
<String CONTENT="July" HEIGHT="49" WIDTH="114" VPOS="1396" HPOS="1089"/>
<SP HEIGHT="46" WIDTH="30" VPOS="1398" HPOS="1204"/>
<String CONTENT="13:" HEIGHT="39" WIDTH="80" VPOS="1397" HPOS="1235"/>
<SP HEIGHT="38" WIDTH="34" VPOS="1398" HPOS="1316"/>
<!-- cceid C7463F63-6C64-1014-8713-889FF4349C01 --><String CONTENT="A" HEIGHT="38" WIDTH="41" VPOS="1398" HPOS="1351"/>
<SP HEIGHT="39" WIDTH="33" VPOS="1398" HPOS="1393"/>
<String CONTENT="73414;" HEIGHT="39" WIDTH="166" VPOS="1399" HPOS="1427"/>
<SP HEIGHT="39" WIDTH="36" VPOS="1399" HPOS="1594"/>
<String CONTENT="John" HEIGHT="39" WIDTH="128" VPOS="1399" HPOS="1631"/>
<SP HEIGHT="41" WIDTH="31" VPOS="1398" HPOS="1760"/>
<String CONTENT="C." HEIGHT="41" WIDTH="47" VPOS="1398" HPOS="1792"/>
<SP HEIGHT="36" WIDTH="35" VPOS="1401" HPOS="1840"/>
<String CONTENT="Winston" HEIGHT="42" WIDTH="222" VPOS="1398" HPOS="1876"/>
<SP HEIGHT="27" WIDTH="32" VPOS="1411" HPOS="2099"/>
<String CS="1" CONTENT="co.," HEIGHT="27" WIDTH="52" VPOS="1411" HPOS="2132"/>
</TextLine>
<TextLine HEIGHT="54" WIDTH="1778" VPOS="1452" HPOS="288">
<String CONTENT="Philadelphia." HEIGHT="49" WIDTH="352" VPOS="1454" HPOS="288"/>
<SP HEIGHT="29" WIDTH="62" VPOS="1474" HPOS="641"/>
<String CONTENT="[Copyright" HEIGHT="49" WIDTH="281" VPOS="1454" HPOS="704"/>
<SP HEIGHT="39" WIDTH="27" VPOS="1456" HPOS="986"/>
<String CONTENT="is" HEIGHT="38" WIDTH="40" VPOS="1456" HPOS="1014"/>
<SP HEIGHT="29" WIDTH="30" VPOS="1465" HPOS="1055"/>
<String CONTENT="claimed" HEIGHT="40" WIDTH="200" VPOS="1454" HPOS="1086"/>
<SP HEIGHT="38" WIDTH="31" VPOS="1455" HPOS="1287"/>
<String CONTENT="on" HEIGHT="28" WIDTH="59" VPOS="1465" HPOS="1319"/>
<SP HEIGHT="27" WIDTH="31" VPOS="1465" HPOS="1379"/>
<String CONTENT="revisions" HEIGHT="38" WIDTH="235" VPOS="1456" HPOS="1411"/>
<SP HEIGHT="29" WIDTH="30" VPOS="1466" HPOS="1647"/>
<String CONTENT="and" HEIGHT="38" WIDTH="94" VPOS="1457" HPOS="1678"/>
<SP HEIGHT="38" WIDTH="32" VPOS="1457" HPOS="1773"/>
<String CONTENT="additions]" HEIGHT="50" WIDTH="260" VPOS="1454" HPOS="1806"/>
</TextLine>
<TextLine HEIGHT="50" WIDTH="278" VPOS="1511" HPOS="300">
<String CONTENT="(34-34943)" HEIGHT="50" WIDTH="278" VPOS="1511" HPOS="300"/>
</TextLine>
<TextLine HEIGHT="69" WIDTH="1014" VPOS="1597" HPOS="221" STYLEREFS="StyleId-C1616083-2AD4-447D-9461-FF3CC5045B90-">
<String CONTENT="Newburgh," HEIGHT="68" WIDTH="360" VPOS="1598" HPOS="221"/>
<SP HEIGHT="63" WIDTH="28" VPOS="1602" HPOS="582"/>
<String CONTENT="Louis" HEIGHT="52" WIDTH="179" VPOS="1601" HPOS="611"/>
<SP HEIGHT="51" WIDTH="26" VPOS="1602" HPOS="791"/>
<String CONTENT="Harry," HEIGHT="63" WIDTH="215" VPOS="1602" HPOS="818"/>
<SP HEIGHT="57" WIDTH="33" VPOS="1608" HPOS="1034"/>
<String CONTENT="1883-" HEIGHT="51" WIDTH="167" VPOS="1603" HPOS="1068"/>
</TextLine>
<TextLine HEIGHT="72" WIDTH="1920" VPOS="1676" HPOS="290" STYLEREFS="StyleId-C1616083-2AD4-447D-9461-FF3CC5045B90-" CS="1">
<String CONTENT="The" HEIGHT="51" WIDTH="119" VPOS="1680" HPOS="290"/>
<SP HEIGHT="50" WIDTH="24" VPOS="1697" HPOS="410"/>
<String CONTENT="practice" HEIGHT="67" WIDTH="246" VPOS="1680" HPOS="434"/>
<SP HEIGHT="34" WIDTH="23" VPOS="1697" HPOS="680"/>
<String CONTENT="of" HEIGHT="53" WIDTH="65" VPOS="1678" HPOS="704"/>
<SP HEIGHT="53" WIDTH="22" VPOS="1678" HPOS="770"/>
<String CONTENT="dietetics," HEIGHT="66" WIDTH="274" VPOS="1678" HPOS="793"/>
<SP HEIGHT="66" WIDTH="23" VPOS="1678" HPOS="1067"/>
<String CONTENT="by" HEIGHT="67" WIDTH="75" VPOS="1678" HPOS="1090"/>
<SP HEIGHT="66" WIDTH="25" VPOS="1679" HPOS="1165"/>
<String LANG="fr" CONTENT="L." HEIGHT="51" WIDTH="62" VPOS="1679" HPOS="1190"/>
<SP HEIGHT="52" WIDTH="26" VPOS="1678" HPOS="1253"/>
<String CONTENT="H." HEIGHT="51" WIDTH="75" VPOS="1678" HPOS="1280"/>
<SP HEIGHT="50" WIDTH="25" VPOS="1679" HPOS="1356"/>
<String CONTENT="Newburgh" HEIGHT="68" WIDTH="326" VPOS="1678" HPOS="1382"/>
<SP HEIGHT="50" WIDTH="31" VPOS="1680" HPOS="1708"/>
<String CS="1" CONTENT="&#8230;"/>
<SP HEIGHT="32" WIDTH="32" VPOS="1700" HPOS="1794"/>
<String CONTENT="and" HEIGHT="52" WIDTH="111" VPOS="1681" HPOS="1827"/>
<SP HEIGHT="51" WIDTH="27" VPOS="1681" HPOS="1939"/>
<String CONTENT="Frances" HEIGHT="50" WIDTH="242" VPOS="1681" HPOS="1967"/>
</TextLine>
<TextLine HEIGHT="72" WIDTH="1857" VPOS="1753" HPOS="225" STYLEREFS="StyleId-C1616083-2AD4-447D-9461-FF3CC5045B90-" CS="1">
<String CONTENT="Mackinnon" HEIGHT="53" WIDTH="344" VPOS="1757" HPOS="225"/>
<SP HEIGHT="33" WIDTH="30" VPOS="1775" HPOS="570"/>
<String CS="1" CONTENT="&#8230;"/>
<SP HEIGHT="51" WIDTH="79" VPOS="1757" HPOS="656"/>
<String CONTENT="New" HEIGHT="52" WIDTH="136" VPOS="1757" HPOS="736"/>
<SP HEIGHT="52" WIDTH="27" VPOS="1756" HPOS="873"/>
<String CONTENT="York," HEIGHT="66" WIDTH="179" VPOS="1755" HPOS="901"/>
<SP HEIGHT="64" WIDTH="26" VPOS="1757" HPOS="1081"/>
<String CONTENT="The" HEIGHT="52" WIDTH="118" VPOS="1756" HPOS="1108"/>
<SP HEIGHT="51" WIDTH="23" VPOS="1756" HPOS="1227"/>
<String CONTENT="Macmillan" HEIGHT="53" WIDTH="332" VPOS="1755" HPOS="1251"/>
<SP HEIGHT="34" WIDTH="26" VPOS="1774" HPOS="1584"/>
<String CONTENT="company," HEIGHT="50" WIDTH="296" VPOS="1773" HPOS="1611"/>
<SP HEIGHT="58" WIDTH="27" VPOS="1762" HPOS="1908"/>
<String CONTENT="1934." HEIGHT="48" WIDTH="146" VPOS="1760" HPOS="1936"/>
</TextLine>
<TextLine HEIGHT="55" WIDTH="1909" VPOS="1826" HPOS="292" CS="1">
<String CONTENT="ix," HEIGHT="45" WIDTH="62" VPOS="1831" HPOS="292"/>
<SP HEIGHT="46" WIDTH="24" VPOS="1830" HPOS="355"/>
<String CONTENT="264" HEIGHT="40" WIDTH="84" VPOS="1829" HPOS="380"/>
<SP HEIGHT="45" WIDTH="22" VPOS="1831" HPOS="465"/>
<String CONTENT="p." HEIGHT="35" WIDTH="40" VPOS="1841" HPOS="488"/>
<SP HEIGHT="39" WIDTH="55" VPOS="1830" HPOS="529"/>
<String CONTENT="diagrs." HEIGHT="47" WIDTH="177" VPOS="1830" HPOS="585"/>
<SP HEIGHT="38" WIDTH="51" VPOS="1829" HPOS="763"/>
<String CS="1" CONTENT="22cm." HEIGHT="39" WIDTH="113" VPOS="1828" HPOS="815"/>
<SP HEIGHT="45" WIDTH="66" VPOS="1832" HPOS="929"/>
<String CONTENT="(Half-title:" HEIGHT="49" WIDTH="296" VPOS="1828" HPOS="996"/>
<SP HEIGHT="39" WIDTH="24" VPOS="1830" HPOS="1293"/>
<String CONTENT="Macmillan" HEIGHT="41" WIDTH="280" VPOS="1829" HPOS="1318"/>
<SP HEIGHT="30" WIDTH="27" VPOS="1840" HPOS="1599"/>
<String CONTENT="medical" HEIGHT="40" WIDTH="201" VPOS="1829" HPOS="1627"/>
<SP HEIGHT="38" WIDTH="27" VPOS="1831" HPOS="1829"/>
<String CONTENT="monographs)" HEIGHT="49" WIDTH="344" VPOS="1830" HPOS="1857"/>
</TextLine>
<TextLine HEIGHT="55" WIDTH="1707" VPOS="1880" HPOS="227" CS="1">
<String CONTENT="&#169;" HEIGHT="51" WIDTH="50" VPOS="1883" HPOS="227"/>
<SP HEIGHT="51" WIDTH="30" VPOS="1883" HPOS="278"/>
<String CONTENT="Oct." HEIGHT="40" WIDTH="100" VPOS="1888" HPOS="309"/>
<SP HEIGHT="40" WIDTH="28" VPOS="1888" HPOS="410"/>
<String CONTENT="16," HEIGHT="49" WIDTH="67" VPOS="1886" HPOS="439"/>
<SP HEIGHT="47" WIDTH="29" VPOS="1887" HPOS="507"/>
<String CS="1" CONTENT="1934;"/>
<SP HEIGHT="38" WIDTH="29" VPOS="1887" HPOS="678"/>
<String CONTENT="2c." HEIGHT="38" WIDTH="64" VPOS="1887" HPOS="708"/>
<SP HEIGHT="27" WIDTH="30" VPOS="1898" HPOS="773"/>
<String CONTENT="and" HEIGHT="37" WIDTH="92" VPOS="1888" HPOS="804"/>
<SP HEIGHT="37" WIDTH="30" VPOS="1888" HPOS="897"/>
<String CONTENT="aff." HEIGHT="41" WIDTH="80" VPOS="1886" HPOS="928"/>
<SP HEIGHT="41" WIDTH="30" VPOS="1886" HPOS="1009"/>
<String CONTENT="Oct." HEIGHT="40" WIDTH="101" VPOS="1886" HPOS="1040"/>
<SP HEIGHT="37" WIDTH="27" VPOS="1888" HPOS="1142"/>
<String CONTENT="17:" HEIGHT="39" WIDTH="79" VPOS="1887" HPOS="1170"/>
<SP HEIGHT="38" WIDTH="33" VPOS="1887" HPOS="1250"/>
<!-- cceid C7467538-6C64-1014-8713-889FF4349C01 --><String CONTENT="A" HEIGHT="37" WIDTH="39" VPOS="1887" HPOS="1284"/>
<SP HEIGHT="38" WIDTH="32" VPOS="1887" HPOS="1324"/>
<String CONTENT="76560;" HEIGHT="41" WIDTH="167" VPOS="1886" HPOS="1357"/>
<SP HEIGHT="40" WIDTH="32" VPOS="1887" HPOS="1525"/>
<String CONTENT="Macmillan" HEIGHT="39" WIDTH="277" VPOS="1887" HPOS="1558"/>
<SP HEIGHT="29" WIDTH="31" VPOS="1897" HPOS="1836"/>
<String CONTENT="co." HEIGHT="32" WIDTH="66" VPOS="1896" HPOS="1868"/>
</TextLine>
<TextLine HEIGHT="51" WIDTH="277" VPOS="1942" HPOS="304">
<String CONTENT="(34-35640)" HEIGHT="51" WIDTH="277" VPOS="1942" HPOS="304"/>
</TextLine>
<TextLine HEIGHT="66" WIDTH="1094" VPOS="2030" HPOS="223" STYLEREFS="StyleId-705BD66E-DB84-4310-8586-E19124A6ABB1-">
<String LANG="de" CONTENT="Nordhoff," HEIGHT="65" WIDTH="307" VPOS="2031" HPOS="223"/>
<SP HEIGHT="62" WIDTH="32" VPOS="2033" HPOS="531"/>
<String LANG="en-US" CONTENT="Charles" HEIGHT="53" WIDTH="243" VPOS="2033" HPOS="564"/>
<SP HEIGHT="52" WIDTH="27" VPOS="2034" HPOS="808"/>
<String LANG="en-US" CONTENT="Bernard," HEIGHT="61" WIDTH="283" VPOS="2034" HPOS="836"/>
<SP HEIGHT="55" WIDTH="34" VPOS="2040" HPOS="1120"/>
<String LANG="en-US" CONTENT="1887-" HEIGHT="51" WIDTH="162" VPOS="2036" HPOS="1155"/>
</TextLine>
<TextLine HEIGHT="72" WIDTH="1913" VPOS="2105" HPOS="289" STYLEREFS="StyleId-C1616083-2AD4-447D-9461-FF3CC5045B90-">
<String CONTENT="Pitcairn&#8217;s" HEIGHT="56" WIDTH="304" VPOS="2107" HPOS="289"/>
<SP HEIGHT="53" WIDTH="38" VPOS="2109" HPOS="594"/>
<String CONTENT="island," HEIGHT="67" WIDTH="202" VPOS="2109" HPOS="633"/>
<SP HEIGHT="66" WIDTH="35" VPOS="2110" HPOS="836"/>
<String CONTENT="by" HEIGHT="66" WIDTH="72" VPOS="2110" HPOS="872"/>
<SP HEIGHT="66" WIDTH="37" VPOS="2110" HPOS="945"/>
<String CONTENT="Charles" HEIGHT="57" WIDTH="233" VPOS="2108" HPOS="983"/>
<SP HEIGHT="50" WIDTH="38" VPOS="2112" HPOS="1217"/>
<String LANG="de" CONTENT="Nordhoff" HEIGHT="53" WIDTH="281" VPOS="2109" HPOS="1256"/>
<SP HEIGHT="54" WIDTH="37" VPOS="2109" HPOS="1538"/>
<String CONTENT="and" HEIGHT="52" WIDTH="107" VPOS="2111" HPOS="1576"/>
<SP HEIGHT="54" WIDTH="39" VPOS="2111" HPOS="1684"/>
<String CONTENT="James" HEIGHT="54" WIDTH="192" VPOS="2111" HPOS="1724"/>
<SP HEIGHT="52" WIDTH="36" VPOS="2111" HPOS="1917"/>
<String CONTENT="Norman" HEIGHT="51" WIDTH="248" VPOS="2111" HPOS="1954"/>
</TextLine>
<TextLine HEIGHT="71" WIDTH="1590" VPOS="2185" HPOS="222" STYLEREFS="StyleId-C1616083-2AD4-447D-9461-FF3CC5045B90-">
<String CONTENT="Hall." HEIGHT="54" WIDTH="153" VPOS="2187" HPOS="222"/>
<SP HEIGHT="51" WIDTH="75" VPOS="2190" HPOS="376"/>
<String CONTENT="Boston." HEIGHT="52" WIDTH="231" VPOS="2189" HPOS="452"/>
<SP HEIGHT="51" WIDTH="28" VPOS="2188" HPOS="684"/>
<String CONTENT="Little." HEIGHT="57" WIDTH="193" VPOS="2187" HPOS="713"/>
<SP HEIGHT="55" WIDTH="29" VPOS="2189" HPOS="907"/>
<String CONTENT="Brown," HEIGHT="56" WIDTH="228" VPOS="2189" HPOS="937"/>
<SP HEIGHT="39" WIDTH="28" VPOS="2206" HPOS="1166"/>
<String CONTENT="and" HEIGHT="52" WIDTH="109" VPOS="2188" HPOS="1195"/>
<SP HEIGHT="52" WIDTH="31" VPOS="2188" HPOS="1305"/>
<String CONTENT="company," HEIGHT="50" WIDTH="296" VPOS="2204" HPOS="1337"/>
<SP HEIGHT="47" WIDTH="31" VPOS="2195" HPOS="1634"/>
<String CONTENT="1934." HEIGHT="49" WIDTH="146" VPOS="2191" HPOS="1666"/>
</TextLine>
<TextLine HEIGHT="62" WIDTH="595" VPOS="2247" HPOS="295" CS="1">
<String CONTENT="viii." HEIGHT="44" WIDTH="98" VPOS="2257" HPOS="295"/>
<SP HEIGHT="42" WIDTH="29" VPOS="2259" HPOS="394"/>
<String CONTENT="333," HEIGHT="48" WIDTH="98" VPOS="2258" HPOS="424"/>
<SP HEIGHT="29" WIDTH="33" VPOS="2278" HPOS="523"/>
<String CS="1" CONTENT="[4]" HEIGHT="45" WIDTH="39" VPOS="2262" HPOS="557"/>
<SP HEIGHT="38" WIDTH="31" VPOS="2270" HPOS="612"/>
<String CS="1" CONTENT="p." HEIGHT="37" WIDTH="28" VPOS="2270" HPOS="644"/>
<SP HEIGHT="50" WIDTH="59" VPOS="2247" HPOS="686"/>
<String CS="1" CONTENT="21&#189;c" HEIGHT="38" WIDTH="26" VPOS="2259" HPOS="746"/>
<String STYLE="superscript" CONTENT="m" HEIGHT="20" WIDTH="26" VPOS="2262" HPOS="850"/>
<String CONTENT="." HEIGHT="6" WIDTH="7" VPOS="2292" HPOS="883"/>
</TextLine>
<TextLine HEIGHT="50" WIDTH="617" VPOS="2314" HPOS="294">
<String CONTENT="Maps" HEIGHT="48" WIDTH="141" VPOS="2315" HPOS="294"/>
<SP HEIGHT="31" WIDTH="27" VPOS="2326" HPOS="436"/>
<String CONTENT="on" HEIGHT="29" WIDTH="58" VPOS="2326" HPOS="464"/>
<SP HEIGHT="39" WIDTH="27" VPOS="2316" HPOS="523"/>
<String CONTENT="lining-papers." HEIGHT="48" WIDTH="360" VPOS="2315" HPOS="551"/>
</TextLine>
<TextLine HEIGHT="51" WIDTH="743" VPOS="2370" HPOS="297">
<String CONTENT="Bibliography:" HEIGHT="50" WIDTH="372" VPOS="2370" HPOS="297"/>
<SP HEIGHT="36" WIDTH="29" VPOS="2383" HPOS="670"/>
<String CONTENT="p." HEIGHT="36" WIDTH="39" VPOS="2383" HPOS="700"/>
<SP HEIGHT="28" WIDTH="32" VPOS="2392" HPOS="740"/>
<String CONTENT="[4]" HEIGHT="46" WIDTH="53" VPOS="2374" HPOS="773"/>
<SP HEIGHT="37" WIDTH="29" VPOS="2383" HPOS="827"/>
<String CONTENT="at" HEIGHT="36" WIDTH="51" VPOS="2376" HPOS="857"/>
<SP HEIGHT="36" WIDTH="27" VPOS="2376" HPOS="909"/>
<String CONTENT="end." HEIGHT="38" WIDTH="103" VPOS="2373" HPOS="937"/>
</TextLine>
<TextLine HEIGHT="54" WIDTH="1980" VPOS="2422" HPOS="228" CS="1">
<String CONTENT="&#169;" HEIGHT="51" WIDTH="51" VPOS="2425" HPOS="228"/>
<SP HEIGHT="51" WIDTH="37" VPOS="2425" HPOS="279"/>
<String CONTENT="Nov." HEIGHT="39" WIDTH="116" VPOS="2431" HPOS="316"/>
<SP HEIGHT="40" WIDTH="36" VPOS="2430" HPOS="432"/>
<String CONTENT="2." HEIGHT="39" WIDTH="39" VPOS="2430" HPOS="468"/>
<SP HEIGHT="38" WIDTH="37" VPOS="2431" HPOS="507"/>
<String CS="1" CONTENT="1934;"/>
<SP HEIGHT="40" WIDTH="37" VPOS="2429" HPOS="684"/>
<String CONTENT="2c." HEIGHT="40" WIDTH="67" VPOS="2429" HPOS="721"/>
<SP HEIGHT="28" WIDTH="37" VPOS="2440" HPOS="788"/>
<String CONTENT="and" HEIGHT="38" WIDTH="95" VPOS="2431" HPOS="825"/>
<SP HEIGHT="38" WIDTH="39" VPOS="2431" HPOS="920"/>
<String CONTENT="aff." HEIGHT="41" WIDTH="82" VPOS="2429" HPOS="959"/>
<SP HEIGHT="40" WIDTH="34" VPOS="2430" HPOS="1041"/>
<String CONTENT="Nov." HEIGHT="40" WIDTH="115" VPOS="2429" HPOS="1075"/>
<SP HEIGHT="37" WIDTH="41" VPOS="2432" HPOS="1190"/>
<String CONTENT="7:" HEIGHT="37" WIDTH="49" VPOS="2432" HPOS="1231"/>
<SP HEIGHT="37" WIDTH="40" VPOS="2431" HPOS="1280"/>
<!-- cceid C746AFEF-6C64-1014-8713-889FF4349C01 --><String CONTENT="A" HEIGHT="37" WIDTH="39" VPOS="2431" HPOS="1320"/>
<SP HEIGHT="38" WIDTH="36" VPOS="2431" HPOS="1359"/>
<String CONTENT="76973:" HEIGHT="38" WIDTH="169" VPOS="2431" HPOS="1395"/>
<SP HEIGHT="39" WIDTH="39" VPOS="2431" HPOS="1564"/>
<String CONTENT="Charles" HEIGHT="39" WIDTH="202" VPOS="2431" HPOS="1603"/>
<SP HEIGHT="37" WIDTH="37" VPOS="2432" HPOS="1805"/>
<String LANG="de" CONTENT="Nordhoff" HEIGHT="39" WIDTH="239" VPOS="2430" HPOS="1842"/>
<SP HEIGHT="38" WIDTH="34" VPOS="2430" HPOS="2081"/>
<String CONTENT="and" HEIGHT="38" WIDTH="93" VPOS="2431" HPOS="2115"/>
</TextLine>
<TextLine HEIGHT="48" WIDTH="1471" VPOS="2485" HPOS="294">
<String CONTENT="James" HEIGHT="39" WIDTH="164" VPOS="2487" HPOS="294"/>
<SP HEIGHT="39" WIDTH="26" VPOS="2486" HPOS="459"/>
<String CONTENT="Norman" HEIGHT="38" WIDTH="211" VPOS="2486" HPOS="486"/>
<SP HEIGHT="37" WIDTH="28" VPOS="2487" HPOS="698"/>
<String CONTENT="Hall." HEIGHT="38" WIDTH="128" VPOS="2487" HPOS="727"/>
<SP HEIGHT="38" WIDTH="26" VPOS="2487" HPOS="856"/>
<String CONTENT="Papeete." HEIGHT="45" WIDTH="221" VPOS="2487" HPOS="883"/>
<SP HEIGHT="39" WIDTH="27" VPOS="2487" HPOS="1105"/>
<String CONTENT="Tahiti." HEIGHT="41" WIDTH="177" VPOS="2486" HPOS="1133"/>
<SP HEIGHT="39" WIDTH="31" VPOS="2487" HPOS="1311"/>
<String CONTENT="Society" HEIGHT="39" WIDTH="190" VPOS="2487" HPOS="1343"/>
<SP HEIGHT="37" WIDTH="26" VPOS="2488" HPOS="1534"/>
<String CONTENT="Islands." HEIGHT="38" WIDTH="204" VPOS="2488" HPOS="1561"/>
</TextLine>
<TextLine HEIGHT="48" WIDTH="277" VPOS="2542" HPOS="305">
<String CONTENT="(34-28424)" HEIGHT="48" WIDTH="277" VPOS="2542" HPOS="305"/>
</TextLine>
<TextLine HEIGHT="69" WIDTH="1641" VPOS="2628" HPOS="224" STYLEREFS="StyleId-705BD66E-DB84-4310-8586-E19124A6ABB1-">
<String CONTENT="Norton," HEIGHT="68" WIDTH="246" VPOS="2629" HPOS="224"/>
<SP HEIGHT="63" WIDTH="27" VPOS="2633" HPOS="471"/>
<String CONTENT="Hon." HEIGHT="51" WIDTH="151" VPOS="2633" HPOS="499"/>
<SP HEIGHT="50" WIDTH="31" VPOS="2634" HPOS="651"/>
<String CONTENT="Mrs." HEIGHT="51" WIDTH="137" VPOS="2634" HPOS="683"/>
<SP HEIGHT="53" WIDTH="33" VPOS="2633" HPOS="821"/>
<String CONTENT="Caroline" HEIGHT="54" WIDTH="265" VPOS="2632" HPOS="855"/>
<SP HEIGHT="61" WIDTH="30" VPOS="2635" HPOS="1121"/>
<String CONTENT="(Sheridan)" HEIGHT="65" WIDTH="349" VPOS="2631" HPOS="1152"/>
<SP HEIGHT="61" WIDTH="41" VPOS="2634" HPOS="1502"/>
<String CONTENT="1808-1877." HEIGHT="52" WIDTH="321" VPOS="2636" HPOS="1544"/>
</TextLine>
<TextLine HEIGHT="61" WIDTH="1918" VPOS="2703" HPOS="293" STYLEREFS="StyleId-C1616083-2AD4-447D-9461-FF3CC5045B90-">
<String CONTENT="Some" HEIGHT="56" WIDTH="164" VPOS="2706" HPOS="293"/>
<SP HEIGHT="35" WIDTH="30" VPOS="2726" HPOS="458"/>
<String CONTENT="unrecorded" HEIGHT="51" WIDTH="343" VPOS="2709" HPOS="489"/>
<SP HEIGHT="51" WIDTH="32" VPOS="2709" HPOS="833"/>
<String CONTENT="letters" HEIGHT="51" WIDTH="193" VPOS="2709" HPOS="866"/>
<SP HEIGHT="34" WIDTH="29" VPOS="2726" HPOS="1060"/>
<String CONTENT="of" HEIGHT="51" WIDTH="63" VPOS="2709" HPOS="1090"/>
<SP HEIGHT="54" WIDTH="29" VPOS="2708" HPOS="1154"/>
<String CONTENT="Caroline" HEIGHT="53" WIDTH="264" VPOS="2708" HPOS="1184"/>
<SP HEIGHT="51" WIDTH="30" VPOS="2710" HPOS="1449"/>
<String CONTENT="Norton" HEIGHT="51" WIDTH="222" VPOS="2710" HPOS="1480"/>
<SP HEIGHT="50" WIDTH="27" VPOS="2710" HPOS="1703"/>
<String CONTENT="in" HEIGHT="51" WIDTH="60" VPOS="2710" HPOS="1731"/>
<SP HEIGHT="44" WIDTH="28" VPOS="2717" HPOS="1792"/>
<String CONTENT="the" HEIGHT="53" WIDTH="92" VPOS="2709" HPOS="1821"/>
<SP HEIGHT="51" WIDTH="32" VPOS="2710" HPOS="1914"/>
<String LANG="de" CONTENT="Altschul" HEIGHT="52" WIDTH="264" VPOS="2709" HPOS="1947"/>
</TextLine>
<TextLine HEIGHT="73" WIDTH="1987" VPOS="2783" HPOS="222" STYLEREFS="StyleId-C1616083-2AD4-447D-9461-FF3CC5045B90-">
<String CONTENT="collection" HEIGHT="53" WIDTH="293" VPOS="2785" HPOS="222"/>
<SP HEIGHT="33" WIDTH="31" VPOS="2804" HPOS="516"/>
<String CONTENT="of" HEIGHT="52" WIDTH="63" VPOS="2785" HPOS="548"/>
<SP HEIGHT="53" WIDTH="29" VPOS="2785" HPOS="612"/>
<String CONTENT="the" HEIGHT="52" WIDTH="94" VPOS="2786" HPOS="642"/>
<SP HEIGHT="51" WIDTH="35" VPOS="2786" HPOS="737"/>
<String CONTENT="Yale" HEIGHT="52" WIDTH="140" VPOS="2786" HPOS="773"/>
<SP HEIGHT="34" WIDTH="30" VPOS="2804" HPOS="914"/>
<String CONTENT="university" HEIGHT="68" WIDTH="316" VPOS="2786" HPOS="945"/>
<SP HEIGHT="67" WIDTH="29" VPOS="2786" HPOS="1262"/>
<String CONTENT="library," HEIGHT="69" WIDTH="237" VPOS="2785" HPOS="1292"/>
<SP HEIGHT="66" WIDTH="32" VPOS="2787" HPOS="1530"/>
<String CONTENT="by" HEIGHT="67" WIDTH="71" VPOS="2787" HPOS="1563"/>
<SP HEIGHT="67" WIDTH="34" VPOS="2787" HPOS="1635"/>
<String CONTENT="Bertha" HEIGHT="51" WIDTH="215" VPOS="2787" HPOS="1670"/>
<SP HEIGHT="55" WIDTH="34" VPOS="2785" HPOS="1886"/>
<String CONTENT="Coolidge." HEIGHT="68" WIDTH="288" VPOS="2785" HPOS="1921"/>
</TextLine>
<TextLine HEIGHT="74" WIDTH="1979" VPOS="2860" HPOS="229" STYLEREFS="StyleId-C1616083-2AD4-447D-9461-FF3CC5045B90-">
<String CONTENT="[Boston]" HEIGHT="69" WIDTH="251" VPOS="2862" HPOS="229"/>
<SP HEIGHT="66" WIDTH="38" VPOS="2864" HPOS="481"/>
<String CONTENT="Priv." HEIGHT="52" WIDTH="156" VPOS="2863" HPOS="520"/>
<SP HEIGHT="50" WIDTH="36" VPOS="2881" HPOS="677"/>
<String CONTENT="print." HEIGHT="68" WIDTH="169" VPOS="2863" HPOS="714"/>
<SP HEIGHT="32" WIDTH="44" VPOS="2897" HPOS="884"/>
<String LANG="fr" CONTENT="[D." HEIGHT="66" WIDTH="88" VPOS="2863" HPOS="929"/>
<SP HEIGHT="51" WIDTH="37" VPOS="2864" HPOS="1018"/>
<String CONTENT="B." HEIGHT="51" WIDTH="65" VPOS="2864" HPOS="1056"/>
<SP HEIGHT="52" WIDTH="35" VPOS="2864" HPOS="1122"/>
<String CONTENT="Updike," HEIGHT="68" WIDTH="248" VPOS="2863" HPOS="1158"/>
<SP HEIGHT="55" WIDTH="37" VPOS="2865" HPOS="1407"/>
<String CONTENT="The" HEIGHT="51" WIDTH="118" VPOS="2865" HPOS="1445"/>
<SP HEIGHT="52" WIDTH="36" VPOS="2864" HPOS="1564"/>
<String CONTENT="Merrymount" HEIGHT="69" WIDTH="397" VPOS="2863" HPOS="1601"/>
<SP HEIGHT="58" WIDTH="35" VPOS="2872" HPOS="1999"/>
<String CONTENT="press]" HEIGHT="50" WIDTH="173" VPOS="2880" HPOS="2035"/>
</TextLine>
<TextLine HEIGHT="49" WIDTH="147" VPOS="2944" HPOS="228" STYLEREFS="StyleId-C1616083-2AD4-447D-9461-FF3CC5045B90-">
<String CONTENT="1934." HEIGHT="49" WIDTH="147" VPOS="2944" HPOS="228"/>
</TextLine>
<TextLine HEIGHT="50" WIDTH="751" VPOS="3012" HPOS="292" CS="1">
<String LANG="en-US" CONTENT="2" HEIGHT="38" WIDTH="25" VPOS="3013" HPOS="292"/>
<SP/>
<String LANG="fr" CONTENT="p." HEIGHT="36" WIDTH="41" VPOS="3024" HPOS="345"/>
<SP HEIGHT="38" WIDTH="28" VPOS="3015" HPOS="387"/>
<String LANG="en-US" CS="1" CONTENT="l.," HEIGHT="38" WIDTH="14" VPOS="3015" HPOS="416"/>
<SP HEIGHT="44" WIDTH="28" VPOS="3013" HPOS="460"/>
<String LANG="en-US" CONTENT="25." HEIGHT="40" WIDTH="68" VPOS="3013" HPOS="489"/>
<SP HEIGHT="28" WIDTH="33" VPOS="3033" HPOS="558"/>
<String LANG="en-US" CONTENT="[1]" HEIGHT="47" WIDTH="53" VPOS="3014" HPOS="592"/>
<SP HEIGHT="38" WIDTH="25" VPOS="3023" HPOS="646"/>
<String LANG="fr" CS="1" CONTENT="p.," HEIGHT="37" WIDTH="29" VPOS="3023" HPOS="672"/>
<SP HEIGHT="37" WIDTH="29" VPOS="3014" HPOS="729"/>
<String LANG="en-US" CONTENT="1" HEIGHT="37" WIDTH="23" VPOS="3014" HPOS="759"/>
<SP HEIGHT="37" WIDTH="28" VPOS="3014" HPOS="783"/>
<String LANG="en-US" CONTENT="1." HEIGHT="38" WIDTH="27" VPOS="3014" HPOS="812"/>
<SP HEIGHT="40" WIDTH="59" VPOS="3012" HPOS="840"/>
<String LANG="en-US" CS="1" CONTENT="27&#189;cm." HEIGHT="40" WIDTH="143" VPOS="3012" HPOS="900"/>
</TextLine>
<TextLine HEIGHT="50" WIDTH="797" VPOS="3068" HPOS="300">
<String CONTENT="&#8220;Seventy-five" HEIGHT="50" WIDTH="347" VPOS="3068" HPOS="300"/>
<SP HEIGHT="30" WIDTH="27" VPOS="3080" HPOS="648"/>
<String CONTENT="copies" HEIGHT="45" WIDTH="156" VPOS="3071" HPOS="676"/>
<SP HEIGHT="37" WIDTH="27" VPOS="3079" HPOS="833"/>
<String CONTENT="printed.&#8221;" HEIGHT="47" WIDTH="236" VPOS="3069" HPOS="861"/>
</TextLine>
<TextLine HEIGHT="56" WIDTH="1983" VPOS="3122" HPOS="237" CS="1">
<String CONTENT="&#169;" HEIGHT="51" WIDTH="51" VPOS="3125" HPOS="237"/>
<SP HEIGHT="51" WIDTH="32" VPOS="3125" HPOS="288"/>
<String CONTENT="May" HEIGHT="45" WIDTH="113" VPOS="3131" HPOS="320"/>
<SP HEIGHT="45" WIDTH="24" VPOS="3131" HPOS="433"/>
<String CONTENT="2." HEIGHT="39" WIDTH="41" VPOS="3130" HPOS="457"/>
<SP HEIGHT="37" WIDTH="31" VPOS="3131" HPOS="498"/>
<String CS="1" CONTENT="1934;"/>
<SP HEIGHT="34" WIDTH="31" VPOS="3134" HPOS="669"/>
<String CS="1" CONTENT="2c." HEIGHT="34" WIDTH="67" VPOS="3134" HPOS="700"/>
<SP HEIGHT="28" WIDTH="31" VPOS="3140" HPOS="767"/>
<String CONTENT="and" HEIGHT="38" WIDTH="91" VPOS="3129" HPOS="798"/>
<SP HEIGHT="37" WIDTH="31" VPOS="3129" HPOS="890"/>
<String CONTENT="aff." HEIGHT="38" WIDTH="78" VPOS="3128" HPOS="922"/>
<SP HEIGHT="37" WIDTH="33" VPOS="3129" HPOS="1001"/>
<String CONTENT="May" HEIGHT="45" WIDTH="113" VPOS="3129" HPOS="1035"/>
<SP HEIGHT="44" WIDTH="29" VPOS="3130" HPOS="1148"/>
<String CONTENT="14:" HEIGHT="37" WIDTH="80" VPOS="3130" HPOS="1177"/>
<SP HEIGHT="37" WIDTH="35" VPOS="3130" HPOS="1257"/>
<!-- cceid C746E622-6C64-1014-8713-889FF4349C01 --><String CONTENT="A" HEIGHT="37" WIDTH="39" VPOS="3130" HPOS="1292"/>
<SP HEIGHT="37" WIDTH="31" VPOS="3130" HPOS="1331"/>
<String CONTENT="71609:" HEIGHT="40" WIDTH="167" VPOS="3128" HPOS="1362"/>
<SP HEIGHT="38" WIDTH="33" VPOS="3130" HPOS="1529"/>
<String CONTENT="Yale" HEIGHT="39" WIDTH="120" VPOS="3130" HPOS="1562"/>
<SP HEIGHT="28" WIDTH="31" VPOS="3141" HPOS="1682"/>
<String CONTENT="univ." HEIGHT="39" WIDTH="127" VPOS="3129" HPOS="1713"/>
<SP HEIGHT="37" WIDTH="33" VPOS="3130" HPOS="1840"/>
<String CONTENT="library," HEIGHT="48" WIDTH="199" VPOS="3128" HPOS="1873"/>
<SP HEIGHT="46" WIDTH="29" VPOS="3129" HPOS="2072"/>
<String CONTENT="New" HEIGHT="38" WIDTH="119" VPOS="3129" HPOS="2101"/>
</TextLine>
<TextLine HEIGHT="42" WIDTH="533" VPOS="3185" HPOS="303">
<String CONTENT="Haven." HEIGHT="38" WIDTH="181" VPOS="3187" HPOS="303"/>
<SP HEIGHT="36" WIDTH="72" VPOS="3190" HPOS="485"/>
<String CONTENT="(34-35667)" HEIGHT="41" WIDTH="278" VPOS="3185" HPOS="558"/>
</TextLine>
<TextLine HEIGHT="67" WIDTH="505" VPOS="3259" HPOS="225" STYLEREFS="StyleId-705BD66E-DB84-4310-8586-E19124A6ABB1-">
<String CONTENT="Orwell," HEIGHT="65" WIDTH="227" VPOS="3260" HPOS="225"/>
<SP HEIGHT="64" WIDTH="32" VPOS="3261" HPOS="453"/>
<String CONTENT="George." HEIGHT="64" WIDTH="244" VPOS="3261" HPOS="486"/>
</TextLine>
<TextLine HEIGHT="72" WIDTH="1913" VPOS="3335" HPOS="299" STYLEREFS="StyleId-C1616083-2AD4-447D-9461-FF3CC5045B90-" CS="1">
<String CONTENT="Burmese" HEIGHT="53" WIDTH="264" VPOS="3338" HPOS="299"/>
<SP HEIGHT="52" WIDTH="36" VPOS="3338" HPOS="564"/>
<String CS="1" CONTENT="days;" HEIGHT="66" WIDTH="168" VPOS="3338" HPOS="601"/>
<SP HEIGHT="48" WIDTH="38" VPOS="3356" HPOS="770"/>
<String CONTENT="a" HEIGHT="33" WIDTH="31" VPOS="3356" HPOS="809"/>
<SP HEIGHT="34" WIDTH="34" VPOS="3356" HPOS="841"/>
<String CONTENT="novel," HEIGHT="66" WIDTH="182" VPOS="3337" HPOS="876"/>
<SP HEIGHT="66" WIDTH="34" VPOS="3337" HPOS="1059"/>
<String CONTENT="by" HEIGHT="66" WIDTH="74" VPOS="3337" HPOS="1094"/>
<SP HEIGHT="67" WIDTH="36" VPOS="3336" HPOS="1169"/>
<String CONTENT="George" HEIGHT="69" WIDTH="219" VPOS="3336" HPOS="1206"/>
<SP HEIGHT="55" WIDTH="39" VPOS="3337" HPOS="1426"/>
<String CONTENT="Orwell" HEIGHT="55" WIDTH="213" VPOS="3337" HPOS="1466"/>
<SP HEIGHT="50" WIDTH="43" VPOS="3339" HPOS="1680"/>
<String CS="1" CONTENT="&#8230;"/>
<SP HEIGHT="51" WIDTH="79" VPOS="3338" HPOS="1779"/>
<String CONTENT="New" HEIGHT="53" WIDTH="135" VPOS="3337" HPOS="1859"/>
<SP HEIGHT="51" WIDTH="38" VPOS="3337" HPOS="1995"/>
<String CONTENT="York," HEIGHT="56" WIDTH="178" VPOS="3335" HPOS="2034"/>
</TextLine>
<TextLine HEIGHT="68" WIDTH="786" VPOS="3415" HPOS="228" STYLEREFS="StyleId-C1616083-2AD4-447D-9461-FF3CC5045B90-">
<String CONTENT="Harper" HEIGHT="67" WIDTH="225" VPOS="3416" HPOS="228"/>
<SP HEIGHT="50" WIDTH="27" VPOS="3418" HPOS="454"/>
<String CONTENT="&amp;" HEIGHT="49" WIDTH="49" VPOS="3418" HPOS="482"/>
<SP HEIGHT="52" WIDTH="28" VPOS="3415" HPOS="532"/>
<String CONTENT="brothers," HEIGHT="66" WIDTH="275" VPOS="3415" HPOS="561"/>
<SP HEIGHT="63" WIDTH="29" VPOS="3418" HPOS="837"/>
<String CONTENT="1934." HEIGHT="49" WIDTH="147" VPOS="3417" HPOS="867"/>
</TextLine>
<TextLine HEIGHT="61" WIDTH="513" VPOS="3474" HPOS="306" CS="1">
<String CONTENT="3" HEIGHT="39" WIDTH="25" VPOS="3488" HPOS="306"/>
<SP/>
<String CONTENT="p." HEIGHT="37" WIDTH="41" VPOS="3496" HPOS="357"/>
<SP HEIGHT="52" WIDTH="15" VPOS="3475" HPOS="399"/>
<String CS="1" CONTENT="l.,"/>
<SP HEIGHT="43" WIDTH="23" VPOS="3487" HPOS="469"/>
<String CONTENT="371" HEIGHT="40" WIDTH="83" VPOS="3487" HPOS="493"/>
<SP HEIGHT="45" WIDTH="25" VPOS="3489" HPOS="577"/>
<String CONTENT="p." HEIGHT="36" WIDTH="41" VPOS="3498" HPOS="603"/>
<SP HEIGHT="40" WIDTH="59" VPOS="3487" HPOS="645"/>
<String CONTENT="21" HEIGHT="38" WIDTH="53" VPOS="3487" HPOS="705"/>
<String STYLE="superscript" CONTENT="cm" HEIGHT="21" WIDTH="42" VPOS="3489" HPOS="763"/>
<String CONTENT="." HEIGHT="7" WIDTH="7" VPOS="3520" HPOS="812"/>
</TextLine>
<TextLine HEIGHT="41" WIDTH="414" VPOS="3543" HPOS="308">
<String CONTENT="&#8220;First" HEIGHT="40" WIDTH="158" VPOS="3543" HPOS="308"/>
<SP HEIGHT="35" WIDTH="30" VPOS="3547" HPOS="467"/>
<String CONTENT="edition.&#8221;" HEIGHT="40" WIDTH="224" VPOS="3543" HPOS="498"/>
</TextLine>
<TextLine HEIGHT="54" WIDTH="1977" VPOS="3595" HPOS="230" CS="1">
<String CONTENT="&#169;" HEIGHT="50" WIDTH="50" VPOS="3598" HPOS="230"/>
<SP HEIGHT="50" WIDTH="32" VPOS="3598" HPOS="281"/>
<String CS="1" CONTENT="Oct." HEIGHT="39" WIDTH="98" VPOS="3602" HPOS="314"/>
<SP HEIGHT="38" WIDTH="32" VPOS="3602" HPOS="413"/>
<String CONTENT="25." HEIGHT="41" WIDTH="67" VPOS="3601" HPOS="446"/>
<SP HEIGHT="37" WIDTH="31" VPOS="3604" HPOS="514"/>
<String CS="1" CONTENT="1934;"/>
<SP HEIGHT="35" WIDTH="33" VPOS="3605" HPOS="685"/>
<String CONTENT="2c." HEIGHT="36" WIDTH="64" VPOS="3605" HPOS="719"/>
<SP HEIGHT="41" WIDTH="33" VPOS="3600" HPOS="784"/>
<String CONTENT="Oct." HEIGHT="40" WIDTH="100" VPOS="3600" HPOS="818"/>
<SP HEIGHT="40" WIDTH="30" VPOS="3599" HPOS="919"/>
<String CONTENT="23:" HEIGHT="40" WIDTH="80" VPOS="3599" HPOS="950"/>
<SP HEIGHT="29" WIDTH="32" VPOS="3610" HPOS="1031"/>
<String CONTENT="aff." HEIGHT="40" WIDTH="80" VPOS="3600" HPOS="1064"/>
<SP HEIGHT="41" WIDTH="34" VPOS="3599" HPOS="1145"/>
<String CONTENT="Oct." HEIGHT="40" WIDTH="99" VPOS="3599" HPOS="1180"/>
<SP HEIGHT="39" WIDTH="30" VPOS="3599" HPOS="1280"/>
<String CONTENT="27:" HEIGHT="40" WIDTH="80" VPOS="3599" HPOS="1311"/>
<SP HEIGHT="38" WIDTH="35" VPOS="3601" HPOS="1392"/>
<!-- cceid C7472071-6C64-1014-8713-889FF4349C01 --><String CONTENT="A" HEIGHT="37" WIDTH="37" VPOS="3601" HPOS="1428"/>
<SP HEIGHT="38" WIDTH="31" VPOS="3601" HPOS="1466"/>
<String CONTENT="75972:" HEIGHT="42" WIDTH="168" VPOS="3600" HPOS="1498"/>
<SP HEIGHT="40" WIDTH="34" VPOS="3602" HPOS="1667"/>
<String CONTENT="Eric" HEIGHT="38" WIDTH="110" VPOS="3602" HPOS="1702"/>
<SP HEIGHT="39" WIDTH="31" VPOS="3601" HPOS="1813"/>
<String CONTENT="Blair," HEIGHT="48" WIDTH="150" VPOS="3599" HPOS="1845"/>
<SP HEIGHT="47" WIDTH="33" VPOS="3599" HPOS="1996"/>
<String CONTENT="Hayes," HEIGHT="47" WIDTH="177" VPOS="3599" HPOS="2030"/>
</TextLine>
<TextLine HEIGHT="53" WIDTH="898" VPOS="3653" HPOS="302">
<String CONTENT="Middlesex," HEIGHT="44" WIDTH="278" VPOS="3657" HPOS="302"/>
<SP HEIGHT="42" WIDTH="38" VPOS="3658" HPOS="581"/>
<String CONTENT="England." HEIGHT="47" WIDTH="232" VPOS="3658" HPOS="620"/>
<SP HEIGHT="44" WIDTH="70" VPOS="3656" HPOS="853"/>
<String CONTENT="(34-35694)" HEIGHT="47" WIDTH="276" VPOS="3653" HPOS="924"/>
</TextLine>
<TextLine HEIGHT="66" WIDTH="911" VPOS="3730" HPOS="229" STYLEREFS="StyleId-C1616083-2AD4-447D-9461-FF3CC5045B90-">
<String CONTENT="Palou," HEIGHT="65" WIDTH="197" VPOS="3731" HPOS="229"/>
<SP HEIGHT="61" WIDTH="30" VPOS="3735" HPOS="427"/>
<String CONTENT="Francisco," HEIGHT="64" WIDTH="328" VPOS="3732" HPOS="458"/>
<SP HEIGHT="56" WIDTH="32" VPOS="3739" HPOS="787"/>
<String CONTENT="1723-1789." HEIGHT="53" WIDTH="320" VPOS="3732" HPOS="820"/>
</TextLine>
<TextLine HEIGHT="70" WIDTH="1912" VPOS="3805" HPOS="301" STYLEREFS="StyleId-C1616083-2AD4-447D-9461-FF3CC5045B90-">
<String CONTENT="The" HEIGHT="52" WIDTH="118" VPOS="3808" HPOS="301"/>
<SP HEIGHT="33" WIDTH="25" VPOS="3827" HPOS="420"/>
<String CONTENT="expedition" HEIGHT="67" WIDTH="326" VPOS="3808" HPOS="446"/>
<SP HEIGHT="51" WIDTH="27" VPOS="3808" HPOS="773"/>
<String CONTENT="into" HEIGHT="51" WIDTH="119" VPOS="3808" HPOS="801"/>
<SP HEIGHT="53" WIDTH="27" VPOS="3808" HPOS="921"/>
<String CONTENT="California" HEIGHT="55" WIDTH="319" VPOS="3806" HPOS="949"/>
<SP HEIGHT="32" WIDTH="29" VPOS="3826" HPOS="1269"/>
<String CONTENT="of" HEIGHT="49" WIDTH="60" VPOS="3809" HPOS="1299"/>
<SP HEIGHT="51" WIDTH="29" VPOS="3809" HPOS="1360"/>
<String CONTENT="the" HEIGHT="51" WIDTH="90" VPOS="3809" HPOS="1390"/>
<SP HEIGHT="51" WIDTH="26" VPOS="3810" HPOS="1481"/>
<String CONTENT="Venerable" HEIGHT="51" WIDTH="311" VPOS="3810" HPOS="1508"/>
<SP HEIGHT="50" WIDTH="27" VPOS="3811" HPOS="1820"/>
<String CONTENT="Padre" HEIGHT="52" WIDTH="186" VPOS="3809" HPOS="1848"/>
<SP HEIGHT="51" WIDTH="24" VPOS="3808" HPOS="2035"/>
<String CONTENT="Fray" HEIGHT="64" WIDTH="153" VPOS="3808" HPOS="2060"/>
</TextLine>
<TextLine HEIGHT="71" WIDTH="1981" VPOS="3882" HPOS="228" STYLEREFS="StyleId-C1616083-2AD4-447D-9461-FF3CC5045B90-" CS="1">
<String CS="1" CONTENT="Jun&#237;pero" HEIGHT="67" WIDTH="281" VPOS="3885" HPOS="228"/>
<SP HEIGHT="51" WIDTH="38" VPOS="3884" HPOS="510"/>
<String LANG="fr" CONTENT="Serra" HEIGHT="53" WIDTH="162" VPOS="3884" HPOS="549"/>
<SP HEIGHT="32" WIDTH="40" VPOS="3905" HPOS="712"/>
<String CONTENT="and" HEIGHT="49" WIDTH="106" VPOS="3887" HPOS="753"/>
<SP HEIGHT="49" WIDTH="37" VPOS="3887" HPOS="860"/>
<String CONTENT="his" HEIGHT="50" WIDTH="87" VPOS="3887" HPOS="898"/>
<SP HEIGHT="31" WIDTH="34" VPOS="3905" HPOS="986"/>
<String CONTENT="companions" HEIGHT="67" WIDTH="362" VPOS="3885" HPOS="1021"/>
<SP HEIGHT="49" WIDTH="32" VPOS="3887" HPOS="1384"/>
<String CONTENT="in" HEIGHT="51" WIDTH="57" VPOS="3887" HPOS="1417"/>
<SP HEIGHT="44" WIDTH="34" VPOS="3894" HPOS="1475"/>
<String CONTENT="the" HEIGHT="50" WIDTH="93" VPOS="3888" HPOS="1510"/>
<SP HEIGHT="45" WIDTH="33" VPOS="3906" HPOS="1604"/>
<String CONTENT="year" HEIGHT="46" WIDTH="135" VPOS="3905" HPOS="1638"/>
<SP HEIGHT="46" WIDTH="36" VPOS="3891" HPOS="1774"/>
<String CONTENT="1769," HEIGHT="53" WIDTH="149" VPOS="3888" HPOS="1811"/>
<SP HEIGHT="35" WIDTH="34" VPOS="3905" HPOS="1961"/>
<String CONTENT="as" HEIGHT="32" WIDTH="56" VPOS="3905" HPOS="1996"/>
<SP HEIGHT="38" WIDTH="35" VPOS="3897" HPOS="2053"/>
<String CONTENT="told" HEIGHT="50" WIDTH="120" VPOS="3885" HPOS="2089"/>
</TextLine>
</TextBlock>
</PrintSpace>
</Page>
</Layout>
</alto>