2350 4196
1149 4001 99 48 296

282 439 123 39 Text
431 449 59 29 on
518 450 42 36 p.
589 439 53 48 [2]
674 439 94 38 and
799 438 53 48 [4]
882 438 50 39 of
959 448 152 29 cover.

213 498 1983 51 © Feb. 16, 1934; 2c. and aff. Feb. 21; A 69527; 11th U. S. infantry, Fort
279 557 258 47 Benjamin
566 557 253 46 Harrison,
850 557 103 39 Ind.
1025 555 246 49 (34—5712)

210 662 446 63 Vandenbosch,
688 661 207 62 Amry.

277 740 120 51 The
425 740 193 51 Dutch
649 740 142 50 East
819 738 211 66 Indies,
1061 738 73 52 its
1163 744 383 61 government,
1578 738 299 67 problems,
1908 740 111 51 and
208 739 1958 144 politics,

353 814 1836 70 by Amry Yandenbosch … Grand Rapids, Mich., Wm. B.
209 893 315 53 Eerdmans
558 893 333 67 publishing
924 911 293 48 company,
1252 896 148 50 1933.

279 965 86 41 385
393 977 43 36 p.
497 975 124 38 map.
680 965 56 41 23½c
785 968 28 20 m
817 998 9 8 .

282 1022 347 48 Bibliography:
688 1033 43 36 p.
760 1022 216 40 367-372.

211 1082 50 51 ©
287 1087 110 39 Dec.
424 1085 67 47 10,
519 1085 111 40 1933;
686 1086 65 38 2c.
780 1087 93 37 and
901 1084 79 40 aff.
1009 1086 121 39 Mar.
1157 1085 65 46 15,
1250 1084 113 41 1934;
1419 1086 41 37 A
1486 1085 167 46 69841;
1684 1085 119 39 Wm.
1832 1086 51 38 B.
1914 1085 279 41 Eerdmans.

289 1142 248 48 (34-5812)

210 1247 197 64 Wade,
437 1248 199 61 Harry
667 1246 299 55 Henchell.

278 1322 448 52 Fundamentals
756 1321 64 51 of
850 1321 365 69 accounting;
1249 1341 30 33 a
1311 1326 123 48 text
1464 1320 269 69 designed
1767 1320 303 70 primarily
2104 1320 94 54 for

209 1398 1988 70 a survey course, by Harry H. Wade … New York, J. Wiley &
206 1494 146 51 sons,
383 1478 136 66 inc.;
552 1477 258 66 London,
843 1477 300 68 Chapman
1174 1476 44 50 &
1248 1476 161 67 Hall,
1441 1476 240 68 limited,
1716 1479 150 51 1934.

277 1550 78 47 vii,
394 1550 84 40 281
515 1561 43 36 p.
623 1550 190 47 diagrs.,
852 1549 153 40 forms
1034 1551 133 46 (part
1204 1549 141 47 fold.)
1421 1548 54 40 23½
1509 1551 43 21 cm
1557 1581 8 9 .
1646 1548 249 49 (Lettered
1936 1562 59 29 on
2036 1560 161 31 cover:

207 1605 153 47 Wiley
389 1606 289 47 accounting
707 1606 172 47 series)
1004 1605 128 49 $3.00

278 1662 127 40 “The
434 1661 225 42 material
688 1663 49 38 in
767 1663 98 39 this
892 1662 123 40 book
1041 1663 89 39 has
1160 1663 116 39 been
1305 1661 260 47 developed
1595 1662 177 47 during
1801 1673 142 29 seven
1974 1673 141 36 years
2146 1663 51 40 of

208 1719 236 47 teaching,
477 1720 94 38 and
603 1720 39 39 it
673 1720 88 38 has
791 1718 118 41 been
939 1720 117 39 used
1087 1719 51 39 in
1169 1718 389 47 mimeographed
1589 1718 126 40 form
1748 1718 78 40 for
1859 1721 80 39 the
1973 1720 97 40 last
2100 1721 95 39 two

206 1783 141 36 years
384 1775 49 40 in
472 1777 80 39 the
591 1775 290 40 instruction
921 1775 50 39 of
1009 1773 308 49 engineering
1353 1775 223 39 students
1617 1775 50 39 in
1705 1777 80 38 the
1825 1774 280 50 University
2146 1775 50 39 of

207 1831 366 41 Iowa.”—Pref.

211 1892 1983 53 © Mar. 2, 1934; 2c. and aff. Mar. 6; A 69736; H. H. Wade, Iowa City,
278 1954 68 37 la.
418 1952 249 48 (34-5761)

209 2056 182 63 West,
418 2055 182 65 Ruth,
631 2057 170 50 1882-

277 2131 1853 68 The new world’s foundations in the old, by Ruth West …
208 2210 1983 68 and Willis Mason West … Boston, New York [etc.] Allyn
207 2289 559 65 and Bacon [ c 1934]
280 2359 1913 50 xvi p., 1 l., 385, 13 p. col. front., illus., plates (part col.) ports., maps
220 2417 134 46 (part
380 2416 197 47 double)
645 2416 56 40 20½
733 2419 43 21 cm
783 2450 8 8 .

280 2472 388 49 Bibliographies
695 2475 51 38 at
772 2474 91 39 end
890 2473 51 40 of
967 2483 128 29 some
1124 2472 50 40 of
1199 2472 80 40 the
1308 2474 238 46 chapters.

210 2532 1982 51 © Feb. 14, 1934; 2c. Mar. 7; aff. Mar. 5; A 70527; R. West, Spokane,
276 2593 163 40 Wash.
511 2592 248 47 (34-5301)

204 2696 382 65 Wodehouse,
617 2696 243 52 Pelham
893 2695 309 55 Grenville.

272 2773 205 51 Thank
524 2791 128 49 you,
701 2774 228 54 Jeeves!
1010 2773 159 67 chap.
1218 2774 67 49 20
1317 2773 373 67 (contd.)-22.
1767 2773 356 54 Conclusion.

286 2849 13 46 (In
395 2843 184 43 Strand
607 2843 275 52 magazine,
911 2844 270 49 February,
1213 2844 142 48 1934)

210 2906 1981 51 © 1c. Feb. 19, 1934; A ad int. 18670; pubd. Jan. 20; P. G. Wodehouse,
278 2967 209 38 London.

204 3068 1990 68 The … year book of general surgery [1933] Edited by Evarts
273 3146 1894 146 A. Graham … Chicago, The Year book publishers, incorporated [ c 1933]
277 3299 86 40 826
392 3309 39 36 p.
493 3298 141 46 illus.,
667 3297 177 47 diagrs.
907 3298 54 39 18½
994 3300 43 20 cm
1043 3328 7 7 .
1122 3296 263 48 (Practical
1418 3296 233 40 medicine
1684 3296 162 40 series.
1880 3295 136 47 1933)

211 3356 50 51 ©
288 3361 110 39 Dec.
425 3361 37 41 6,
490 3360 110 39 1933;
656 3360 64 39 2c.
749 3361 93 38 and
869 3359 79 40 aff.
977 3360 107 39 Jan.
1109 3360 40 45 4,
1175 3358 139 46 1934;
1343 3358 42 38 A
1409 3357 168 47 68709;
1607 3359 129 38 Year
1759 3358 121 40 book
1907 3356 285 50 publishers,

281 3417 88 39 inc.

204 3518 1683 67 The … year book of obstetrics and gynecology [1933]
275 3517 1918 157 Obstetrics, edited by Joseph B. DeLee, a. M., M. D. … Gynecology,
275 3672 1916 69 edited by J. P. Greenhill, B. S., M. D., F. A. C. S. … Chicago,
274 3752 120 52 The
421 3754 152 51 Year
600 3751 146 52 book
771 3752 338 67 publishers,
1135 3751 398 67 incorporated
1568 3784 11 32 [
1585 3757 17 20 c
1608 3753 149 63 1934]

278 3827 85 38 630
389 3837 40 36 p.
488 3825 140 46 illus.,
659 3825 176 47 diagrs.
893 3825 55 39 18½cm.
1105 3824 262 48 (Practical
1398 3823 233 39 medicine
1661 3823 161 45 series,
1854 3822 135 46 1933)

212 3878 50 51 ©
291 3883 106 38 Jan.
426 3882 68 39 26.
523 3881 112 40 1934;
691 3881 66 39 2c.
787 3881 108 39 Feb.
925 3882 50 45 5;
1006 3881 79 39 aff.
1116 3881 109 39 Feb.
1254 3881 50 44 1;
1336 3881 40 37 A
1404 3878 167 48 69305;
1603 3880 126 39 Year
1756 3880 121 39 book
1906 3877 284 50 publishers,

278 3937 91 42 inc.
