2350 4196
1122 3994 131 54 1772

318 443 87 37 "Die
436 442 303 39 romanreihe
769 443 120 37 Volk
920 442 87 39 auf
1037 443 102 38 dem
1172 452 127 36 wege
1331 441 162 38 wurde
1526 451 90 27 neu
1649 441 255 45 geordnet:
1939 440 76 39 die
2045 440 160 39 bisher

218 498 340 39 erschienenen
588 499 154 38 bände
771 500 166 44 Wolga
967 499 164 44 Wolga
1165 500 93 38 und
1292 498 151 38 Rhein
1462 498 109 38 'und
1602 497 165 46 Wolga
1801 497 189 38 werden
218 499 1971 95 auseinander

397 555 155 46 gelegt
586 557 94 37 und
713 556 75 39 die
821 556 406 45 geschichtlichen
1258 564 171 29 szenen
1464 565 87 28 aus
1584 553 163 39 diesen
1781 554 210 39 Michern
222 564 1968 95 zusammengefasst

544 612 47 38 in
619 614 105 37 dem
750 613 448 44 einleitungsbande
1225 614 96 37 Der
1349 621 194 35 auszug,
1572 613 83 37 der
1682 611 48 38 in
1758 611 146 39 kürze
1931 611 279 39 erscheinen

222 669 132 39 wild.
424 671 69 36 Im
535 670 299 45 Wolgaland,
875 671 168 37 dessen
1082 670 250 45 handlung
1367 670 86 37 das
1493 670 113 37 land
1647 679 60 28 an
1748 670 83 37 der
1870 669 165 45 Wolga
2078 669 131 38 nicht

217 727 220 40 verlasst,
469 727 180 37 entlieh
676 737 87 28 aus
795 728 164 45 Wolga
992 728 164 44 Wolga
1190 728 86 37 das
1306 728 126 37 erste
1462 725 225 47 kapitel.”

220 790 1987 51 © Nov. 17. 1903: 1c. Mar. 5. 1934; A -Foreign 23950: Deutsche-anstalt.
297 852 60 41 (A
378 852 33 39 C
429 852 197 39 34-229)

220 956 260 63 Pontius,
516 957 203 61 Myron
750 957 132 55 Lee.

294 1031 182 52 When
524 1050 209 34 sorrow
786 1050 195 39 comes,
1031 1034 73 66 by
1153 1035 204 65 Myron
1409 1035 106 49 Lee
1564 1033 256 53 Pontius.
1899 1034 309 54 Nashville.

219 1109 192 57 Tenn.,
447 1108 326 69 Cokesbury
811 1129 152 48 press
1045 1115 94 48 [c1934]

286 1194 49 39 91
373 1206 40 36 p.
475 1194 49 38 21
533 1197 43 21 cm
582 1228 8 6 .

218 1262 1985 51 © Oct. 24. 1934; 2c. Dec. 31: aff. Dec. 29: A 77924: Whitmore & Smith.
288 1324 260 38 Nashville.
621 1324 219 46 (30-432)

220 1424 180 65 Price,
428 1427 94 52 Ira
551 1425 277 65 Maurice,
860 1431 169 49 1856-

286 1502 118 52 The
446 1505 258 64 ancestry
745 1504 63 51 of
849 1521 101 34 our
991 1504 244 66 English
1278 1504 193 63 Bible;
1518 1521 69 34 an
1629 1511 235 44 account
1905 1504 62 52 of
215 1521 1961 125 manuscripts,

469 1586 164 59 texts,
666 1580 112 52 and
810 1582 250 50 versions
1091 1581 63 51 of
1183 1580 94 53 the
1310 1581 182 64 Bible,
1522 1581 72 65 by
1627 1581 98 51 Ira
1757 1581 252 51 Maurice
2039 1581 164 51 Price

358 1656 1841 62 … 9th ed., rev. to date. New York, Harper and brothers.
216 1736 147 50 1934.

283 1805 1917 50 xxiv (i. e. xxviii), 350 (i. e. 304) p. incl. front. plates, ports., facsims.,
217 1863 177 46 diagrs.
454 1861 54 40 19½
540 1865 44 21 cm
591 1896 7 6 .

287 1920 152 38 Extra
472 1920 258 39 numbered
765 1929 142 38 pages
940 1920 225 39 inserted.

286 1976 242 40 ‘'Selected
561 1976 362 48 bibliography”:
985 1987 39 36 p.
1054 1975 214 41 323-333.

219 2041 1901 52 © Dec. 10. 1934; 2c. Dec. 20: aff. Dec. 11: A 76024: Harper & bros.
296 2101 218 48 (35-395)

218 2204 238 65 Reeves,
484 2205 243 63 Stanley
753 2206 303 62 Newman,
1090 2212 167 48 1901-

346 2282 1854 69 … Tests of quality for school equipment and supplies, by
217 2356 1957 146 Stanley Newman Reeves … Nashville. Tenn., George Peabody
392 2437 207 66 college
627 2437 93 51 for
744 2439 267 64 teachers,
1042 2442 143 49 1934.

214 2521 1968 103 2 p. l., 3-52 p. 23½ cm . ([George Peabody college for teachers. Nashville]
399 2578 226 39 Abstract
654 2579 50 38 of
732 2578 338 40 Contribution
1101 2582 47 38 to
1176 2581 269 45 education,
1473 2594 73 29 no.
1577 2581 106 48 135)

285 2647 227 40 Abstract
553 2649 51 38 of
647 2649 149 38 thesis
849 2651 106 39 (PH.
1031 2651 32 38 D.)
1077 2673 50 3 —
1138 2653 179 46 Ceorge
1362 2652 221 40 Peabody
1627 2655 177 45 college
1846 2653 77 38 for
1968 2653 232 41 teachers.

213 2703 124 41 1932.

285 2759 257 40 Presented
576 2761 58 46 by
668 2762 80 39 the
779 2762 176 38 author
988 2765 48 36 to
1072 2764 76 38 the
1180 2763 228 40 National
1438 2766 293 38 association
1766 2765 49 38 of
1849 2766 156 46 public
2039 2766 157 38 school

213 2817 218 39 business
463 2815 196 41 officials
689 2817 78 39 for
798 2817 310 48 publication,
1168 2820 59 44 of.
1262 2819 269 42 Foreword,
1563 2821 164 47 signed:
1794 2821 51 39 R.
1878 2822 69 38 W.
1986 2821 212 42 Ilibbert.

213 2873 270 40 committee
517 2873 263 41 chairman.

287 2928 254 40 Published
577 2929 101 39 also
713 2939 53 29 as
803 2929 223 39 National
1065 2931 290 39 association
1387 2933 50 38 of
1469 2933 160 47 public
1663 2934 158 38 school
1857 2934 218 38 business
215 2933 1965 92 officials

374 2985 211 39 Bulletin
620 2996 72 28 no.
731 2987 38 39 5.
807 2986 117 38 with
961 2986 134 39 title:
1134 2988 138 37 Tests
1308 2988 51 37 of
1392 2989 187 46 quality
1617 2989 78 38 for
1730 2990 159 38 school
1926 2991 273 45 equipment

212 3043 94 37 and
347 3040 224 48 supplies,
612 3043 251 46 presented
905 3043 58 45 by
1000 3041 82 39 the
1122 3043 281 40 Committee
1444 3057 56 27 on
1543 3046 171 46 supply
1755 3048 238 37 research.
2034 3047 49 37 R.
2127 3046 69 38 W.

220 3098 214 40 Ilibbert.
465 3098 263 38 chairman.
787 3097 116 38 This
934 3098 128 39 issue
1094 3099 40 37 is
1166 3099 226 39 identical
1425 3104 169 44 except
1621 3101 77 39 for
1732 3103 78 38 the
1841 3102 218 38 addition
2092 3101 49 38 of
2173 3112 23 28 a

216 3154 148 39 thesis
393 3157 95 44 t.-p.
519 3155 93 38 and
643 3155 80 38 the
751 3153 317 39 substitution
1096 3153 50 39 of
1173 3164 25 28 a
1229 3164 139 30 cover
1395 3157 181 47 having
1603 3158 79 39 the
1711 3158 150 39 thesis
1892 3158 119 39 title.

285 3210 374 47 ‘‘Bibliography
690 3210 49 39 of
766 3220 166 29 source
964 3210 305 38 materials”:
1301 3222 41 36 p.
1371 3212 156 40 49-51.

216 3276 1963 105 © Oct. 29. 1934; 2c. Nov. 1: aff. Oct. 31: A 76879: George Peabody college for teachers. (35-742)
217 3437 319 65 Reznikoff,
570 3438 259 64 Charles,
863 3443 170 49 1894-

283 3517 69 51 In
383 3517 325 50 memoriam:
769 3519 149 50 1933,
943 3516 74 64 by
1050 3516 233 52 Charles
1311 3518 314 53 Reznikoff.
1704 3521 133 51 New
1871 3521 176 63 York,
2079 3521 118 50 The

216 3592 752 67 Objectivism press [ c 1934]
284 3675 524 48 4 p. l., 54 p. 19½ cm .
283 3746 182 40 Poems.

216 3813 1980 52 © Dec. 19. 1934; 2c. Dec. 19: aff. Dec. 24; A 77858: Charles Reznikoff,
284 3874 142 43 doing
462 3874 217 39 business
719 3876 149 37 under
905 3877 79 37 the
1023 3875 104 38 firm
1166 3887 137 28 name
1343 3877 49 38 of
1429 3877 99 39 The
1567 3878 288 47 Objectivisf
1895 3888 146 38 press.
2083 3878 114 38 New

284 3930 139 39 York.
496 3929 219 48 (35-469)
