2350 4196
1153 4008 130 47 1606

224 384 177 63 Gray,
434 383 159 54 Giles
621 382 314 65 Wilkeson,
969 388 170 50 1889-

288 458 1922 69 The bases of speech, by Giles Wilkeson Gray … and Claude
217 537 1993 67 Merton Wise … New York and London, Harper & brothers.
219 617 147 49 1934.

293 694 102 39 xvii
421 705 57 36 p.,
504 695 25 37 1
591 725 8 15 l.,
625 693 85 41 439
736 705 42 37 p.
833 694 142 47 illus.,
1003 693 177 48 diagrs.
1235 692 58 40 20½
1323 694 44 22 cm
1372 726 8 8 .

294 764 160 39 ‘'First
484 763 226 41 edition.”

294 820 375 48 Bibliography:
701 831 41 37 p.
772 819 217 41 414-419.

229 887 53 52 ©
307 892 117 39 Nov.
452 891 69 46 26,
549 890 113 42 1934;
718 890 66 43 2c.
811 892 94 39 and
935 890 80 40 aff.
1092 901 62 29 Dec.
1182 892 52 38 1;
1267 891 41 37 A
1335 890 169 41 78385;
1536 890 195 48 Harper
1759 890 35 39 &
1821 891 122 40 bros.

303 948 280 49 (34-40111)

227 1052 177 65 Gray,
438 1052 173 57 John.

292 1128 177 52 Name
506 1129 74 51 it!
660 1131 89 65 By
785 1130 154 53 John
975 1130 158 66 Gray
1169 1130 109 51 and
1315 1129 253 66 “Lloyd”
1627 1128 211 66 [pseud.]
1880 1127 139 53 with
223 1129 1966 130 decorations

222 1205 1966 147 by “Lloyd” … New York, Frederick A. Stokes company, 1933.
292 1370 84 40 127
409 1379 42 37 p.
512 1370 126 40 illus.
700 1370 53 38 21
758 1373 42 21 cm
808 1404 6 6 .

231 1438 50 51 ©
311 1444 118 45 Aug.
457 1441 68 40 24.
556 1441 113 40 1933;
726 1442 66 39 2c.
824 1443 97 38 and
948 1442 81 39 aff.
1061 1443 118 46 Aug.
1208 1442 81 46 30;
1321 1443 41 37 A
1392 1441 169 40 65087;
1592 1442 128 39 John
1750 1441 165 40 Colter
1943 1441 94 39 and
2066 1441 151 46 Lloyd

298 1499 106 40 Coe.
433 1500 114 38 New
573 1499 142 39 York.
789 1499 278 48 (34-40084)

232 1603 209 63 Haase,
473 1601 209 54 Albert
714 1602 293 63 Ericsson,
1042 1607 169 50 1896-

302 1678 373 67 Advertising
710 1697 211 47 agency
955 1679 449 66 compensation;
1440 1680 219 65 theory,
1690 1681 128 63 law,
1851 1679 263 65 practice,
2147 1679 71 65 by

233 1757 198 50 Albert
467 1757 67 50 E.
569 1756 207 65 Haase,
809 1756 59 52 in
901 1756 408 52 collaboration
1340 1756 139 52 with
1511 1756 302 52 Lawrence
1846 1756 63 55 C.
1942 1756 274 65 Lockley;

236 1832 1983 67 with legal opinion by Isaac W. Digges … A study made for
234 1909 1985 67 Lee H. Bristol … Allyn B. Mclntire … [and] Stuart Peabody
292 1986 1928 64 … as trustees for the Association of national advertisers,
237 2066 101 50 inc.
437 2065 137 52 [New
615 2063 178 66 York,
831 2063 273 53 National
1143 2081 220 48 process
1404 2082 296 48 company,
1739 2065 126 64 inc.,
1904 2070 17 21 c
1927 2067 150 62 1934]

302 2152 25 38 2
358 2164 41 36 p.
466 2184 7 13 l.,
505 2151 85 40 215
619 2162 42 38 p.
722 2151 153 48 diagr.
935 2149 56 41 28½
1024 2152 43 21 cm
1072 2182 8 8 .

235 2220 51 51 ©
325 2224 115 38 Nov.
485 2225 36 37 7.
561 2221 114 40 1934:
743 2221 66 41 2c.
850 2223 94 37 and
983 2220 81 41 aff.
1104 2221 114 39 Nov.
1260 2222 82 41 15;
1384 2222 40 37 A
1468 2220 167 41 77248:
1678 2221 169 40 Albert
1887 2222 178 40 Haase.
2105 2222 116 38 New

302 2281 142 37 York.
517 2278 278 48 (34-39874)

237 2381 371 64 Hakenbeck,
636 2381 226 53 Wilbur
892 2380 320 65 Chapman,
1244 2386 170 49 1892-

298 2457 204 53 Urban
531 2456 395 68 organization
953 2455 63 53 of
1043 2457 456 67 Protestantism,
1527 2457 76 68 by
1709 2457 151 52 Wilbur
1893 2456 61 55 G.
231 2456 1968 131 Hallenbeck.

451 2535 139 52 New
620 2533 164 53 York
813 2534 112 52 and
956 2533 257 67 London,
1246 2534 126 52 Pub.
1396 2533 93 53 for
1520 2535 96 52 the
1648 2534 274 53 Institute
1957 2534 64 53 of
2050 2532 173 54 social
232 2613 111 51 and
373 2612 269 67 religious
672 2611 256 52 research

955 2611 76 68 by
1060 2611 231 68 Harper
1320 2612 46 52 &
1395 2611 277 69 brothers,
1704 2615 150 51 1934.

302 2685 82 44 xii,
414 2685 85 40 285
527 2694 42 37 p.
632 2684 127 39 illus.
789 2683 157 48 (map)
987 2684 176 46 diagrs.
1222 2682 55 40 22
1282 2685 44 21 cm
1331 2717 8 8 .

305 2754 295 40 “Historical
632 2754 362 47 bibliography”:
1057 2763 42 38 p.
1129 2753 156 40 25-30.
1350 2754 374 48 Bibliography:
1758 2766 44 37 p.
1834 2754 216 42 276-277.

238 2824 51 51 ©
317 2829 117 38 Nov.
461 2828 37 45 S,
527 2827 138 39 1934:
695 2826 65 42 2c.
789 2827 117 39 Nov.
935 2827 80 39 14:
1049 2826 80 41 aff.
1157 2827 115 39 Nov.
1301 2827 81 47 16;
1414 2829 41 37 A
1480 2827 141 41 78142;
1679 2829 197 47 Harper
1901 2829 37 40 &
1963 2830 123 38 bros.

316 2884 278 48 (34-40125)

235 2986 327 63 Hanzsche,
588 2984 253 55 William
869 2984 313 63 Thomson,
1215 2990 169 48 1891-

306 3064 119 51 The
455 3063 458 66 Presbyterians;
947 3063 94 52 the
1070 3068 156 61 story
1255 3063 63 53 of
1349 3083 30 33 a
1409 3065 199 52 stanch
1638 3066 112 52 and
1778 3065 205 66 sturdy
2012 3066 216 65 people,

236 3140 1968 144 by Wm. Thomson Hanzsche … Philadelphia, The Westminster press, 1934.
305 3303 85 39 194
422 3313 42 37 p.
526 3302 149 39 front.
739 3301 56 40 19½
826 3304 44 21 cm
876 3332 7 9 .

305 3358 373 48 Bibliography:
712 3369 41 36 p.
785 3356 215 41 192-194.

242 3426 51 51 ©
327 3430 101 40 Oct.
461 3429 68 39 24.
562 3427 139 40 1934:
735 3428 65 39 2c.
836 3429 114 38 Nov.
986 3429 54 38 17:
1103 3427 80 41 aff.
1218 3429 117 40 Nov.
1369 3429 55 39 16:
1487 3431 41 37 A
1560 3431 142 39 78165:
1766 3432 69 38 W.
1870 3432 50 37 T.
1956 3430 267 41 Hanzsche.

308 3485 350 48 Philadelphia.
732 3484 277 48 (34-39734)

243 3588 225 64 Harris,
497 3589 201 53 James
728 3588 213 64 Coffee,
974 3593 169 49 1858-

307 3665 309 52 Evolution
660 3665 63 52 of
763 3667 311 64 mammals,
1117 3666 295 68 including
1453 3669 234 51 modern
1727 3686 149 48 man,
1916 3668 75 66 by
2032 3669 192 52 James
237 3740 187 54 Coffee
451 3742 224 53 Harris.

753 3742 149 53 Cave
933 3742 231 66 Spring,
1193 3744 121 66 Ga.,
1345 3751 16 20 c
1368 3749 147 48 1934.

309 3815 280 46 cover-title,
618 3817 18 37 3
703 3846 7 15 l.,
737 3815 55 39 43
819 3825 42 36 p.
922 3815 141 46 illus.,
1092 3815 176 46 diagrs.
1328 3815 55 39 22½
1416 3818 44 21 cm
1466 3849 7 7 .

245 3881 51 51 ©
329 3886 101 39 Oct.
461 3885 67 40 10.
560 3884 113 41 1934:
733 3886 65 40 2c.
831 3885 99 40 Oct.
963 3885 80 39 18:
1080 3885 79 41 aff.
1192 3886 101 40 Oct.
1325 3885 54 40 29:
1445 3889 37 36 A
1514 3887 168 40 77031:
1719 3888 40 39 J.
1795 3888 47 39 C.
1875 3885 189 40 Harris.
2098 3886 128 40 Cave

314 3942 185 46 Spring,
531 3942 83 39 Ga.
686 3941 277 47 (34-39900)
