2350 4196
1133 4016 132 49 1362

206 390 185 66 Nash,
418 391 242 55 Willard
687 393 132 64 Lee,
850 395 169 50 1898-

280 472 56 51 A
363 471 170 65 study
561 470 63 51 of
651 471 95 51 the
773 471 183 52 stated
987 471 139 51 aims
1154 471 110 51 and
1294 486 271 50 purposes
1596 467 63 53 of
1686 469 94 51 the
1811 470 383 65 departments

213 547 63 51 of
313 545 256 56 military
605 547 208 53 science
851 549 112 51 and
1000 548 195 52 tactics
1233 548 110 51 and
1380 546 257 62 physical
1673 546 297 52 education
2008 546 58 52 in
2102 548 92 50 the

213 625 331 67 land-grant
577 625 236 67 colleges
847 625 60 50 of
939 626 92 52 the
1065 624 214 55 United
1317 624 205 66 States,
1554 624 74 66 by
1659 623 248 53 Willard
1941 625 62 51 L.
2040 625 151 52 Nash

273 700 1921 69 … New York city, Teachers college, Columbia university.
216 783 145 50 1934.

218 850 1963 106 3 p. l., 129 p. 23½cm. (Teachers college. Columbia university. Contributions to education, no. 614)
287 965 168 40 Issued
483 967 101 37 also
610 976 53 28 as
691 966 151 39 thesis
878 966 106 48 (PH.
1042 965 34 47 D.)
1112 964 248 41 Columbia
1389 964 283 47 university.

285 1020 346 49 Bibliography:
692 1033 43 36 p.
763 1021 215 41 109-114.

216 1089 1984 51 © July 24. 1934; 2c. Aug. 24; aff. Aug. 27; A 75067; W. L. Nash, New
284 1151 139 39 York.
497 1150 277 47 (34-34063)

211 1251 274 54 National
518 1254 313 52 industrial
863 1254 343 53 conference
1236 1253 200 55 board.

342 1328 1858 68 … Employment, hours, and earnings, January, 1933, to
212 1405 1986 69 March, 1934 … [New York] National industrial conference
212 1483 195 69 board,
436 1486 149 50 1934.

286 1557 280 45 cover-title,
611 1558 48 45 ii,
703 1557 54 39 16
800 1557 157 39 numb.
1003 1559 28 38 1.
1104 1556 56 41 28½
1192 1558 44 22 cm
1241 1588 7 8 .
1333 1555 317 49 (Conference
1693 1555 150 40 board
1888 1556 314 39 information

213 1613 207 40 service:
450 1613 245 40 Domestic
724 1613 185 40 affairs.
965 1613 364 40 Memorandum
1358 1621 74 31 no.
1463 1612 80 48 32)

285 1669 404 48 Mimeographed.

218 1738 50 50 ©
306 1743 112 46 May
455 1741 67 40 29.
559 1740 113 40 1934;
737 1741 66 40 2c.
842 1743 94 38 and
973 1741 80 39 aff.
1093 1742 124 38 June
1252 1742 52 44 1;
1343 1741 39 38 A
1423 1739 166 47 72567;
1630 1741 116 39 Natl.
1798 1741 261 39 industrial
283 1751 1902 87 conference
507 1800 146 37 board.
703 1799 87 38 inc.
862 1798 277 48 (34-34205)

216 1901 142 51 New
392 1901 179 52 York.
647 1901 415 63 Metropolitan
1095 1917 267 36 museum
1397 1900 62 53 of
1492 1904 113 50 art.

216 1977 1959 145 … The Egyptian expedition. 1933-1934. [New York. Printed by The Plandome press, inc., c 1934]
286 2128 58 39 40
377 2139 57 36 p.,
471 2129 24 37 1
554 2159 7 7 l.
626 2127 140 46 illus.,
804 2138 75 37 pl.,
918 2129 125 46 plan,
1084 2127 176 47 diagrs.
1324 2127 55 39 24½
1412 2130 14 20 cm
1460 2159 7 7 .
1547 2127 238 48 (Bulletin
1825 2127 50 38 of
1911 2129 80 37 the
286 2128 1900 104 Metropolitan
498 2194 217 29 museum
744 2184 50 38 of
823 2187 89 36 art.
973 2184 190 39 Section
1241 2185 13 46 II)

285 2243 62 38 At
374 2243 121 37 head
523 2241 49 38 of
600 2241 107 39 title:
763 2241 100 39 The
891 2241 343 46 Metropolitan
1261 2250 216 30 museum
1506 2242 52 39 of
1585 2243 90 37 art.

219 2307 51 51 ©
300 2312 100 39 Oct.
425 2312 67 40 30,
522 2310 112 40 1934;
691 2312 65 38 2c.
783 2311 117 40 Nov.
928 2312 16 35 1;
1011 2310 78 39 aff.
1118 2312 115 38 Nov.
1306 2322 7 35 8;
1345 2312 38 37 A
1412 2309 142 41 78009;
1614 2309 345 48 Metropolitan
1985 2320 215 30 museum

287 2368 50 39 of
365 2371 89 43 art,
483 2368 116 39 New
627 2368 140 39 York.

213 2471 266 64 Newton,
508 2470 354 55 Rosamond.

285 2546 414 68 Londonderry
746 2545 140 68 heir,
936 2546 75 67 by
1060 2546 323 52 Rosamond
1436 2546 268 66 Newton;
1757 2545 324 53 illustrated
2129 2544 73 68 by

216 2622 154 53 John
421 2623 157 54 Goss.
665 2624 232 67 Boston,
945 2622 275 68 Lothrop,
1268 2624 109 51 Lee
1430 2625 112 51 and
1596 2621 262 68 Shepard
1908 2638 295 52 company,

218 2703 148 51 1934.

285 2771 983 49 3 p. l., 5-306 p. front., illus. 20½cm.
222 2828 50 50 ©
304 2832 98 40 Oct.
433 2831 67 41 19.
531 2831 138 46 1934;
701 2830 66 40 2c.
796 2832 94 38 and
920 2831 80 39 aff.
1031 2831 101 40 Oct.
1161 2830 79 41 20;
1274 2833 39 36 A
1343 2830 168 42 76682;
1543 2832 226 46 Lothrop.
1801 2832 91 37 Lee
1922 2831 34 39 &
1988 2830 216 47 Shepard

288 2898 64 29 co.
425 2886 277 49 (34-34594)

216 2992 216 63 Noyes,
462 2991 233 52 Arthur
721 2990 71 55 A.

288 3068 57 51 A
389 3084 190 34 course
627 3067 61 51 of
735 3067 170 66 study
950 3068 60 50 in
1057 3068 266 52 chemical
1376 3068 321 67 principles,
1743 3069 73 65 by
1864 3068 222 51 Arthur
2133 3068 67 50 A.

219 3144 1981 68 Noyes … and Miles S. Sherrill … 2d ed., rewritten. Part II.
218 3220 1985 147 Molecular and ionic theories, continued. Chapter III (continued) and chapter IV. Printed in incomplete form for the
220 3376 198 52 classes
453 3381 55 45 at
542 3377 92 49 the
667 3375 439 52 Massachusetts
1141 3377 109 50 and
1285 3377 324 54 California
1637 3380 287 51 institutes
1959 3378 63 51 of
219 3378 1959 141 technology.
518 3453 136 51 New
688 3452 175 52 York.
897 3453 117 51 The
1149 3455 228 50 Macmillan
1409 3473 295 50 company.
1739 3458 147 49 1934.

290 3537 41 28 v.
362 3524 197 39 151-231
585 3534 43 37 p.
685 3525 174 46 diagrs.
918 3523 53 39 21½
1006 3526 42 20 cm
1055 3557 7 6 .

225 3578 50 50 ©
308 3583 116 38 Nov.
458 3582 37 37 7.
529 3580 112 40 1934;
703 3579 65 40 2c.
802 3582 92 37 and
929 3580 79 39 aff.
1043 3581 116 37 Nov.
1236 3593 7 34 8;
1280 3583 39 37 A
1354 3584 167 45 77155;
1557 3585 52 38 A.
1644 3585 54 38 A.
1732 3585 170 45 Noyes.
1938 3584 266 45 Pasadena,

333 3638 90 38 Calif.,
478 3639 90 36 and
602 3637 138 38 Miles
771 3639 42 37 S.
845 3636 215 40 Sherrill.
1091 3637 295 47 Cambridge.
1418 3640 145 40 Mass.

216 3739 231 64 Orator,
480 3737 219 65 Victor,
736 3743 168 50 1894-

224 3816 1954 137 Operationsauswahl, vor- und nachbehandlung in der bauchchirurgie. von prof. dr. V. Orator … und dr. Th. Straaten …
