2350 4196
1129 3996 134 51 1804

228 369 255 66 Litcher,
512 371 206 63 Henry
745 371 285 55 Leonard.

297 446 121 53 The
452 446 286 52 universal
771 446 151 67 link;
960 466 73 33 an
1065 444 319 69 exposition
1419 445 64 53 of
1516 445 96 52 the
1648 445 202 53 cosmic
1885 443 182 55 forces
2103 446 112 52 and

229 524 145 52 their
414 524 244 52 relation
697 529 58 48 to
796 524 95 52 the
931 526 166 65 plant
1136 525 111 51 and
1288 523 212 52 animal
1539 520 321 70 kingdoms,
1899 523 75 67 by
2012 524 202 67 Henry

226 601 262 53 Leonard
525 602 247 67 Litcher,
808 622 51 34 a.
900 621 45 34 o.
985 622 46 35 g.
1103 602 241 54 Volume
1379 620 37 33 i.
1489 601 203 53 Initial
1731 603 82 51 ed.
1912 602 115 54 [San
2065 605 149 64 Jose,

230 677 191 69 Calif.,
455 681 120 52 The
606 680 352 54 Primordial
990 681 334 67 publishing
1357 679 353 67 association,
1741 687 18 21 c
1764 683 151 62 1934]

297 753 88 40 188
410 764 41 37 p.
510 753 178 49 diagrs.
749 754 59 39 24
808 756 44 21 cm
856 786 8 7 .

228 806 1984 51 © Nov. 1, 1934; 2c. and aff. Dec. 27; A 77867; H. L. Litcher, Dinuba,
293 865 142 42 Calif.
507 866 220 49 (35-974)

225 966 269 66 Lockley,
525 969 169 65 Fred,
728 970 170 54 1871-

330 1044 163 53 “More
532 1062 190 50 power
765 1050 57 49 to
865 1044 165 69 you”,
1068 1044 75 67 by
1184 1044 151 51 Fred
1377 1042 246 68 Lockley
1667 1043 112 51 and
1821 1040 280 55 Marshall
2142 1041 69 52 N.
228 1120 179 54 Dana.
483 1121 297 68 Portland,
805 1120 116 68 Or.,

947 1122 121 53 The
1093 1120 227 69 Oregon
1344 1119 246 68 journal,
1616 1122 148 49 1934.

298 1190 26 40 5
351 1202 43 37 p.
459 1223 8 16 l.,
498 1192 85 39 112
612 1203 43 36 p.
715 1193 128 39 illus.
902 1193 55 40 30½
990 1195 44 21 cm
1039 1226 9 9 .

296 1249 288 39 Illustrated
611 1250 361 47 lining-papers.

293 1305 44 39 A
356 1306 138 39 short
513 1305 168 41 sketch
705 1307 51 38 of
777 1308 81 38 the
880 1306 331 47 development
1236 1306 51 39 of
1311 1307 81 39 the
1415 1305 188 48 Oregon
1625 1309 204 44 country
1853 1307 95 39 and
1971 1306 82 40 the
2077 1309 134 45 story

225 1361 51 40 of
302 1362 82 39 the
409 1362 283 39 Bonneville
718 1372 161 39 power
906 1364 95 38 and
1027 1363 282 47 navigation
1336 1362 201 48 project.

295 1418 73 40 On
395 1428 165 30 cover:
591 1418 187 48 Oregon
803 1419 196 47 journal
1025 1419 195 40 edition.

632 1476 295 47 CONTENTS.—Bonneville,
956 1476 64 39 its
1047 1475 309 47 background
1383 1476 50 38 in
1461 1476 201 48 history,
1692 1477 61 46 by
1780 1476 126 39 Fred
228 1475 1981 105 Lockley.—Bonneville,

227 1532 1791 107 its promise for the future, by M. N. Dana. © Dec. 15, 1934; 2c. and aff. Dec. 31; A 78776: Oregon journal.
303 1648 220 48 (35-540)

224 1750 282 66 Lorimer,
536 1752 216 61 Frank,
784 1757 168 49 1894-

290 1828 314 69 Dynamics
625 1826 65 54 of
710 1828 367 68 population;
1105 1827 172 53 social
1300 1829 113 51 and
1436 1826 305 70 biological
1764 1826 363 70 significance
2148 1827 65 54 of

224 1905 287 69 changing
539 1904 158 54 birth
729 1911 149 47 rates
907 1906 64 52 in
998 1905 97 53 the
1125 1905 219 54 United
1379 1903 206 69 States,
1614 1905 75 69 by
1723 1905 199 53 Frank
1952 1904 259 53 Lorimer

225 1985 111 51 and
368 1981 309 55 Frederick
709 1981 239 56 Osborn.
1073 2001 81 34 New
1184 1981 181 69 York,
1396 1982 122 53 The
1549 1982 336 53 Macmillan
1916 2000 298 51 company,

225 2063 149 53 1934.

293 2132 102 49 xiii,
422 2133 86 41 461
531 2142 44 38 p.
629 2133 128 40 illus.
785 2131 183 50 (maps)
1005 2132 177 48 diagrs.
1234 2131 58 39 24
1295 2134 42 21 cm
1343 2165 8 8 .

298 2188 413 49 Bibliographies:
741 2199 44 38 p.
817 2188 246 50 [401]-442.

226 2245 1706 51 © Oct. 23, 1934; 2c. and aff. Oct. 24; A 76733: Macmillan co.
302 2304 220 49 (35-529)

222 2408 298 65 Lovelace,
551 2410 200 62 Edgar
779 2410 237 62 Sydney
1044 2410 430 63 Montgomery,
1506 2415 171 49 1866-

292 2487 306 53 Universal
640 2485 179 69 spiral
860 2488 179 52 tables
1082 2487 94 51 for
1217 2488 253 51 railroad
1514 2489 112 51 and
1668 2487 226 53 electric
1932 2492 278 62 tramway

222 2564 168 66 lines;
425 2583 30 33 a
482 2582 139 38 new.
649 2566 219 66 simple,
897 2570 257 47 accurate
1182 2566 111 51 and
1322 2566 283 67 perfectly
1633 2567 228 65 general
1888 2566 231 52 method
2149 2565 62 52 of
221 2641 199 69 laying
445 2648 99 47 out

568 2642 1636 68 spirals … by E. S. M. Lovelace … [Montreal, 1934]
290 2716 26 38 2
343 2727 41 37 p.
449 2747 9 16 l.,
487 2718 55 38 17
571 2726 42 37 p.
670 2716 177 47 diagrs.
905 2715 55 40 19
962 2718 46 21 cm
1013 2747 8 8 .

225 2769 1985 52 © 1c. July 26, 1934: A ad int. 19200; pubd. June 23; E. S. M. Lovelace,
289 2830 254 40 Montreal,
614 2829 14 49 (CA
713 2829 175 40 34-189
905 2829 234 48 Unrev’d)

223 2931 317 66 MacKaye,
566 2930 228 65 Milton,
823 2937 171 49 1901-

294 3008 121 52 The
440 3009 87 53 tin
550 3008 109 52 box
686 3008 239 68 parade;
953 3026 30 33 a
1009 3007 301 53 handbook
1334 3008 92 52 for
1450 3007 243 69 larceny,
1720 3008 75 68 by
1820 3007 211 53 Milton
224 3006 1964 146 MacKaye.

535 3105 80 33 New
652 3084 177 69 York,
864 3084 67 54 B.
966 3085 78 52 M.
1079 3085 273 54 McBride
1384 3087 45 50 &
1461 3103 294 51 company,
1788 3087 149 50 1934.

292 3157 64 46 ix,
383 3156 85 40 334
494 3166 42 38 p.
597 3156 55 39 21½
684 3158 44 21 cm
734 3188 8 9 .

293 3213 162 40 “First
482 3212 225 41 edition.”

291 3269 375 48 Bibliography:
698 3280 42 36 p.
789 3269 82 49 [vii]

223 3325 1969 108 © Nov. 27, 1934; 2c. Dec. 21; aff. Dec. 19; A 77794; M. MacKaye, Madison, Conn. (35-799)
218 3487 324 66 Memmler,
569 3489 162 64 Karl,
763 3490 170 54 1873-
1144 3490 82 54 ed.

289 3567 122 51 The
454 3566 212 53 science
712 3566 63 53 of
819 3566 204 52 rubber
1082 3565 386 66 (“Handbuch
1517 3568 99 52 der
219 3566 1986 143 kautschukwissen-schaft”)
510 3643 189 52 edited
725 3644 75 65 by
826 3642 164 53 Prof.
1017 3643 316 67 Dipl.-Ing.

220 3643 1979 144 K. Memmler … in collaboration with L. Hock, E. Kindscher, A. Kock … [and others]
221 3796 1923 68 Authorized English translation edited by B. F. Dunbrook …
221 3872 1983 55 and V. H. Morris … in collaboration with … members of the
