2350 4196
1135 4005 132 52 1498

215 373 182 54 Bible.
471 375 262 68 English.
806 376 324 53 Selections.
1206 381 150 48 1934.

283 451 56 51 A
375 450 125 53 first
540 450 191 68 Bible;
772 452 324 53 illustrated
1132 452 75 68 by
1246 450 187 53 Helen
1475 450 218 54 Sewell.
1767 450 259 69 London,
2066 450 136 51 New

217 526 161 54 York
407 533 137 62 [etc.]
578 527 229 55 Oxford
833 529 316 68 university
1175 546 175 50 press,
1380 528 148 52 1934.

284 599 97 48 109,
414 602 54 48 [1]
493 610 43 38 p.
561 601 109 41 incl.
697 601 160 40 front.,
883 602 170 47 plates.
1117 601 55 40 28½
1205 603 42 20 cm
1254 634 7 6 .

289 656 285 41 Illustrated
601 656 361 51 lining-papers.

287 713 228 41 “Printed
540 716 50 37 in
616 716 80 39 the
722 715 179 40 United
932 715 161 41 States
1119 716 51 40 of
1191 715 239 39 America."

289 769 214 42 Selected
529 772 95 39 and
651 774 236 45 arranged
917 773 58 46 by
1003 772 122 40 Jean
1150 772 132 40 West
1307 771 191 46 Maury,
1583 771 19 45 cf.
1642 771 270 40 Foreword.

221 825 50 51 ©
304 830 100 40 Oct.
434 831 67 45 11,
531 830 140 46 1934;
701 830 65 40 2c.
800 831 99 39 Oct.
930 831 54 39 16;
1045 831 80 40 aff.
1160 832 97 39 Oct.
1291 832 53 37 17;
1403 831 43 37 A
1475 830 167 45 76581;
1677 830 187 40 Oxford
1896 831 127 38 univ.
2056 839 148 39 press.

288 887 114 38 New
431 887 142 40 York.
605 887 103 40 inc.,
738 888 116 39 New
883 889 143 38 York.
1091 887 280 48 [Copyright
1398 888 40 38 is
1469 887 201 39 claimed
1703 898 59 28 on
1789 887 242 39 foreword.
288 888 1902 95 illustrations
524 945 94 38 and
646 948 394 44 rearrangement
1067 945 49 40 of
1144 947 115 45 text]
1333 944 278 46 (34-37647)

218 1016 230 66 Brown,
480 1019 154 53 John
668 1021 223 63 Mason,
929 1024 170 48 1900-

288 1093 219 55 Letters
555 1095 152 53 from
751 1114 331 48 greenroom
1127 1098 192 65 ghosts
1370 1097 109 65 [by]
1531 1097 155 52 John
1730 1096 201 51 Mason
1977 1097 230 49 Brown.

219 1171 138 52 New
385 1171 178 65 York,
591 1173 121 52 The
740 1172 219 67 Viking
988 1192 173 48 press.
1189 1177 149 49 1934.

288 1244 87 40 207
409 1253 43 40 p.
512 1243 146 42 21½cm.

569 1300 219 42 CONTENTS.—Sarah
822 1301 206 41 Siddons
1059 1304 51 38 to
1140 1301 272 41 Katharine
1444 1300 365 49 Cornell.—Peg
1841 1301 283 45 Woffington
2161 1303 45 36 to

223 1356 87 42 Ina
340 1356 554 50 Claire.—Christopher
922 1358 230 40 Marlowe
1181 1360 48 38 to
1258 1358 192 48 Eugene
1481 1356 471 41 O'Neill.—Richard
1985 1356 227 47 Brinsley

223 1412 238 42 Sheridan
499 1416 48 39 to
584 1414 118 40 Noel
738 1413 419 47 Coward.—Inigo
1193 1413 146 40 Jones
1374 1416 50 37 to
1460 1413 179 40 Robert
1678 1413 213 40 Edmond
1933 1413 157 39 Jones.

225 1466 1983 51 © Nov. 5. 1934; 2c. Nov. 5; aff. Nov. 6; A 77118; J. M. Brown. New
291 1528 143 39 York.
505 1527 278 48 (34-37610)

222 1602 237 65 Cantor,
492 1601 203 66 Eddie,
731 1606 169 49 1893-

291 1679 279 67 Ziegfeld,
609 1679 96 54 the
746 1687 162 59 great
949 1679 269 66 glorifier,
1260 1680 73 65 by
1375 1680 186 51 Eddie
1604 1679 217 55 Cantor
1862 1678 111 52 and
2017 1677 189 53 David

223 1757 332 52 Freedman.
618 1757 140 53 New
786 1757 178 64 York,
992 1757 71 51 A.
1092 1757 75 52 H.
1195 1757 161 66 King
1388 1790 13 33 [
1404 1763 19 21 c
1428 1759 134 49 1934]

292 1827 86 42 166
402 1839 59 37 p.,
491 1830 25 38 1
565 1860 8 8 l.
631 1829 163 47 front.,
823 1831 148 46 ports.
1032 1829 55 38 21½
1121 1831 42 20 cm
1168 1860 7 8 .

293 1884 261 41 Published
585 1885 198 47 serially
816 1895 54 30 as
902 1884 215 48 Ziegfeld
1148 1885 94 39 and
1275 1885 75 39 his
1384 1884 177 41 Follies.
1608 1885 59 46 by
1700 1882 217 42 Collier’s
1948 1884 262 45 magazine.

226 1938 1875 51 © Nov. 9, 1934; 2c. and aff. Nov. 10; A 77191; Alfred H. King, inc.
304 1999 278 47 (34-37609)

225 2075 266 64 Carfrae,
523 2075 324 56 Elizabeth.

292 2152 163 65 Lady
481 2153 74 66 by
580 2152 299 68 marriage.
961 2153 356 65 [Instalment
1347 2157 44 60 1]

305 2226 79 47 (In
414 2222 159 42 Home
597 2223 128 49 chat,
756 2222 109 43 Oct.
890 2224 70 48 20,
992 2223 141 48 1934)

228 2278 1985 52 © 1c. Dec. 10. 1934; A ad int. 19719; pubd. Oct. 15; Elizabeth Carfrae
296 2339 230 41 Cradock.
556 2340 189 46 Hadley
775 2339 163 41 Wood.
972 2341 190 38 Sussex.
1195 2339 234 47 England.

226 2412 366 67 Chadourne,
625 2417 180 61 Marc,
839 2419 169 48 1895-

355 2489 1860 70 … Anahuac; ou, L’Indien sans plumes; ouvrage orné de 34
225 2566 1990 70 dessins originaux et de 22 culs-de-lampe, avec une carte dans le [
225 2648 150 49 texte
402 2647 66 51 de
494 2645 104 54 Th.
626 2646 272 52 Brenson.
961 2645 185 68 Paris,
1172 2646 146 52 Plon
1371 2649 151 64 [1934]

295 2717 84 51 xii,
404 2717 85 41 329
513 2728 29 37 p.,
595 2718 20 38 1
666 2750 7 7 l.
734 2718 50 38 ill
792 2728 70 30 us.
892 2718 131 48 (incl.
1050 2718 169 40 double
1246 2719 133 47 map)
1448 2718 56 41 20
1507 2721 43 22 cm
1558 2756 6 6 .

231 2771 1788 53 © Apr. 17. 1934; 1c. Aug. 30; A- Foreign 25489; Librairie Plon.
308 2833 277 48 (34-38512)

228 2905 208 67 Chase,
468 2909 275 65 Herbert,
778 2914 168 49 1885-

295 2982 108 53 Die
436 2985 273 67 castings;
746 2985 149 52 their
929 2986 214 68 design,
1176 2989 388 67 composition,
1598 2985 367 71 application,
231 2984 1959 142 specification,
475 3061 210 68 testing
727 3063 110 51 and
877 3061 290 69 finishing,
1207 3064 73 66 by
1321 3064 248 55 Herbert
1612 3065 198 67 Chase,
1905 3109 10 9 M.
1997 3106 10 9 E.
2077 3062 134 51 New

231 3134 174 69 York,
429 3136 53 53 J.
511 3137 148 53 Wiley
721 3140 44 49 &
792 3157 141 50 sons,
958 3139 104 53 inc.;
1120 3140 253 54 London.
1402 3141 295 69 Chapman
1723 3144 45 49 &
1792 3141 158 66 Hall,
1976 3140 238 64 limited,

231 3215 148 50 1934.

297 3283 101 42 viii,
426 3284 83 39 264
537 3296 41 36 p.
634 3287 141 48 illus.,
804 3288 176 47 diagrs.
1037 3288 55 39 23½
1124 3292 43 21 cm
1174 3323 5 7 .
1287 3290 129 44 $3.50

231 3337 1984 55 © Oct. 2. 1934; 2c. and aff. Oct. 5; A 76316; H. Chase. Forest Hills.
297 3399 52 37 N.
383 3400 49 39 Y.
504 3401 277 48 (34-37675)

229 3473 351 55 Committee
611 3494 72 36 on
714 3479 102 52 the
847 3481 253 65 grading
1130 3484 62 52 of
1223 3484 253 64 nursing
1504 3483 249 55 schools.

295 3547 257 72 Nursing
591 3552 217 55 schools
849 3556 174 68 today
1064 3560 111 51 and
1217 3564 336 60 tomorrow;
1598 3557 139 54 final
1780 3564 193 61 report
2019 3555 64 54 of
2122 3555 95 53 the

228 3622 335 57 Committee
609 3648 70 33 on
723 3631 96 52 the
864 3633 248 64 grading
1157 3635 64 53 of
1263 3637 244 60 nursing
1552 3636 234 53 schools.
1871 3634 138 54 New
2058 3631 158 53 York

223 3700 134 68 city,
387 3706 149 50 1934.

293 3771 86 44 268
403 3785 44 37 p.
476 3776 105 40 incl.
609 3778 126 40 illus.
765 3780 158 48 (map)
959 3782 168 51 tables,
1155 3785 183 49 diagrs.
1398 3784 116 42 20cm.

228 3827 1973 115 © Sept. 26. 1934; 2c. and aff. Oct. 13; A 75766; Committee on the grading of nursing schools, New York. (34-37415)
