2350 4196
1097 4011 99 48 409

139 364 283 62 Marston,
453 362 99 53 Sir
582 360 261 64 Charles,
876 358 172 54 1867-

205 437 137 52 New
375 437 165 53 Bible
570 437 264 52 evidence
865 435 153 53 from
1048 436 95 51 the
1176 437 308 50 1925-1933
1517 433 380 70 excavations,
1928 433 74 68 by
2039 432 94 55 Sir

133 512 1974 149 Charles Marston … New York [etc.] Fleming H. Eevell company [ c 1934]
202 666 86 40 249
319 677 42 37 p.
422 665 162 47 front.,
617 665 127 40 illus.
775 665 157 48 (map)
975 664 171 48 plates.
1208 662 55 40 21
1268 664 44 22 cm
1316 695 9 9 .

205 735 196 40 London
435 734 182 41 edition
660 735 150 48 (Eyre
844 735 94 39 and
973 733 376 48 Spottiswoode)
1393 733 87 41 has

1515 733 134 41 title:
1685 734 101 39 The
1819 744 107 30 new
133 732 1984 105 knowledge
279 793 150 38 about
455 792 81 40 the
566 790 89 42 Old
682 791 295 41 Testament.

138 859 50 52 ©
221 865 120 38 Mar.
372 865 68 45 17,
471 864 113 39 1934;
643 864 66 39 2c.
741 863 95 40 and
867 862 80 42 aff.
981 863 120 39 Mar.
1133 862 53 39 27;
1248 862 39 38 A
1319 861 142 40 71052;
1523 861 222 49 Fleming
1773 863 60 39 H.
1867 861 166 41 Revell
2066 871 67 31 co.

217 920 249 48 (34-7584)

136 1035 474 55 Massachusetts
659 1038 185 67 digest
892 1037 325 55 annotated,
1267 1036 131 53 1761
1446 1041 59 47 to
1552 1036 147 68 date,
1745 1035 269 68 covering
2059 1035 77 52 all

204 1131 150 37 cases
391 1116 267 67 reported
696 1116 59 51 in
793 1115 443 53 Massachusetts
1274 1119 223 63 reports
1537 1115 112 51 and
1689 1115 185 53 North
1915 1118 221 49 eastern

204 1199 273 61 reporter,
527 1194 139 52 with
715 1199 227 46 current
990 1193 343 51 cumulative
1383 1193 203 67 pocket
1633 1193 210 52 service
1891 1193 246 67 keeping

203 1271 1935 68 the digest always to date … By the publisher’s editorial
204 1348 149 55 staff,
430 1368 50 36 v.
522 1353 183 49 12-14.
784 1352 231 65 Boston,
1053 1349 194 58 Little,
1286 1353 230 65 Brown,
1555 1350 111 51 and
1704 1368 307 50 company;
2054 1351 83 54 St.

205 1428 164 68 Paul,
397 1432 160 52 West
585 1428 335 69 publishing
948 1447 77 36 co.
1062 1462 12 33 [
1080 1436 17 20 c
1103 1431 150 63 1934]

208 1504 26 39 3
263 1516 41 27 v.
361 1503 55 39 26
420 1505 43 21 cm
470 1536 7 7 .

551 1584 42 29 CONTENTS.—v.
632 1573 69 41 12.
739 1573 512 40 Insurance-Judicial
1287 1573 248 40 sales.—v.
1571 1571 71 42 13.
1679 1572 463 48 Jury-Marshaling

141 1635 156 37 assets
325 1633 95 38 and
448 1631 375 40 securities.—v.
855 1629 72 42 14.
955 1632 184 38 Master
1168 1632 94 38 and
1292 1631 458 40 servant-Motions.

144 1698 50 52 ©
228 1704 118 39 Mar.
377 1702 68 47 26,
477 1702 139 41 1934;
650 1702 65 39 2c.
747 1703 116 38 each
895 1702 111 47 Apr.
1037 1701 82 46 20;
1153 1701 106 40 affs.
1290 1702 114 46 Apr.
1436 1700 82 48 25;
1552 1701 42 39 A
1624 1699 347 49 72154-72156;
2006 1701 134 40 West

215 1761 106 46 pub.
352 1771 65 29 co.
448 1761 95 38 and
572 1759 162 47 Little,
763 1759 191 46 Brown,
985 1760 94 38 and
1108 1769 246 36 company.

144 1878 188 64 Mead,
362 1880 137 51 Mrs.
532 1879 154 51 Kate
718 1877 297 64 Campbell
1047 1877 229 64 (Hurd)
1317 1877 170 54 1867-

212 1953 248 53 Medical
491 1971 219 35 women
742 1953 63 53 of
837 1953 293 68 America;
1169 1973 29 33 a
1234 1954 161 53 short
1426 1953 222 70 history
1684 1953 63 53 of
1782 1954 98 52 the
1912 1953 231 68 pioneer

143 2032 239 52 medical
409 2049 216 34 women
654 2031 63 53 of
743 2031 265 53 America
1037 2032 113 52 and
1178 2031 63 52 of
1269 2051 31 33 a
1328 2031 112 53 few
1470 2032 63 53 of
1561 2031 150 53 their
1739 2031 316 69 colleagues
2083 2031 59 52 in

145 2109 288 69 England,
472 2110 73 68 by
586 2109 155 53 Kate
780 2109 297 69 Campbell
1116 2109 390 69 Hurd-Mead,
1546 2129 68 34 m.
1656 2130 47 33 d.
1783 2110 138 53 New
1964 2109 181 69 York,

144 2187 225 53 Froben
399 2206 172 50 press,
603 2190 149 50 1933.

213 2259 1846 51 95, [16], p. illus. (incl. ports.) 23½ cm . [Historia medicinae. vol. VII]
218 2316 424 48 “Autobiography
681 2317 52 40 of
769 2317 253 41 Elizabeth
1063 2316 217 49 Cushier,
1320 2318 162 40 edited
1520 2317 61 47 by
1622 2316 254 42 Elizabeth
1918 2318 53 41 B.
146 2318 1984 103 Thelberg,

351 2406 8 8 M.
418 2373 38 41 D.”
476 2385 8 28 :
516 2383 43 38 p.
594 2373 189 50 [85]-95.

218 2428 146 43 Short
394 2430 335 48 bibliography
763 2430 223 41 included
1017 2431 49 39 in
1099 2431 80 40 the
1210 2430 209 48 preface.

150 2498 50 52 ©
233 2503 110 40 Feb.
373 2504 38 45 1,
443 2502 141 47 1934,;
617 2502 66 41 2c.
714 2503 95 39 and
840 2502 80 40 aff.
954 2504 120 38 Mar.
1106 2503 80 46 14;
1220 2503 42 39 A
1290 2502 171 48 70661;
1496 2503 189 40 Froben
1717 2514 148 38 press.

228 2560 249 48 (34-7625)

152 2679 152 65 Moll,
335 2677 229 67 Albert,
599 2681 171 50 1862-

217 2756 207 53 Libido
466 2756 273 68 sexualis;
786 2756 214 54 studies
1041 2757 59 52 in
1144 2757 95 53 the
1282 2758 411 68 psychosexual
1738 2759 138 52 laws
1920 2758 64 53 of
2028 2759 124 52 love

150 2834 232 54 verified
412 2835 75 66 by
519 2835 227 53 clinical
775 2838 192 51 sexual
1000 2854 124 35 case
1151 2836 282 68 histories,
1463 2837 75 68 by
1570 2837 204 55 Albert
1807 2838 163 68 Moll,
2059 2881 9 10 M.
2141 2880 9 10 D.

151 2914 136 52 New
320 2913 179 68 York,
529 2913 306 54 American
867 2914 379 69 ethnological
1279 2934 175 50 press,
1489 2920 150 50 1933.

219 2986 864 50 5 p. l., 13-384 p. diagr. 22½ cm .
223 3057 1930 48 “Limited to 1500 copies; the sale … is restricted to adult students of
151 3114 79 39 the
261 3113 148 41 social
440 3114 213 41 sciences
681 3115 95 39 and
805 3116 351 48 psychopathia
1188 3116 259 41 sexualis.”

223 3169 1928 50 “ ‘Untersuchungen über die libido sexualis’ … has been translated
152 3226 102 41 into
283 3226 203 49 English
513 3229 59 46 by
604 3227 159 41 David
794 3228 347 49 Berger.”—2d
1172 3230 183 48 prelim,
1387 3230 116 42 leaf.

221 3284 160 39 Blank
412 3294 145 37 pages
594 3284 271 41 “Reserved
899 3285 77 41 for
1009 3286 276 41 notations”
1315 3287 252 48 (381-384)

222 3340 376 48 Bibliography:
632 3352 43 37 p.
710 3341 247 50 [375]-380.

159 3406 50 52 ©
244 3411 100 40 Oct.
376 3411 68 47 16,
475 3411 140 47 1933;
648 3412 26 38 2
676 3421 39 31 c.
746 3412 117 39 Nov.
896 3412 52 47 9;
981 3413 80 41 aff.
1094 3414 117 40 Nov.
1244 3414 81 47 10;
1361 3416 40 37 A
1433 3415 169 48 66983;
1637 3416 88 39 Am
1732 3427 63 30 er.
1829 3414 323 49 ethnological

227 3478 147 37 press.
446 3467 250 49 (34—7635)

153 3586 314 63 Monfreid,
497 3588 186 52 Henri
710 3588 88 55 de.

229 3660 219 55 Secrets
471 3662 63 53 of
559 3664 96 51 the
735 3665 67 52 Red
828 3683 109 49 sea,
962 3665 74 68 by
1061 3666 203 69 Henry
1290 3667 67 52 de
1383 3667 326 69 Monfreid;
1737 3669 318 53 translated
2081 3669 74 69 by

157 3738 186 54 Helen
373 3741 316 52 Buchanan
718 3743 142 52 Bell.
926 3744 257 66 London,
1214 3744 187 53 Faber
1429 3747 45 51 &
1503 3746 185 53 Faber
1719 3746 222 53 limited
1979 3749 171 64 [1934]

232 3825 80 49 vii,
342 3826 86 40 317
456 3837 44 37 p.
559 3828 164 46 front.,
751 3829 170 48 plates,
952 3833 149 45 ports.
1161 3830 54 40 21
1220 3832 44 23 cm
1269 3864 8 7 .

165 3880 1992 59 © 1c. Apr. 3, 1934; A ad int. 18792; pubd. Feb. 8; Harper & bros., New
233 3941 141 40 York.
446 3943 250 48 (34-9376)
