2350 4196
1133 4003 133 48 1214

206 378 204 63 Ségur,
444 377 312 57 Adrienne.

279 455 276 53 Cotonnet
589 474 65 33 en
686 456 320 66 Amérique,
1037 460 147 47 texte
1215 463 49 44 et
1298 456 212 49 dessins
1543 472 102 48 par
1676 453 288 52 Adrienne
1998 453 196 67 Ségur.

208 533 182 55 Paris,
422 532 430 53 Firmin-Didot
882 547 50 38 et
964 553 25 32 c
994 533 33 27 ie
1061 535 168 64 [1933]

279 604 1916 49 SO p. col. mounted front., col. illus., col. mounted plates. 20 ½ × 18 ½cm .
215 672 1983 51 ® Dec. 15. 1933; 1c. Jan. 30. 1934; A- Foreign 23591; Firmin-Didot &
282 733 80 39 cie.
438 734 276 46 (34-31104)

210 834 307 67 Sherman,
553 837 281 52 Franklin
870 838 69 62 J.,
979 837 169 53 1897-

278 913 243 51 Modern
552 921 156 55 story
740 914 61 51 of
832 915 218 51 mutual
1081 914 227 66 savings
1337 912 179 51 banks;
1580 931 28 32 a
1639 912 288 51 narrative
1958 911 61 52 of
2050 911 146 51 their

213 991 217 67 growth
482 992 111 51 and
637 992 393 67 development
1074 991 149 52 from
1267 991 94 51 the
1406 991 284 66 inception
1736 995 57 47 to
1835 989 93 52 the
1973 995 222 61 present

213 1068 111 67 day,
377 1069 71 66 by
483 1069 282 51 Franklin
800 1070 55 53 J.
895 1069 292 66 Sherman,
1223 1068 137 52 with
1399 1088 27 32 a
1466 1068 282 52 foreword
1785 1068 72 67 by
1892 1068 198 67 Philip
2128 1069 67 50 A.

219 1146 1976 54 Benson … 1st ed., 1934. New York. Printed by J. J. Little
213 1224 804 67 and Ives company [ c 1934]
285 1295 111 42 xvii.
428 1296 80 40 501
544 1293 39 50 p.
644 1297 153 47 plates.
843 1301 159 44 ports.,
1036 1297 176 48 diagrs.
1271 1296 53 39 24
1331 1299 41 20 cm
1378 1329 6 6 .

216 1364 1979 51 © May 18. 1934; 2c. Aug. 31; aff. Aug. 30; A 74725; F. J. Sherman.
281 1426 229 39 Yonkers.
590 1458 6 6 N.
629 1427 49 36 Y.
756 1424 275 47 (34-31049)

207 1526 294 65 Shotwell,
533 1529 199 53 James
764 1530 312 61 Thomson,
1112 1532 125 48 1874-
1492 1530 82 51 ed.

280 1606 117 51 The
436 1606 214 66 origins
687 1605 62 51 of
784 1606 95 51 the
915 1606 416 52 International
1368 1605 159 52 labor
1565 1607 409 65 organization,
2012 1608 179 52 edited

212 1682 1983 69 by James T. Shotwell … New York. Columbia university
214 1780 166 47 press.
416 1764 147 48 1934.

214 1833 1966 155 2 v. fold. tab. 24cm. (Half-title: The Carnegie endowment for international peace … The Paris Peace conference, history and documents)
286 2006 170 37 Errata
489 2005 91 38 and
610 2003 219 39 addenda:
888 2003 24 38 2
940 2003 100 40 fold.
1086 2004 157 38 leaves
1270 2003 97 39 laid
1399 2004 61 38 in.

557 2071 103 28 CONTENTS.—v.
695 2058 40 41 1.
766 2060 325 46 History.—v.
1119 2058 43 41 2.
1192 2059 307 41 Documents.

216 2128 50 50 ©
302 2132 126 46 Sept.
462 2133 37 37 1.
535 2131 112 39 1934;
709 2130 65 40 2c.
809 2131 116 38 each
963 2130 125 46 Sept.
1122 2131 22 37 1;
1210 2129 79 40 aff.
1328 2130 126 47 Sept.
1490 2131 24 37 5;
1578 2131 38 37 A
1651 2131 139 38 74762;
1857 2130 233 47 Carnegie
284 2140 1897 87 endowment
555 2188 77 39 for
669 2189 245 37 internatl.
952 2196 156 38 peace,
1145 2187 331 47 Washington.
1550 2186 276 48 (34-30910)

208 2292 212 54 Smith.
452 2292 208 52 Milton
694 2291 241 63 Asbury.

284 2366 234 55 Smith’s
563 2367 242 68 epitome
850 2366 63 54 of
955 2367 93 52 the
1093 2366 191 68 Bible;
1332 2381 153 38 more
1532 2368 139 51 than
1716 2367 156 52 three
1917 2366 283 53 thousand

213 2444 154 53 three
399 2445 258 52 hundred
692 2445 316 66 important
1038 2444 284 68 questions
1358 2445 286 52 answered
1676 2444 76 68 by
1787 2444 247 53 Biblical
215 2460 1960 115 quotations.
522 2523 118 51 The
688 2522 178 52 whole
917 2521 278 70 carefully
1243 2522 243 53 indexed
1534 2522 92 53 for
1676 2522 174 69 ready
1899 2521 298 53 reference.

212 2599 208 53 Milton
458 2600 69 51 A.
569 2599 206 58 Smith,
813 2600 231 57 author;
1087 2599 185 53 edited
1310 2599 34 53 by
1422 2600 136 53 Rev.
1594 2600 261 53 William
1892 2599 309 53 Frederick

766 2658 7 9 .
1348 2655 19 12 .

212 2675 1983 63 Dunkle. Tallahassee. Fla., Smith publishing company [ c 1934]
284 2751 25 38 3
336 2761 41 36 p.
426 2783 6 7 l.,
477 2749 84 40 346
588 2759 42 37 p.
691 2749 143 39 21½cm.

217 2817 50 50 ©
304 2822 118 41 Aug.
459 2821 68 39 24.
564 2820 113 40 1934;
744 2820 63 40 2c.
848 2822 93 38 and
979 2821 78 39 aff.
1101 2822 125 46 Sept.
1262 2823 25 37 1;
1354 2822 40 38 A
1431 2821 141 40 74728;
1640 2822 60 39 M.
1739 2822 52 38 A.
1834 2821 168 47 Smith,
282 2821 1896 97 Tallahassee.
494 2878 101 38 Fla.
670 2876 276 46 (34-31090)

209 2977 212 66 Smith,
457 2981 244 52 Warren
741 2978 282 64 Hunting,
1064 2983 168 50 1905-

282 3056 391 52 Architecture
710 3056 52 50 in
801 3056 241 64 English
1077 3057 205 53 fiction,
1314 3058 73 67 by
1418 3059 239 50 Warren
1691 3057 269 67 Hunting
1996 3056 202 54 Smith.

212 3134 136 51 New
383 3133 221 66 Haven,
641 3133 142 52 Yale
819 3133 313 67 university
1167 3151 181 50 press;
1386 3135 254 66 London,
1677 3136 74 49 H.
1788 3131 263 69 Milford,
213 3133 1966 130 Oxford
376 3211 315 66 university
723 3228 171 48 press,
929 3213 146 49 1934.

214 3284 1969 96 4 p. l., 236 p. front., plates. 23cm. (Half-title: Yale studies in English. vol. LXXXIII)
285 3396 144 39 “This
454 3397 157 46 study,
639 3396 48 39 in
713 3397 63 39 its
802 3395 203 48 original
1031 3396 140 46 form,
1197 3407 100 29 was
1323 3400 223 44 accepted
1575 3399 58 45 by
1661 3399 78 37 the
1767 3397 246 40 Graduate
2039 3398 157 38 school

212 3455 51 38 of
292 3453 117 39 Yale
440 3453 268 46 university
740 3463 53 28 as
823 3463 26 28 a
881 3452 311 40 dissertation
1223 3453 77 39 for
1332 3455 79 38 the
1443 3455 169 45 degree
1643 3454 50 39 of
1723 3455 165 38 doctor
1918 3453 48 39 of
213 3453 1969 103 philosophy
345 3509 365 50 [1931]”—Pref.

217 3562 51 51 ©
301 3567 126 47 Sept.
457 3567 67 40 11,
554 3565 113 41 1934;
725 3565 65 40 2c.
821 3566 93 38 and
945 3564 79 41 aff.
1059 3565 123 47 Sept.
1213 3565 54 40 20;
1325 3568 42 37 A
1393 3566 142 40 75391;
1595 3568 71 38 W.
1697 3568 58 38 H.
1791 3566 168 40 Smith.
1994 3566 203 39 Geneva,

288 3624 52 37 N.
376 3624 50 38 Y.
500 3622 276 47 (34-31113)

209 3721 208 66 Spahr,
447 3726 222 51 Walter
698 3725 154 57 Earl,
887 3727 168 47 1891-
1266 3727 80 50 ed.

284 3801 304 54 Economic
619 3802 308 67 principles
956 3803 110 50 and
1097 3804 297 64 problems,
1423 3805 71 65 by
1524 3804 173 52 Louis
1727 3804 207 52 Bader,
1961 3802 160 53 Jules
2150 3799 46 52 I.

215 3877 1981 73 Bogen. Kenneth Dameron … [and others] Department of eco-
