2350 4196
1117 4043 133 53 1517

163 400 262 52 Indiana.
501 400 182 65 Laws,
711 402 255 60 statutes,
995 400 98 48 etc.

231 477 327 51 Annotated
613 477 246 50 Indiana
912 478 256 58 statutes,
1226 473 145 55 1933,
1422 468 333 66 containing;
1806 469 76 50 all
1932 471 115 48 acts
2098 464 62 53 of

164 575 30 32 a
220 554 224 68 general
476 556 108 50 and
615 555 190 65 public
831 557 201 47 nature
1061 552 54 50 in
1145 551 153 49 force
1329 547 332 67 September
1689 551 45 61 1,
1765 548 149 64 1933,
163 542 1973 149 including
305 635 115 50 also

461 633 94 51 the
596 635 145 49 state
782 632 108 51 and
935 630 218 51 federal
1197 626 418 55 constitutions,
1657 628 160 51 court
1857 625 149 51 rules
2049 621 113 52 and

164 711 214 50 certain
416 709 234 53 selected
695 710 219 51 federal
954 711 155 55 laws,
1150 707 74 51 all
1265 704 338 67 completely
1645 701 323 54 annotated.
168 700 1970 140 Edited
332 789 70 64 by
453 788 282 51 Harrison

789 790 206 55 Burns,
1045 785 217 52 revised
1310 785 73 65 by
1434 781 305 67 Benjamin
1791 782 65 50 F.
1905 782 255 52 Watson.

165 866 139 51 This
338 867 212 50 edition
587 867 72 65 by
694 868 93 50 the
822 864 337 68 publisher’s
1192 862 266 52 editorial
1492 856 134 56 staff
1666 903 54 8 ...
1794 876 49 35 v.
1883 861 78 50 10.
167 855 1975 141 [Offices
322 945 108 51 and
466 941 206 55 officers
703 951 58 45 to
793 943 303 53 Railroads
1128 941 107 51 and
1270 940 254 64 utilities]
1596 937 419 67 Indianapolis,
2045 936 119 51 The

166 1024 49 50 В
222 1014 387 61 obbs-Merrill
640 1041 278 48 company
953 1024 190 64 [c1934]

237 1096 59 40 vi,
354 1097 54 38 864
473 1129 7 6 p.
537 1097 115 39 26cm.

170 1150 50 50 ©
246 1155 117 38 Nov.
390 1152 67 43 39,
483 1152 138 42 1934;
650 1155 65 37 2c.
742 1153 117 40 Nov.
886 1152 80 40 20;
998 1152 78 38 aff.
1106 1152 114 37 Nov.
1248 1149 81 41 23;
1359 1151 39 37 A
1424 1149 170 44 77388;
1626 1145 368 41 Bobbs-Merrill
2021 1154 67 32 со.

167 1255 230 65 Jacobs,
429 1256 202 63 Harry
661 1253 271 66 Kalman,
968 1257 169 51 1894-
1351 1270 176 49 comp.

236 1330 303 69 Assembly
579 1332 230 51 manual
855 1331 91 52 for
989 1349 95 34 use
1126 1331 59 51 in
1228 1330 218 53 Jewish
1489 1329 273 69 religious
1802 1328 238 68 schools,
172 1345 1974 132 arranged

422 1409 73 68 by
535 1409 182 52 Rabbi
759 1401 198 76 Harry
996 1408 73 52 K.
1108 1408 208 53 Jacobs
1379 1408 131 66 [and]
1555 1408 200 69 Harry
1797 1406 63 56 C.
1903 1405 264 69 Shapiro.

175 1487 153 62 [New
357 1486 179 56 York,
560 1488 240 51 Printed
828 1488 73 54 by
930 1487 68 51 A.
1030 1486 191 52 Bobbs
1247 1503 299 46 company,
1573 1491 18 22 c
1596 1488 136 50 1934]

242 1559 524 48 2 p. l., 47 p. 18½ cm .
176 1615 1997 52 © Aug , 20. 1934; 2c. and aff. Aug ·. 25; A 74673; H. K. Jacobs and Harry
244 1676 47 40 C.
327 1676 217 47 Shapiro.
575 1677 296 38 Woodmere.
906 1676 49 39 L.
987 1678 50 38 I..
1071 1677 52 37 N.
1155 1676 49 38 Y.
1279 1675 279 49 (34-38174)

173 1766 187 65 Kelly,
387 1767 309 63 Raymond
728 1768 311 62 Ransome,
1073 1769 169 49 1882-

247 1841 149 69 O-go
419 1842 94 54 the
540 1843 216 65 beaver,
781 1842 71 67 by
878 1841 297 67 Raymond
1202 1842 202 68 Kelly;
1432 1841 261 69 pictured
1719 1842 72 67 by
1814 1841 156 53 Kurt
1995 1841 179 53 Wiese

182 1966 53 7 ...
306 1920 267 67 Chicago,
604 1920 65 52 A.
700 1921 299 53 Whitman
1023 1922 45 49 &
1094 1939 96 47 со.,
1220 1922 148 49 1934.

243 1991 85 40 148
355 2002 41 37 p.
424 1993 107 39 incl.
559 1992 141 45 illus.,
727 1992 85 40 col.
839 1993 169 46 plates.
1064 1992 55 38 22
1123 1995 43 20 cm
1172 2025 6 8 .

246 2049 287 39 Illustrated
565 2054 95 41 t.-p.
691 2049 94 39 and
815 2050 189 38 colored
1032 2049 363 48 lining-papers.

245 2106 203 40 “Junior
483 2116 134 36 press
651 2105 189 40 books.”

181 2162 50 52 ©
258 2167 101 40 Oct.
384 2167 67 46 11,
479 2166 113 39 1934;
646 2166 66 39 2c.
738 2166 116 40 Nov.
880 2166 54 38 15;
990 2165 79 39 aff.
1096 2166 117 39 Nov.
1239 2167 24 35 5;
1320 2167 38 37 A
1383 2165 140 41 78125;
1581 2167 168 39 Albert
1775 2167 252 39 Whitman
2052 2167 35 39 &
2111 2178 66 29 со.

259 2222 278 49 (34-37987)

182 2284 353 65 McLennan,
568 2285 153 53 John
754 2283 273 66 William,
1064 2288 169 49 1858-

246 2364 55 51 A
339 2382 122 34 new
501 2361 171 69 guide
711 2367 57 48 to
809 2361 294 56 Christian
1144 2363 388 67 discipleship,
1573 2364 72 52 its
1688 2366 169 65 what,
1894 2366 130 65 why
2065 2366 109 51 and

176 2442 143 65 how,
346 2442 74 66 by
444 2442 155 52 John
627 2442 87 51 W.
742 2441 332 51 McLennan
1108 2486 53 8 ...
1193 2441 387 53 introduction
1609 2443 72 66 by
1710 2444 237 53 Francis
1978 2443 201 55 Shunk

179 2518 1995 71 Downs ... New York [etc.] Fleming H. Revell company [ c 1934]
249 2592 55 40 95
337 2603 42 36 p.
440 2592 147 39 front.
650 2591 55 40 19½
738 2594 43 21 cm
787 2624 7 7 .

185 2646 50 51 ©
266 2651 100 40 Oct.
396 2651 68 42 13.
493 2649 140 41 1934;
664 2648 65 41 2c.
760 2651 93 38 and
881 2649 79 39 aff.
994 2650 100 40 Oct.
1122 2649 54 40 20;
1234 2651 41 37 A
1299 2650 143 41 75876;
1503 2651 221 49 Fleming
1750 2653 60 38 H.
1840 2652 169 39 Revell
2034 2661 69 31 со.

263 2707 278 49 (34-37968)

186 2797 262 63 Manges,
477 2797 226 53 Walter
732 2798 85 63 E.,
849 2815 175 49 comp.

255 2871 256 54 Western
558 2872 421 67 Pennsylvania
1025 2880 175 62 poets,
1244 2893 71 33 an
1361 2876 329 68 anthology,
1738 2878 257 66 1934-35,
187 2893 1975 122 compiled
376 2950 72 67 by

483 2950 220 52 Walter
742 2950 64 53 E.
845 2951 236 68 Manges
1119 2954 109 51 and
1267 2951 187 54 David
1497 2953 64 51 E.
1605 2954 258 65 Nichols;
1904 2954 280 51 foreword

185 3027 71 59 by
305 3027 219 68 George
572 3027 200 53 Seibel.
858 3029 357 70 Pittsburgh,
1262 3032 98 50 Pa.,
1428 3032 329 67 Anthology
1808 3031 380 69 publications

193 3107 191 65 [c1934]

256 3177 716 47 4 p. l., 259 p. illus. 24½ cm
257 3234 127 39 Title
413 3235 170 39 within
613 3238 304 37 ornamental
945 3237 185 39 border.

260 3292 372 46 “Biographical
660 3291 167 40 notes”;
884 3303 42 37 p.
955 3293 216 40 241-253.

193 3347 50 51 ©
278 3352 126 47 Sept.
435 3353 16 37 3
465 3353 37 41 5,
534 3351 140 41 1934;
708 3354 69 38 2c.
803 3353 116 40 Nov.
951 3353 51 40 2;
1036 3354 80 38 aff.
1152 3354 98 39 Oct.
1283 3355 80 42 18;
1397 3356 40 38 A
1470 3356 168 47 76877;
1674 3358 273 45 Anthology
261 3357 1909 91 publications.
474 3409 279 47 (34-38153)

194 3498 185 66 Mead,
413 3501 198 51 Frank
644 3502 273 64 Spencer,
954 3505 169 49 1898-

258 3579 102 50 250
394 3577 165 52 Bible
592 3577 394 68 biographies;
1024 3580 341 53 thumb-nail
1406 3584 252 52 sketches
1692 3583 63 51 of
1787 3584 94 51 the
1914 3602 128 34 men
2078 3587 107 50 and

191 3672 216 37 women
436 3655 64 52 of
527 3657 94 50 the
651 3657 182 56 Bible,
861 3657 75 67 by
966 3659 197 51 Frank
1192 3660 56 53 S.
1279 3661 186 51 Mead.
1543 3662 137 51 New
1712 3663 161 50 York
1902 3665 112 51 and
192 3664 1974 133 London,

346 3733 233 66 Harper
604 3738 45 48 &
672 3734 276 56 brothers.
977 3740 146 49 1934.

265 3806 622 47 xi p., 1 l., 250 p. 21 cm .
268 3860 160 42 “First
460 3862 226 41 edition.”

202 3915 50 50 ©
285 3919 99 40 Oct.
415 3920 68 47 25,
514 3919 141 48 1934;
687 3920 65 40 2c.
788 3922 100 40 Oct.
919 3921 81 49 23;
1036 3924 80 39 aff.
1150 3925 99 39 Oct.
1280 3925 81 47 27;
1396 3927 41 37 A
1467 3925 169 47 75966;
1671 3927 194 44 Harper
1893 3927 38 40 &
1962 3928 121 38 bros.

279 3975 278 49 (34-37967)
