2350 4196
1116 4008 130 48 1192

197 379 316 65 Hendrick,
549 382 147 65 Ives,
733 385 168 51 1898-

269 472 169 50 Facts
485 472 110 51 and
641 472 241 53 theories
927 474 63 51 of
1035 474 461 67 psychoanalysis
1565 474 90 66 [by]
1707 476 127 51 Ives
1879 477 311 66 Hendrick,

342 549 1051 69 M. D. New York, A. A. Knopf, 1934.
271 621 1138 51 3 p. l., v-xi, 308. xii p., 1 l. diagrs. 21 cm .
302 678 133 40 "First
468 678 195 41 edition."

274 735 340 48 “Suggestions
642 736 77 39 for
747 736 193 40 further
968 736 255 47 reading":
1256 747 39 36 p.
1325 736 216 40 304-308.

207 789 1983 54 © Sept. 10, 1934; 2c. and aff. Sept. 14: A 74914: Alfred A. Knopf, inc.
285 849 277 48 (34-30896)

199 952 351 65 Herrmann,
589 954 201 64 Ernst,
830 956 169 50 1890-

273 1043 293 54 Gletscher
588 1046 115 51 und
729 1046 259 52 vulkane.
1012 1063 109 34 von
1152 1047 171 49 Ernst
1344 1046 344 50 Herrmann.
1750 1046 215 66 Berlin,
207 1048 1960 126 Volksverband

510 1122 98 50 der
660 1120 471 57 Bücherfreunde,
1183 1121 566 68 Wegweiser-vertag
1802 1139 51 50 g.
1907 1141 71 33 m.
2033 1123 50 53 b.
2136 1124 53 52 h.

205 1232 11 32 [
224 1206 16 20 c
246 1202 135 49 1934
384 1232 12 33 ]

276 1272 652 49 311, [1] p. illus. 18 ½ cm .
280 1329 196 40 “Dieses
507 1330 131 39 werk
668 1330 65 39 ist
762 1330 66 38 im
857 1330 322 39 fünfzehnten
1207 1329 241 47 buehjahr
1481 1331 72 38 als
1586 1330 174 40 dritter
1792 1332 126 38 band
1950 1333 82 37 der
207 1332 1969 93 fünften
314 1386 502 40 wissenschaftlichen

841 1388 302 46 jahresreihe
1181 1387 105 47 (W)
1321 1386 81 39 für
1432 1388 76 39 die
1534 1388 273 47 mitglieder
1835 1389 82 38 des
208 1389 1968 94 Volksverbandes
417 1444 83 39 der
527 1443 385 40 bücherfreunde

941 1445 280 46 hergestellt
1250 1445 194 38 worden
1474 1445 96 39 und
1600 1445 118 38 wird
1749 1455 90 28 nur
1868 1455 60 29 an
1958 1446 129 39 diese
206 1448 1969 99 abgegeben.”

206 1554 1969 100 © Feb. 1. 1934; 1c. May 1; A -Foreign 24560; Volksverband der bücherfreunde.
522 1615 487 47 Wegweiser-verlag.
1041 1627 39 36 g.
1113 1627 58 27 m.
1199 1616 39 38 b.
1270 1617 43 37 h.
1387 1615 278 47 (34-30921)

200 1719 231 60 Holton,
467 1718 181 53 Edith
681 1719 237 65 Austin,
955 1723 170 48 1881-

275 1809 181 68 Cap’n
510 1809 152 52 Alf’s
715 1811 111 67 log,
877 1810 73 68 by
1002 1811 181 51 Edith
1235 1810 211 52 Austin
1501 1811 233 52 Holton.
1823 1812 137 51 New
2014 1810 176 65 York,

203 1888 246 52 Thomas
485 1888 70 52 Y.
590 1887 242 55 Crowell
868 1906 238 49 company
1183 1921 13 33 [
1202 1895 16 20 c
1224 1892 134 48 1934
1363 1921 11 32 ]

274 1960 360 49 312 p. 19 ½ cm .
206 2015 1982 50 © Sept. 20, 1934; 2c. Sept. 25: aff. Sept. 22: A 75493: Thomas Y.
274 2075 201 40 Crowell
506 2085 63 29 co.
647 2075 277 46 (34-30880)

198 2180 180 63 Horn,
412 2178 318 66 Holloway,
766 2182 168 51 1886-

270 2270 237 67 George,
536 2269 73 67 by
640 2269 303 67 Holloway
976 2269 182 51 Horn.
1232 2270 257 66 London,
1521 2270 64 52 F.
1616 2270 227 65 Muller,
1875 2269 102 52 ltd.
2016 2273 153 62 [1934]

275 2344 84 40 275
390 2355 41 37 p.
491 2343 53 40 19½cm.

206 2398 1967 100 © 1c. Aug. 25. 1934; A ad int. 19301; piubd. July 5: H. Horn. Hillsbrook.
469 2458 365 38 Berkhamsted.
872 2457 234 43 England.
1180 2457 277 48 (34-30551)

199 2563 195 64 Howe,
425 2563 202 52 James
659 2560 206 64 Virgil.

275 2652 119 52 The
424 2650 232 52 modern
685 2649 319 68 gunsmith;
1037 2669 31 31 a
1097 2650 170 66 guide
1297 2650 92 54 for
1419 2650 94 51 the
1546 2656 252 46 amateur
1829 2648 110 52 and
207 2649 1960 135 professional

429 2728 293 67 gunsmith
764 2727 59 51 in
863 2727 95 52 the
1001 2726 194 69 design
1238 2728 111 51 and
1392 2728 381 52 construction
1817 2725 62 53 of
1923 2725 267 70 firearms,

209 2807 137 52 with
371 2805 272 70 practical
668 2806 352 66 suggestions
1045 2804 92 52 for
1165 2805 75 51 all
1266 2805 126 52 who
1418 2805 114 51 like
1556 2822 160 50 guns,
1743 2804 73 67 by
1841 2805 191 53 James
207 2804 1959 147 Virgil

206 2881 1960 149 Howe … New York and London, Funk & Wagnalls company, 1934.
276 3032 25 39 2
328 3044 40 28 v.
426 3032 163 47 front.,
616 3031 141 46 illus.,
788 3030 176 48 diagrs.
1022 3030 56 39 27½
1109 3033 44 21 cm
1159 3063 7 7 .

278 3090 186 39 “Books
493 3088 362 40 recommended
882 3087 79 39 for
988 3089 81 38 the
1097 3089 251 39 student’’:
1379 3101 41 29 v.
1450 3091 38 46 1,
1517 3100 41 37 p.
1586 3090 99 40 424.

205 3146 1983 51 © Aug. 31. 1934; 2c. each and aff. Sept. 10: A 74864; Funk & Wagnalls
272 3219 64 28 co.
409 3205 277 50 (34-30722)

196 3310 195 65 Howe,
422 3311 170 52 Mark
623 3309 243 62 Antony
891 3308 85 52 De
1005 3306 207 66 Wolfe,
1246 3312 169 48 1864-

272 3400 183 69 Songs
483 3399 63 54 of
575 3398 346 68 September,
949 3398 74 68 by
1049 3398 79 52 M.
1159 3398 68 53 A.
1256 3399 283 54 DeWolfe
1567 3400 197 53 Howe.
1830 3400 216 50 Boston
2076 3398 110 52 and

200 3479 136 50 New
369 3478 176 53 York.
574 3476 318 68 Houghton
921 3475 202 52 Mifflin
1155 3493 295 52 company,
1483 3480 149 49 1934.

271 3547 628 53 ix. [1], 48, [1] p. 21½ cm .
271 3608 99 40 The
405 3617 161 38 poems
603 3606 224 39 included
864 3616 58 28 on
960 3614 145 38 pages
1143 3603 174 51 40-[49]
1359 3607 121 39 have
1519 3606 116 40 been
1677 3605 245 47 reprinted
1961 3604 123 39 from
2126 3614 59 28 an

201 3664 176 40 earlier
400 3664 122 40 book
548 3663 251 47 published
827 3662 48 38 in
902 3660 113 40 1930
1042 3662 151 38 under
1217 3662 81 38 the
1327 3671 129 30 same
1485 3661 121 45 title,
1635 3662 79 39 for
1739 3662 80 39 the
1847 3664 93 36 two
1967 3661 216 38 hundred

202 3721 93 38 and
331 3720 180 40 fiftieth
547 3720 315 44 anniversary
899 3718 50 39 of
987 3717 192 42 Bristol.
1217 3718 165 39 Rhode
1419 3717 181 47 Island,
1641 3717 276 48 September
1953 3716 68 41 24.
2060 3714 126 42 1930.

201 3776 99 40 The
331 3786 230 37 passages
596 3776 51 38 of
677 3785 129 28 more
841 3774 190 45 strictly
1065 3773 118 39 local
1220 3783 200 31 concern
1456 3775 122 39 have
1614 3774 117 40 been
1769 3773 200 41 omitted
2002 3773 51 39 in
2088 3771 98 41 this

198 3832 229 48 printing.

204 3888 1979 51 © Sept. 11. 1934; 2c. Sept. 15: aff. Sept. 13: A 75300: M. A. De W. Howe.
274 3949 193 38 Boston.
540 3946 251 48 (34-30858)
