2350 4196
1103 4010 65 54 77

133 358 118 52 The
284 374 126 36 new
447 357 230 65 Orient;
718 376 30 32 a
783 356 167 53 series
985 356 61 53 of
1081 355 384 70 monographs
1501 376 71 34 on
1608 358 264 55 Oriental
1905 357 219 57 culture

258 423 1870 88 … Chicago, Pub. for the New Orient society of America,
196 512 95 52 the
318 511 164 68 Open
511 517 161 47 court
697 509 337 72 publishing
1060 528 78 36 co.
1174 513 191 65 [c1933]

194 587 28 38 2
282 619 7 8 v.
347 587 190 46 fronts.,
564 586 129 39 illus.
724 585 130 48 (incl.
885 587 164 46 maps)
1084 586 171 47 plates,
1284 590 149 45 ports.
1492 587 147 40 23½cm.

203 644 95 40 Vol.
326 654 19 27 I
370 644 88 39 has
484 640 331 44 introduction
840 643 61 47 by
928 643 42 39 J.
1000 643 58 39 H.
1089 643 234 40 Breasted;
1381 643 89 40 vol.
1545 674 7 15 II,
1583 644 60 47 by
1670 643 234 40 Berthold
1934 644 194 40 Laufer.

197 700 222 40 Includes
451 698 390 50 bibliographies.

476 779 91 17 CONTENTS.—I.
599 757 101 39 The
730 756 129 40 Near
890 757 134 45 East,
1055 756 210 41 editors:
1297 757 54 39 A.
1384 758 52 39 E.
1469 757 224 48 Haydon,
1726 757 59 40 H.
1819 756 48 39 L.
1902 755 229 48 Hoskins,

130 820 49 32 A.
212 813 58 40 H.
305 813 199 49 Lybyer,
538 813 93 40 and
664 814 296 40 others.—II.
992 814 100 38 The
1126 813 95 39 Far
1254 813 133 46 East,
1421 812 183 42 editors:
1666 815 53 37 A.
1756 814 51 40 U.
1844 815 139 46 Pope,

131 802 1982 119 Berthold
292 870 194 46 Läufer,
517 869 184 49 Quincy
729 869 206 49 Wright,
966 871 92 39 and
1090 870 70 41 W.
1190 872 50 37 E.
1271 870 162 42 Clark.

163 959 5 5 v.
231 957 7 11 l,
271 923 54 51 ©
352 928 110 38 Dec.
492 927 69 40 18.
589 926 141 41 1933;
761 929 67 37 2c.
859 927 109 40 Jan.
997 927 39 40 2.
1067 926 140 41 1934;
1238 938 25 30 a
1271 927 48 39 ff.
1350 928 111 40 Jan.
1491 927 52 41 8:
1577 939 41 29 v.
1649 930 39 40 2,
1723 923 51 53 ©
1806 929 110 39 Jan.
2019 940 8 28 18:
2061 930 67 38 2c.

200 985 90 39 and
320 983 80 40 aff.
430 985 107 39 Jan.
566 985 54 38 27:
678 985 40 37 A
744 983 156 43 67933,
930 983 168 43 70043:
1131 986 131 47 Open
1290 988 139 37 court
1456 985 108 48 pub.
1595 997 65 29 co.

206 1039 249 51 (34-1724)

131 1141 381 66 Oppenheim,
544 1145 253 53 Edward
829 1144 264 67 Phillips,
1127 1149 169 50 1866-

198 1221 121 53 The
349 1220 235 70 gallows
614 1222 65 53 of
707 1222 225 68 chance,
965 1224 71 68 by
1067 1224 69 52 E.
1168 1224 252 68 Phillips
1450 1223 379 71 Oppenheim.
1899 1228 234 66 Boston,

133 1299 188 68 Little,
354 1300 230 66 Brown,
616 1302 111 51 and
761 1319 296 51 company,
1092 1306 149 49 1934.

200 1373 28 39 3
253 1383 43 39 p.
359 1404 9 16 l.,
397 1370 175 51 [3]-332
598 1385 58 37 p.,
684 1375 25 38 1
754 1406 8 9 l.
853 1376 115 41 19½cm.

133 1439 1980 119 © Jan. 26. 1934; 2c. and aff. Jan. 27; A 70047: E. P. Oppenheim, R eepham, Norfolk, England. (34-1822)
133 1604 277 63 Overton,
441 1606 215 55 Platte.

197 1680 1933 81 Forced air heating, by Platte Overton … [Chicago] c1934.
198 1754 1091 56 3 p. l., [11]-184 p. illus., diagrs. 23½cm.
202 1812 154 40 “Most
386 1813 51 40 of
467 1814 81 39 the
577 1815 225 40 material
832 1826 100 31 was
963 1816 257 50 originally
1250 1819 254 48 published
1535 1832 54 28 as
1620 1832 27 29 a
1679 1823 274 48 three-year
1983 1823 150 43 series

128 1868 53 39 of
208 1869 197 41 articles
435 1871 48 38 in
513 1871 257 41 American
799 1872 569 44 artisan.”—Foreword.

135 1923 51 51 ©
217 1928 109 40 Jan.
355 1929 39 41 2,
423 1928 141 42 1934;
596 1930 66 38 2c.
692 1931 95 39 and
818 1931 82 40 aff.
930 1932 109 39 Jan.
1070 1935 52 38 6:
1155 1936 40 36 A
1223 1933 170 42 68765:
1429 1936 196 41 Keener
1654 1938 107 47 pub.
1793 1950 81 36 co.,
1907 1938 224 50 Chicago.

210 1984 249 49 (34-1765)

133 2089 298 65 Perowne,
459 2090 212 64 Barry.

260 2162 162 55 Raffles’
452 2167 318 57 Christmas
800 2187 159 51 coup.

212 2239 82 48 (In
321 2236 229 51 Thriller,
578 2238 116 42 Dec.
723 2240 71 50 23,
825 2242 144 49 1933)

136 2291 50 51 ©
244 2306 35 30 1c.
309 2297 109 39 Feb.
448 2300 67 38 14.
546 2298 111 40 1934;
715 2300 40 38 A
783 2303 60 37 ad
872 2301 84 41 int.
988 2304 142 39 18666:
1187 2305 141 48 pubd.
1361 2308 108 38 Dec.
1501 2310 66 38 16,
1598 2309 112 40 1933;
1772 2310 162 51 Philip
1961 2314 171 46 Atkey,

202 2353 394 43 Barton-on-Sea.
628 2357 174 42 Hants,
834 2359 234 48 England.

136 2452 200 55 Punch
379 2456 313 70 almanack,
768 2464 114 48 1934.
960 2464 216 53 Punch,
1251 2485 88 35 no.
1377 2472 154 56 4819,
1569 2472 142 52 Nov.
1753 2478 46 62 6,
1841 2477 150 50 1933.

137 2523 1997 71 © 1c . Jan. 3. 1934; A ad int. 18568: pubd. Nov. 6, 1933; Herbert
200 2585 232 44 Heather,
469 2588 209 41 London.

136 2685 158 66 Pyle,
323 2689 351 60 Katharine.

204 2763 213 56 Heroic
453 2767 141 56 tales
632 2770 153 55 from
826 2774 186 55 Greek
1048 2778 352 71 mythology,
1438 2783 183 53 retold
1661 2786 111 52 and
1810 2787 321 55 illustrated

139 2842 70 66 by
256 2842 322 58 Katharine
624 2849 172 68 Pyle;
847 2855 64 49 12
955 2855 397 56 illustrations.
1437 2862 410 70 Philadelphia
1893 2869 49 50 &
136 2857 1971 143 London,
292 2922 57 53 J.
378 2924 67 52 B.
471 2924 340 71 Lippincott
837 2949 297 53 company,
1165 2939 150 51 1934.

209 2994 47 38 vi
283 3006 42 36 p.,
371 2998 21 35 1
454 3029 7 14 l.,
488 2997 85 40 312
597 3011 42 36 p.
702 3002 84 41 col.
816 3005 166 49 front.,
1008 3007 168 49 plates.
1239 3010 114 41 21cm.

212 3050 258 45 Published
506 3057 48 38 in
592 3058 113 41 1928
741 3061 154 40 under
931 3064 135 40 title:
1102 3066 145 41 Tales
1281 3069 127 41 from
1446 3073 156 40 Creek
1637 3076 292 51 mythology.

141 3104 1992 82 © Jan. 8, 1934; 2c. and aff. Jan. 26: A 69189; J. B. Lippincott co. [©
205 3176 102 31 new
338 3169 342 52 illustrations]
754 3175 249 51 (34-1828)

139 3269 269 68 Rideout,
441 3275 245 56 Charles
714 3280 239 66 Joseph.

209 3346 107 70 Ivy
344 3347 199 73 leaves,
570 3370 167 51 songs
763 3359 109 51 and
902 3358 226 71 rhymes
1156 3363 88 51 for
1274 3366 268 67 poisoned
1571 3372 200 67 lovers,
1800 3374 73 68 by
1902 3374 235 58 Charles

137 3423 54 52 J.
227 3425 259 55 Rideout.
556 3430 231 70 Boston,
821 3435 187 72 Mass.,
1047 3443 145 50 1933.

207 3496 701 57 5 p. l., 3-52, [1] p. 19½cm.
143 3552 51 51 ©
223 3558 109 40 Dec.
360 3560 69 43 28,
456 3561 141 42 1933;
626 3565 66 39 2c.
721 3567 110 40 Jan.
857 3570 70 41 23,
956 3571 140 47 1934;
1158 3575 48 37 aff.
1237 3576 109 41 Jan.
1376 3579 82 41 22:
1489 3582 42 37 A
1558 3582 170 49 69149;
1760 3587 49 39 C.
1840 3588 42 39 J.
1959 3589 178 41 Rideout.

253 3615 248 46 Roslindale,
535 3621 144 40 Mass.
752 3623 249 53 (34-1727)

142 3713 167 68 Root,
337 3720 138 54 Mrs.
506 3724 186 55 Grace
720 3727 271 57 McClure
1020 3733 192 54 Dixon
1244 3738 347 69 (Cogswell)
1631 3751 169 50 1890-

215 3793 226 56 Women
479 3800 109 52 and
627 3805 216 66 repeal;
881 3808 94 53 the
1008 3817 157 63 story
1199 3814 64 51 of
1296 3817 95 52 the
1425 3820 285 56 Women’s
1743 3826 392 68 organization

142 3869 90 53 for
270 3875 257 53 national
564 3880 353 63 prohibition
957 3887 243 66 reform;
1242 3894 333 57 authorized
1613 3901 73 67 by
1722 3903 141 54 Mrs.
1903 3903 237 58 Charles
