<alto xmlns="http://www.loc.gov/standards/alto/ns-v3#" xmlns:xsi="http://www.w3.org/2001/XMLSchema-instance" xsi:schemaLocation="http://www.loc.gov/standards/alto/ns-v3# http://www.loc.gov/alto/v3/alto-3-0.xsd"><Description>
<MeasurementUnit>pixel</MeasurementUnit>
<sourceImageInformation>
<fileName>1934_v1_Part1.pdf</fileName>
</sourceImageInformation>
<OCRProcessing ID="IdOcr">
<ocrProcessingStep>
<processingDateTime>2019-01-10</processingDateTime>
<processingSoftware>
<softwareCreator>ABBYY</softwareCreator>
<softwareName>ABBYY Recognition Server</softwareName>
<softwareVersion>4.0</softwareVersion>
</processingSoftware>
</ocrProcessingStep>
</OCRProcessing>
</Description>
<Styles>
<ParagraphStyle ALIGN="Left" FIRSTLINE="0." ID="StyleId-FFFFFFFF-FFFF-FFFF-FFFF-FFFFFFFFFFFF-" LEFT="0." RIGHT="0." />
<ParagraphStyle ALIGN="Right" FIRSTLINE="0." ID="StyleId-521E1FC6-FE7E-43A4-90E6-A9B61626A263-" LEFT="0." LINESPACE="13.30000019" RIGHT="0." />
<ParagraphStyle ALIGN="Left" FIRSTLINE="-27." ID="StyleId-639B624E-F6F5-47B6-BB1D-34E64B53022F-" LEFT="0." LINESPACE="13.43999958" RIGHT="0." />
<ParagraphStyle ALIGN="Left" FIRSTLINE="0." ID="StyleId-100905F9-D385-406B-A5BD-ED5B8FD85431-" LEFT="0." RIGHT="0." />
<ParagraphStyle ALIGN="Left" FIRSTLINE="-27." ID="StyleId-7C9F9BA2-EF3A-4B7F-8486-CCC7B7F49B39-" LEFT="0." LINESPACE="18.71999931" RIGHT="0." />
<ParagraphStyle ALIGN="Block" FIRSTLINE="-27." ID="StyleId-350780E3-60F2-4605-88F5-BB54F9B87091-" LEFT="0." LINESPACE="18.71999931" RIGHT="0." />
<ParagraphStyle ALIGN="Left" FIRSTLINE="0." ID="StyleId-90B16C58-D795-4C77-9B89-30378C515D40-" LEFT="0." LINESPACE="14.39999962" RIGHT="0." />
<ParagraphStyle ALIGN="Right" FIRSTLINE="-27." ID="StyleId-17090E09-AFAF-4086-BD9B-4E99FAE6B057-" LEFT="0." LINESPACE="14.39999962" RIGHT="0." />
<ParagraphStyle ALIGN="Left" FIRSTLINE="-27." ID="StyleId-8B87B633-89DB-4D72-B1FC-26E4ABD680BC-" LEFT="0." LINESPACE="18.47999954" RIGHT="0." />
<ParagraphStyle ALIGN="Left" FIRSTLINE="0." ID="StyleId-42DA7417-CA90-4D71-A57B-06556C38D752-" LEFT="0." LINESPACE="13.30000019" RIGHT="0." />
<ParagraphStyle ALIGN="Block" FIRSTLINE="0." ID="StyleId-D8EE2A7E-42AE-4E35-98DB-F0F935637AA0-" LEFT="0." LINESPACE="6.599999905" RIGHT="0." />
<ParagraphStyle ALIGN="Left" FIRSTLINE="0." ID="StyleId-33CD3121-D4F5-43B6-BA96-6382D166E6B8-" LEFT="0." LINESPACE="15.5" RIGHT="0." />
<ParagraphStyle ALIGN="Block" FIRSTLINE="-21." ID="StyleId-1CE52AFA-C319-4DD9-B4B1-F0EBFA2B3F0B-" LEFT="0." LINESPACE="18.71999931" RIGHT="0." />
<ParagraphStyle ALIGN="Left" FIRSTLINE="0." ID="StyleId-B74F1B65-92F1-49C5-A5FA-D20442F031F2-" LEFT="0." LINESPACE="17.70006076" RIGHT="0." />
<ParagraphStyle ALIGN="Center" FIRSTLINE="0." ID="StyleId-79E2924A-215C-40B7-B577-7236BFBAA25E-" LEFT="0." LINESPACE="7.199999809" RIGHT="0." />
</Styles>
<Layout>
<Page HEIGHT="4196" ID="Page1087" PHYSICAL_IMG_NR="1087" WIDTH="2350">
<TopMargin HEIGHT="293" HPOS="0" VPOS="0" WIDTH="2350">
</TopMargin>
<LeftMargin HEIGHT="3676" HPOS="0" VPOS="293" WIDTH="153">
</LeftMargin>
<RightMargin HEIGHT="3676" HPOS="2168" VPOS="293" WIDTH="182">
</RightMargin>
<BottomMargin HEIGHT="227" HPOS="0" VPOS="3969" WIDTH="2350">
<TextBlock HEIGHT="147" HPOS="1014" ID="Page1087_Block1" LANG="en-US" STYLEREFS="StyleId-C1D95B91-F790-49B2-A849-4D7657A65A1B-" VPOS="3989" WIDTH="452">
<TextLine HEIGHT="51" HPOS="1095" VPOS="3995" WIDTH="131">
<String CONTENT="1087" HEIGHT="51" HPOS="1095" VPOS="3995" WIDTH="131" />
</TextLine>
</TextBlock>
</BottomMargin>
<PrintSpace HEIGHT="3676" HPOS="153" VPOS="293" WIDTH="2015">
<TextBlock CS="1" HEIGHT="3676" HPOS="153" ID="Page1087_Block2" LANG="en-US" STYLEREFS="StyleId-F76A4B00-B810-4C08-A398-D7CDD0D51CE9-" VPOS="293" WIDTH="2015">
<TextLine CS="1" HEIGHT="71" HPOS="164" STYLEREFS="StyleId-402AD7E9-64B7-428F-BA99-C47DF530010E-" VPOS="424" WIDTH="1997">
<String CONTENT="life" HEIGHT="55" HPOS="164" VPOS="424" WIDTH="104" />
<SP HEIGHT="46" HPOS="269" VPOS="433" WIDTH="41" />
<String CONTENT="that" HEIGHT="52" HPOS="311" VPOS="427" WIDTH="126" />
<SP HEIGHT="52" HPOS="438" VPOS="427" WIDTH="42" />
<String CONTENT="hidden" HEIGHT="53" HPOS="481" VPOS="427" WIDTH="212" />
<SP HEIGHT="34" HPOS="694" VPOS="447" WIDTH="43" />
<String CONTENT="charm" HEIGHT="52" HPOS="738" VPOS="429" WIDTH="194" />
<SP HEIGHT="33" HPOS="933" VPOS="447" WIDTH="43" />
<String CONTENT="so" HEIGHT="34" HPOS="977" VPOS="446" WIDTH="59" />
<SP HEIGHT="53" HPOS="1037" VPOS="427" WIDTH="44" />
<String CONTENT="desired" HEIGHT="52" HPOS="1082" VPOS="427" WIDTH="220" />
<SP HEIGHT="52" HPOS="1303" VPOS="427" WIDTH="42" />
<String CONTENT="by" HEIGHT="68" HPOS="1346" VPOS="427" WIDTH="75" />
<SP HEIGHT="50" HPOS="1422" VPOS="445" WIDTH="44" />
<String CONTENT="all" HEIGHT="52" HPOS="1467" VPOS="427" WIDTH="77" />
<SP HEIGHT="50" HPOS="1545" VPOS="428" WIDTH="49" />
<String CONTENT="&#8230;" CS="1" />
<SP HEIGHT="52" HPOS="1653" VPOS="426" WIDTH="84" />
<String CONTENT="Los" HEIGHT="53" HPOS="1738" VPOS="426" WIDTH="111" />
<SP HEIGHT="53" HPOS="1850" VPOS="426" WIDTH="44" />
<String CONTENT="Angeles," HEIGHT="69" HPOS="1895" VPOS="426" WIDTH="266" />
</TextLine>
<TextLine HEIGHT="72" HPOS="167" STYLEREFS="StyleId-402AD7E9-64B7-428F-BA99-C47DF530010E-" VPOS="503" WIDTH="1299">
<String CONTENT="Calif.," HEIGHT="69" HPOS="167" VPOS="503" WIDTH="193" />
<SP HEIGHT="68" HPOS="361" VPOS="504" WIDTH="29" />
<String CONTENT="Wetzel" HEIGHT="54" HPOS="391" VPOS="504" WIDTH="216" />
<SP HEIGHT="67" HPOS="608" VPOS="506" WIDTH="29" />
<String CONTENT="publishing" HEIGHT="70" HPOS="638" VPOS="505" WIDTH="334" />
<SP HEIGHT="51" HPOS="973" VPOS="524" WIDTH="31" />
<String CONTENT="co.," HEIGHT="49" HPOS="1005" VPOS="524" WIDTH="97" />
<SP HEIGHT="68" HPOS="1103" VPOS="505" WIDTH="32" />
<String CONTENT="inc.," HEIGHT="67" HPOS="1136" VPOS="505" WIDTH="123" />
<SP HEIGHT="62" HPOS="1260" VPOS="510" WIDTH="32" />
<String CONTENT="c" HEIGHT="21" HPOS="1293" STYLE="superscript" VPOS="510" WIDTH="17" />
<String CONTENT="1933." HEIGHT="50" HPOS="1316" VPOS="507" WIDTH="150" />
</TextLine>
<TextLine CS="1" HEIGHT="47" HPOS="234" VPOS="578" WIDTH="741">
<String CONTENT="2" HEIGHT="38" HPOS="234" VPOS="578" WIDTH="26" />
<SP HEIGHT="46" HPOS="261" VPOS="578" WIDTH="23" />
<String CONTENT="p." CS="1" />
<SP />
<String CONTENT="l.," CS="1" HEIGHT="15" HPOS="389" VPOS="610" WIDTH="7" />
<SP HEIGHT="47" HPOS="397" VPOS="578" WIDTH="30" />
<String CONTENT="7-71" HEIGHT="39" HPOS="428" VPOS="578" WIDTH="112" />
<SP HEIGHT="45" HPOS="541" VPOS="580" WIDTH="26" />
<String CONTENT="p." HEIGHT="36" HPOS="568" VPOS="589" WIDTH="43" />
<SP HEIGHT="38" HPOS="612" VPOS="579" WIDTH="60" />
<String CONTENT="illus." HEIGHT="40" HPOS="673" VPOS="579" WIDTH="125" />
<SP HEIGHT="41" HPOS="799" VPOS="578" WIDTH="60" />
<String CONTENT="20" HEIGHT="40" HPOS="860" VPOS="578" WIDTH="55" />
<String CONTENT="cm" HEIGHT="21" HPOS="918" STYLE="superscript" VPOS="581" WIDTH="45" />
<String CONTENT="." HEIGHT="8" HPOS="967" VPOS="611" WIDTH="8" />
</TextLine>
<TextLine CS="1" HEIGHT="52" HPOS="168" VPOS="632" WIDTH="1992">
<String CONTENT="&#169;" HEIGHT="50" HPOS="168" VPOS="632" WIDTH="50" />
<SP HEIGHT="37" HPOS="224" VPOS="637" WIDTH="27" />
<String CONTENT="Mar." HEIGHT="39" HPOS="252" VPOS="637" WIDTH="119" />
<SP HEIGHT="41" HPOS="372" VPOS="635" WIDTH="29" />
<String CONTENT="28," HEIGHT="43" HPOS="402" VPOS="635" WIDTH="68" />
<SP HEIGHT="41" HPOS="471" VPOS="637" WIDTH="31" />
<String CONTENT="1983;" HEIGHT="47" HPOS="503" VPOS="636" WIDTH="140" />
<SP HEIGHT="47" HPOS="644" VPOS="636" WIDTH="30" />
<String CONTENT="2" HEIGHT="39" HPOS="675" VPOS="636" WIDTH="25" />
<SP HEIGHT="41" HPOS="701" VPOS="636" WIDTH="3" />
<String CONTENT="c." HEIGHT="28" HPOS="705" VPOS="649" WIDTH="37" />
<SP HEIGHT="12" HPOS="743" VPOS="664" WIDTH="30" />
<String CONTENT="July" HEIGHT="45" HPOS="779" VPOS="638" WIDTH="110" />
<SP HEIGHT="44" HPOS="890" VPOS="639" WIDTH="29" />
<String CONTENT="11," HEIGHT="46" HPOS="920" VPOS="638" WIDTH="67" />
<SP HEIGHT="46" HPOS="988" VPOS="638" WIDTH="32" />
<String CONTENT="1934;" CS="1" HEIGHT="39" HPOS="1021" VPOS="636" WIDTH="112" />
<SP HEIGHT="28" HPOS="1161" VPOS="647" WIDTH="32" />
<String CONTENT="aff." CS="1" HEIGHT="39" HPOS="1194" VPOS="636" WIDTH="80" />
<SP HEIGHT="38" HPOS="1275" VPOS="636" WIDTH="33" />
<String CONTENT="July" HEIGHT="47" HPOS="1309" VPOS="636" WIDTH="114" />
<SP HEIGHT="47" HPOS="1424" VPOS="636" WIDTH="30" />
<String CONTENT="20;" CS="1" HEIGHT="39" HPOS="1455" VPOS="635" WIDTH="58" />
<SP HEIGHT="40" HPOS="1536" VPOS="636" WIDTH="36" />
<String CONTENT="A" HEIGHT="38" HPOS="1573" VPOS="636" WIDTH="37" />
<SP HEIGHT="39" HPOS="1611" VPOS="636" WIDTH="32" />
<String CONTENT="73540;" CS="1" HEIGHT="40" HPOS="1644" VPOS="635" WIDTH="141" />
<SP HEIGHT="40" HPOS="1812" VPOS="636" WIDTH="36" />
<String CONTENT="J." HEIGHT="40" HPOS="1849" VPOS="636" WIDTH="41" />
<SP HEIGHT="39" HPOS="1891" VPOS="637" WIDTH="33" />
<String CONTENT="E." HEIGHT="37" HPOS="1925" VPOS="637" WIDTH="51" />
<SP HEIGHT="37" HPOS="1977" VPOS="637" WIDTH="31" />
<String CONTENT="Hope," HEIGHT="46" HPOS="2009" VPOS="637" WIDTH="151" />
</TextLine>
<TextLine HEIGHT="49" HPOS="234" VPOS="693" WIDTH="799">
<String CONTENT="Riverside." HEIGHT="40" HPOS="234" VPOS="693" WIDTH="266" />
<SP HEIGHT="39" HPOS="501" VPOS="694" WIDTH="35" />
<String CONTENT="Calif." HEIGHT="39" HPOS="537" VPOS="694" WIDTH="144" />
<SP HEIGHT="46" HPOS="682" VPOS="695" WIDTH="73" />
<String CONTENT="(34-25876)" HEIGHT="49" HPOS="756" VPOS="693" WIDTH="277" />
</TextLine>
<TextLine HEIGHT="65" HPOS="159" STYLEREFS="StyleId-D9966FF3-0D27-4B69-8721-64705755FDF1-" VPOS="796" WIDTH="606">
<String CONTENT="Humphreys," HEIGHT="65" HPOS="159" VPOS="796" WIDTH="400" />
<SP HEIGHT="62" HPOS="560" VPOS="799" WIDTH="34" />
<String CONTENT="H." HEIGHT="54" HPOS="595" VPOS="799" WIDTH="69" />
<SP HEIGHT="56" HPOS="665" VPOS="797" WIDTH="34" />
<String CONTENT="G." HEIGHT="56" HPOS="700" VPOS="797" WIDTH="65" />
</TextLine>
<TextLine CS="1" HEIGHT="68" HPOS="237" STYLEREFS="StyleId-402AD7E9-64B7-428F-BA99-C47DF530010E-" VPOS="874" WIDTH="1863">
<String CONTENT="The" HEIGHT="52" HPOS="237" VPOS="874" WIDTH="120" />
<SP HEIGHT="34" HPOS="358" VPOS="892" WIDTH="34" />
<String CONTENT="accounts" HEIGHT="47" HPOS="393" VPOS="881" WIDTH="263" />
<SP HEIGHT="34" HPOS="657" VPOS="894" WIDTH="36" />
<String CONTENT="of" HEIGHT="51" HPOS="694" VPOS="876" WIDTH="64" />
<SP HEIGHT="51" HPOS="759" VPOS="876" WIDTH="34" />
<String CONTENT="an" HEIGHT="34" HPOS="794" VPOS="894" WIDTH="73" />
<SP HEIGHT="33" HPOS="868" VPOS="895" WIDTH="35" />
<String CONTENT="oil" HEIGHT="53" HPOS="904" VPOS="875" WIDTH="76" />
<SP HEIGHT="50" HPOS="981" VPOS="875" WIDTH="38" />
<String CONTENT="company," HEIGHT="51" HPOS="1020" VPOS="891" WIDTH="294" />
<SP HEIGHT="68" HPOS="1315" VPOS="874" WIDTH="34" />
<String CONTENT="by" HEIGHT="67" HPOS="1350" VPOS="874" WIDTH="74" />
<SP HEIGHT="66" HPOS="1425" VPOS="875" WIDTH="36" />
<String CONTENT="H." HEIGHT="51" HPOS="1462" VPOS="875" WIDTH="76" />
<SP HEIGHT="54" HPOS="1539" VPOS="874" WIDTH="38" />
<String CONTENT="G." HEIGHT="54" HPOS="1578" VPOS="874" WIDTH="68" />
<SP HEIGHT="53" HPOS="1647" VPOS="874" WIDTH="37" />
<String CONTENT="Humphreys" HEIGHT="67" HPOS="1685" VPOS="874" WIDTH="373" />
<SP HEIGHT="34" HPOS="2059" VPOS="893" WIDTH="41" />
<String CONTENT="&#8230;" CS="1" />
</TextLine>
<TextLine HEIGHT="68" HPOS="165" STYLEREFS="StyleId-402AD7E9-64B7-428F-BA99-C47DF530010E-" VPOS="952" WIDTH="1824">
<String CONTENT="New" HEIGHT="52" HPOS="165" VPOS="953" WIDTH="137" />
<SP HEIGHT="51" HPOS="303" VPOS="953" WIDTH="34" />
<String CONTENT="York," HEIGHT="65" HPOS="338" VPOS="953" WIDTH="178" />
<SP HEIGHT="65" HPOS="517" VPOS="953" WIDTH="31" />
<String CONTENT="American" HEIGHT="53" HPOS="549" VPOS="953" WIDTH="305" />
<SP HEIGHT="52" HPOS="855" VPOS="954" WIDTH="34" />
<String CONTENT="Institute" HEIGHT="53" HPOS="890" VPOS="953" WIDTH="256" />
<SP HEIGHT="48" HPOS="1147" VPOS="971" WIDTH="31" />
<String CONTENT="publishing" HEIGHT="68" HPOS="1179" VPOS="952" WIDTH="336" />
<SP HEIGHT="50" HPOS="1516" VPOS="970" WIDTH="31" />
<String CONTENT="co.," HEIGHT="42" HPOS="1548" VPOS="969" WIDTH="96" />
<SP HEIGHT="59" HPOS="1645" VPOS="952" WIDTH="33" />
<String CONTENT="inc.," HEIGHT="67" HPOS="1679" VPOS="952" WIDTH="125" />
<SP HEIGHT="61" HPOS="1805" VPOS="958" WIDTH="34" />
<String CONTENT="1934." HEIGHT="49" HPOS="1840" VPOS="956" WIDTH="149" />
</TextLine>
<TextLine HEIGHT="49" HPOS="237" VPOS="1024" WIDTH="465">
<String CONTENT="xiii," HEIGHT="46" HPOS="237" VPOS="1024" WIDTH="102" />
<SP HEIGHT="44" HPOS="340" VPOS="1026" WIDTH="28" />
<String CONTENT="136" HEIGHT="40" HPOS="369" VPOS="1025" WIDTH="86" />
<SP HEIGHT="48" HPOS="456" VPOS="1025" WIDTH="26" />
<String CONTENT="p." HEIGHT="37" HPOS="483" VPOS="1036" WIDTH="42" />
<SP HEIGHT="41" HPOS="526" VPOS="1025" WIDTH="59" />
<String CONTENT="24" HEIGHT="39" HPOS="586" VPOS="1025" WIDTH="55" />
<String CONTENT="cm" HEIGHT="20" HPOS="645" STYLE="superscript" VPOS="1029" WIDTH="43" />
<String CONTENT="." HEIGHT="7" HPOS="695" VPOS="1060" WIDTH="7" />
</TextLine>
<TextLine CS="1" HEIGHT="106" HPOS="170" VPOS="1082" WIDTH="1992">
<String CONTENT="&#8220;The" HEIGHT="40" HPOS="241" VPOS="1082" WIDTH="128" />
<SP HEIGHT="29" HPOS="370" VPOS="1093" WIDTH="28" />
<String CONTENT="committee" HEIGHT="40" HPOS="399" VPOS="1083" WIDTH="274" />
<SP HEIGHT="29" HPOS="674" VPOS="1094" WIDTH="31" />
<String CONTENT="on" HEIGHT="29" HPOS="706" VPOS="1094" WIDTH="59" />
<SP HEIGHT="37" HPOS="766" VPOS="1094" WIDTH="28" />
<String CONTENT="publication" HEIGHT="48" HPOS="795" VPOS="1083" WIDTH="297" />
<SP HEIGHT="30" HPOS="1093" VPOS="1092" WIDTH="29" />
<String CONTENT="of" HEIGHT="38" HPOS="1123" VPOS="1083" WIDTH="50" />
<SP HEIGHT="39" HPOS="1174" VPOS="1083" WIDTH="28" />
<String CONTENT="the" HEIGHT="38" HPOS="1203" VPOS="1084" WIDTH="82" />
<SP HEIGHT="39" HPOS="1286" VPOS="1083" WIDTH="27" />
<String CONTENT="American" HEIGHT="40" HPOS="1314" VPOS="1082" WIDTH="256" />
<SP HEIGHT="38" HPOS="1571" VPOS="1083" WIDTH="32" />
<String CONTENT="institute" HEIGHT="39" HPOS="1604" VPOS="1082" WIDTH="226" />
<SP HEIGHT="29" HPOS="1831" VPOS="1092" WIDTH="29" />
<String CONTENT="of" HEIGHT="39" HPOS="1861" VPOS="1082" WIDTH="50" />
<SP HEIGHT="40" HPOS="1912" VPOS="1082" WIDTH="29" />
<String CONTENT="accountants" HEIGHT="90" HPOS="170" VPOS="1089" WIDTH="1975" />
<SP HEIGHT="40" HPOS="280" VPOS="1139" WIDTH="35" />
<String CONTENT="has" HEIGHT="40" HPOS="316" VPOS="1139" WIDTH="88" />
<SP HEIGHT="30" HPOS="405" VPOS="1149" WIDTH="37" />
<String CONTENT="selected" HEIGHT="39" HPOS="443" VPOS="1141" WIDTH="207" />
<SP HEIGHT="38" HPOS="651" VPOS="1142" WIDTH="36" />
<String CONTENT="the" HEIGHT="38" HPOS="688" VPOS="1142" WIDTH="81" />
<SP HEIGHT="37" HPOS="770" VPOS="1151" WIDTH="34" />
<String CONTENT="present" HEIGHT="45" HPOS="805" VPOS="1143" WIDTH="192" />
<SP HEIGHT="37" HPOS="998" VPOS="1143" WIDTH="36" />
<String CONTENT="volume" HEIGHT="40" HPOS="1035" VPOS="1140" WIDTH="187" />
<SP HEIGHT="29" HPOS="1223" VPOS="1150" WIDTH="38" />
<String CONTENT="&#8230;" CS="1" />
<SP HEIGHT="29" HPOS="1307" VPOS="1150" WIDTH="37" />
<String CONTENT="as" HEIGHT="29" HPOS="1345" VPOS="1150" WIDTH="55" />
<SP HEIGHT="29" HPOS="1401" VPOS="1150" WIDTH="34" />
<String CONTENT="one" HEIGHT="29" HPOS="1436" VPOS="1150" WIDTH="89" />
<SP HEIGHT="29" HPOS="1526" VPOS="1150" WIDTH="36" />
<String CONTENT="of" HEIGHT="38" HPOS="1563" VPOS="1140" WIDTH="50" />
<SP HEIGHT="39" HPOS="1614" VPOS="1139" WIDTH="36" />
<String CONTENT="its" HEIGHT="40" HPOS="1651" VPOS="1139" WIDTH="64" />
<SP HEIGHT="37" HPOS="1716" VPOS="1150" WIDTH="36" />
<String CONTENT="principal" HEIGHT="48" HPOS="1753" VPOS="1139" WIDTH="235" />
<SP HEIGHT="40" HPOS="1989" VPOS="1140" WIDTH="40" />
<String CONTENT="titles" HEIGHT="41" HPOS="2030" VPOS="1139" WIDTH="132" />
</TextLine>
<TextLine CS="1" HEIGHT="48" HPOS="167" VPOS="1196" WIDTH="1940">
<String CONTENT="for" HEIGHT="39" HPOS="167" VPOS="1196" WIDTH="78" />
<SP HEIGHT="36" HPOS="246" VPOS="1199" WIDTH="23" />
<String CONTENT="the" HEIGHT="39" HPOS="270" VPOS="1197" WIDTH="82" />
<SP HEIGHT="29" HPOS="353" VPOS="1207" WIDTH="23" />
<String CONTENT="current" HEIGHT="36" HPOS="377" VPOS="1201" WIDTH="196" />
<SP HEIGHT="43" HPOS="574" VPOS="1201" WIDTH="23" />
<String CONTENT="year.&#8221;&#8212;Editor&#8217;s" HEIGHT="46" HPOS="598" VPOS="1198" WIDTH="436" />
<SP HEIGHT="29" HPOS="1035" VPOS="1208" WIDTH="24" />
<String CONTENT="note," HEIGHT="44" HPOS="1060" VPOS="1200" WIDTH="122" />
<SP HEIGHT="37" HPOS="1183" VPOS="1207" WIDTH="25" />
<String CONTENT="signed:" CS="1" HEIGHT="47" HPOS="1209" VPOS="1197" WIDTH="164" />
<SP HEIGHT="39" HPOS="1404" VPOS="1197" WIDTH="30" />
<String CONTENT="A." HEIGHT="39" HPOS="1435" VPOS="1197" WIDTH="51" />
<SP HEIGHT="38" HPOS="1487" VPOS="1198" WIDTH="27" />
<String CONTENT="P." HEIGHT="39" HPOS="1515" VPOS="1198" WIDTH="48" />
<SP HEIGHT="40" HPOS="1564" VPOS="1197" WIDTH="27" />
<String CONTENT="Richardson," HEIGHT="47" HPOS="1592" VPOS="1196" WIDTH="318" />
<SP HEIGHT="36" HPOS="1911" VPOS="1207" WIDTH="25" />
<String CONTENT="editor." HEIGHT="41" HPOS="1937" VPOS="1197" WIDTH="170" />
</TextLine>
<TextLine CS="1" HEIGHT="52" HPOS="169" VPOS="1250" WIDTH="1992">
<String CONTENT="&#169;" HEIGHT="51" HPOS="169" VPOS="1250" WIDTH="50" />
<SP HEIGHT="51" HPOS="220" VPOS="1250" WIDTH="26" />
<String CONTENT="May" HEIGHT="45" HPOS="247" VPOS="1256" WIDTH="113" />
<SP HEIGHT="45" HPOS="361" VPOS="1256" WIDTH="22" />
<String CONTENT="10," HEIGHT="45" HPOS="384" VPOS="1255" WIDTH="67" />
<SP HEIGHT="44" HPOS="452" VPOS="1256" WIDTH="26" />
<String CONTENT="1934;" CS="1" HEIGHT="41" HPOS="479" VPOS="1254" WIDTH="112" />
<SP HEIGHT="46" HPOS="619" VPOS="1256" WIDTH="25" />
<String CONTENT="2c." HEIGHT="40" HPOS="645" VPOS="1256" WIDTH="64" />
<SP HEIGHT="37" HPOS="710" VPOS="1257" WIDTH="27" />
<String CONTENT="Aug." HEIGHT="45" HPOS="738" VPOS="1257" WIDTH="118" />
<SP HEIGHT="40" HPOS="857" VPOS="1256" WIDTH="24" />
<String CONTENT="21;" CS="1" HEIGHT="38" HPOS="882" VPOS="1256" WIDTH="47" />
<SP HEIGHT="29" HPOS="963" VPOS="1268" WIDTH="27" />
<String CONTENT="aff." CS="1" />
<SP HEIGHT="37" HPOS="1072" VPOS="1257" WIDTH="27" />
<String CONTENT="Aug." HEIGHT="45" HPOS="1100" VPOS="1257" WIDTH="116" />
<SP HEIGHT="39" HPOS="1217" VPOS="1256" WIDTH="24" />
<String CONTENT="22;" CS="1" HEIGHT="38" HPOS="1242" VPOS="1255" WIDTH="54" />
<SP HEIGHT="41" HPOS="1324" VPOS="1256" WIDTH="27" />
<String CONTENT="A" HEIGHT="37" HPOS="1352" VPOS="1256" WIDTH="39" />
<SP HEIGHT="38" HPOS="1392" VPOS="1256" WIDTH="24" />
<String CONTENT="73963;" HEIGHT="48" HPOS="1417" VPOS="1253" WIDTH="169" />
<SP HEIGHT="45" HPOS="1587" VPOS="1256" WIDTH="28" />
<String CONTENT="Amer." HEIGHT="39" HPOS="1616" VPOS="1256" WIDTH="158" />
<SP HEIGHT="39" HPOS="1775" VPOS="1256" WIDTH="26" />
<String CONTENT="institute" HEIGHT="40" HPOS="1802" VPOS="1255" WIDTH="225" />
<SP HEIGHT="37" HPOS="2028" VPOS="1265" WIDTH="25" />
<String CONTENT="pub." HEIGHT="46" HPOS="2054" VPOS="1256" WIDTH="107" />
</TextLine>
<TextLine HEIGHT="59" HPOS="234" VPOS="1301" WIDTH="589">
<String CONTENT="co.," HEIGHT="35" HPOS="234" VPOS="1322" WIDTH="80" />
<SP HEIGHT="46" HPOS="315" VPOS="1311" WIDTH="28" />
<String CONTENT="inc." HEIGHT="40" HPOS="344" VPOS="1311" WIDTH="90" />
<SP HEIGHT="48" HPOS="435" VPOS="1312" WIDTH="73" />
<String CONTENT="(34-25198)" HEIGHT="48" HPOS="509" VPOS="1312" WIDTH="279" />
<SP HEIGHT="58" HPOS="789" VPOS="1301" WIDTH="34" />
</TextLine>
<TextLine HEIGHT="65" HPOS="161" STYLEREFS="StyleId-D9966FF3-0D27-4B69-8721-64705755FDF1-" VPOS="1413" WIDTH="714">
<String CONTENT="Huxley," HEIGHT="65" HPOS="161" VPOS="1413" WIDTH="249" />
<SP HEIGHT="62" HPOS="411" VPOS="1416" WIDTH="31" />
<String CONTENT="Julian" HEIGHT="53" HPOS="443" VPOS="1416" WIDTH="198" />
<SP HEIGHT="53" HPOS="642" VPOS="1418" WIDTH="31" />
<String CONTENT="Soreli." HEIGHT="55" HPOS="674" VPOS="1416" WIDTH="201" />
</TextLine>
<TextLine HEIGHT="56" HPOS="229" STYLEREFS="StyleId-402AD7E9-64B7-428F-BA99-C47DF530010E-" VPOS="1491" WIDTH="1329">
<String CONTENT="How" HEIGHT="52" HPOS="229" VPOS="1491" WIDTH="150" />
<SP HEIGHT="50" HPOS="380" VPOS="1494" WIDTH="25" />
<String CONTENT="I&#8217;d" HEIGHT="52" HPOS="406" VPOS="1492" WIDTH="89" />
<SP HEIGHT="51" HPOS="496" VPOS="1493" WIDTH="27" />
<String CONTENT="feed" HEIGHT="52" HPOS="524" VPOS="1493" WIDTH="130" />
<SP HEIGHT="53" HPOS="655" VPOS="1494" WIDTH="27" />
<String CONTENT="Britain&#8212;if" HEIGHT="53" HPOS="683" VPOS="1494" WIDTH="355" />
<SP HEIGHT="52" HPOS="1039" VPOS="1494" WIDTH="25" />
<String CONTENT="I" HEIGHT="50" HPOS="1065" VPOS="1496" WIDTH="31" />
<SP HEIGHT="51" HPOS="1097" VPOS="1496" WIDTH="27" />
<String CONTENT="were" HEIGHT="34" HPOS="1125" VPOS="1513" WIDTH="142" />
<SP HEIGHT="52" HPOS="1268" VPOS="1494" WIDTH="26" />
<String CONTENT="dictator." HEIGHT="52" HPOS="1295" VPOS="1494" WIDTH="263" />
</TextLine>
<TextLine HEIGHT="53" HPOS="245" VPOS="1563" WIDTH="1248">
<String CONTENT="(In" HEIGHT="48" HPOS="245" VPOS="1567" WIDTH="83" />
<SP HEIGHT="42" HPOS="329" VPOS="1563" WIDTH="23" />
<String CONTENT="London" HEIGHT="42" HPOS="353" VPOS="1563" WIDTH="200" />
<SP HEIGHT="43" HPOS="554" VPOS="1564" WIDTH="27" />
<String CONTENT="Sunday" HEIGHT="52" HPOS="582" VPOS="1564" WIDTH="201" />
<SP HEIGHT="38" HPOS="784" VPOS="1578" WIDTH="27" />
<String CONTENT="chronicle," HEIGHT="51" HPOS="812" VPOS="1564" WIDTH="261" />
<SP HEIGHT="51" HPOS="1074" VPOS="1564" WIDTH="26" />
<String CONTENT="July" HEIGHT="51" HPOS="1101" VPOS="1564" WIDTH="115" />
<SP HEIGHT="50" HPOS="1217" VPOS="1565" WIDTH="29" />
<String CONTENT="29," HEIGHT="50" HPOS="1247" VPOS="1565" WIDTH="72" />
<SP HEIGHT="50" HPOS="1320" VPOS="1565" WIDTH="29" />
<String CONTENT="1934)" HEIGHT="49" HPOS="1350" VPOS="1565" WIDTH="143" />
</TextLine>
<TextLine CS="1" HEIGHT="52" HPOS="170" VPOS="1619" WIDTH="1994">
<String CONTENT="&#169;" HEIGHT="51" HPOS="170" VPOS="1619" WIDTH="50" />
<SP />
<String CONTENT="1c." CS="1" />
<SP HEIGHT="41" HPOS="325" VPOS="1623" WIDTH="38" />
<String CONTENT="Sept." HEIGHT="48" HPOS="364" VPOS="1623" WIDTH="128" />
<SP HEIGHT="38" HPOS="493" VPOS="1626" WIDTH="36" />
<String CONTENT="24." HEIGHT="38" HPOS="530" VPOS="1626" WIDTH="68" />
<SP HEIGHT="38" HPOS="599" VPOS="1626" WIDTH="37" />
<String CONTENT="1934;" CS="1" HEIGHT="40" HPOS="637" VPOS="1623" WIDTH="113" />
<SP HEIGHT="40" HPOS="777" VPOS="1625" WIDTH="38" />
<String CONTENT="A" HEIGHT="38" HPOS="816" VPOS="1625" WIDTH="39" />
<SP HEIGHT="39" HPOS="856" VPOS="1625" WIDTH="37" />
<String CONTENT="ad" HEIGHT="38" HPOS="894" VPOS="1626" WIDTH="60" />
<SP HEIGHT="39" HPOS="955" VPOS="1625" WIDTH="37" />
<String CONTENT="int." HEIGHT="39" HPOS="993" VPOS="1625" WIDTH="83" />
<SP HEIGHT="37" HPOS="1077" VPOS="1625" WIDTH="38" />
<String CONTENT="19406;" HEIGHT="48" HPOS="1116" VPOS="1623" WIDTH="167" />
<SP HEIGHT="36" HPOS="1284" VPOS="1635" WIDTH="41" />
<String CONTENT="pubd." HEIGHT="46" HPOS="1326" VPOS="1625" WIDTH="140" />
<SP HEIGHT="38" HPOS="1467" VPOS="1625" WIDTH="39" />
<String CONTENT="July" HEIGHT="45" HPOS="1507" VPOS="1625" WIDTH="115" />
<SP HEIGHT="47" HPOS="1623" VPOS="1623" WIDTH="38" />
<String CONTENT="29;" HEIGHT="48" HPOS="1662" VPOS="1622" WIDTH="81" />
<SP HEIGHT="46" HPOS="1744" VPOS="1624" WIDTH="41" />
<String CONTENT="J." HEIGHT="38" HPOS="1786" VPOS="1624" WIDTH="41" />
<SP HEIGHT="39" HPOS="1828" VPOS="1623" WIDTH="43" />
<String CONTENT="S." HEIGHT="40" HPOS="1872" VPOS="1623" WIDTH="43" />
<SP HEIGHT="39" HPOS="1916" VPOS="1624" WIDTH="39" />
<String CONTENT="Huxley," HEIGHT="47" HPOS="1956" VPOS="1624" WIDTH="208" />
</TextLine>
<TextLine HEIGHT="40" HPOS="239" VPOS="1680" WIDTH="212">
<String CONTENT="London." HEIGHT="40" HPOS="239" VPOS="1680" WIDTH="212" />
</TextLine>
<TextLine CS="1" HEIGHT="149" HPOS="163" STYLEREFS="StyleId-402AD7E9-64B7-428F-BA99-C47DF530010E-" VPOS="1782" WIDTH="2002">
<String CONTENT="International" HEIGHT="54" HPOS="163" VPOS="1782" WIDTH="427" />
<SP HEIGHT="50" HPOS="591" VPOS="1786" WIDTH="44" />
<String CONTENT="clinics;" HEIGHT="64" HPOS="636" VPOS="1784" WIDTH="221" />
<SP HEIGHT="44" HPOS="858" VPOS="1804" WIDTH="47" />
<String CONTENT="a" HEIGHT="32" HPOS="906" VPOS="1804" WIDTH="26" />
<SP HEIGHT="49" HPOS="933" VPOS="1803" WIDTH="45" />
<String CONTENT="quarterly" HEIGHT="66" HPOS="979" VPOS="1786" WIDTH="289" />
<SP HEIGHT="46" HPOS="1269" VPOS="1805" WIDTH="43" />
<String CONTENT="of" HEIGHT="54" HPOS="1313" VPOS="1784" WIDTH="62" />
<SP HEIGHT="52" HPOS="1376" VPOS="1784" WIDTH="40" />
<String CONTENT="illustrated" HEIGHT="51" HPOS="1417" VPOS="1785" WIDTH="328" />
<SP HEIGHT="53" HPOS="1746" VPOS="1785" WIDTH="42" />
<String CONTENT="clinical" HEIGHT="54" HPOS="1789" VPOS="1784" WIDTH="225" />
<SP HEIGHT="50" HPOS="2015" VPOS="1786" WIDTH="42" />
<String CONTENT="lectures" HEIGHT="129" HPOS="230" VPOS="1786" WIDTH="1908" />
<SP HEIGHT="34" HPOS="384" VPOS="1881" WIDTH="29" />
<String CONTENT="and" HEIGHT="50" HPOS="414" VPOS="1864" WIDTH="112" />
<SP HEIGHT="52" HPOS="527" VPOS="1864" WIDTH="29" />
<String CONTENT="especially" HEIGHT="68" HPOS="557" VPOS="1863" WIDTH="303" />
<SP HEIGHT="49" HPOS="861" VPOS="1882" WIDTH="28" />
<String CONTENT="prepared" HEIGHT="67" HPOS="890" VPOS="1864" WIDTH="281" />
<SP HEIGHT="51" HPOS="1172" VPOS="1864" WIDTH="25" />
<String CONTENT="original" HEIGHT="67" HPOS="1198" VPOS="1863" WIDTH="248" />
<SP HEIGHT="50" HPOS="1447" VPOS="1865" WIDTH="30" />
<String CONTENT="articles" HEIGHT="52" HPOS="1478" VPOS="1863" WIDTH="225" />
<SP HEIGHT="32" HPOS="1704" VPOS="1883" WIDTH="34" />
<String CONTENT="&#8230;" CS="1" />
<SP HEIGHT="51" HPOS="1794" VPOS="1864" WIDTH="33" />
<String CONTENT="by" HEIGHT="66" HPOS="1828" VPOS="1864" WIDTH="74" />
<SP HEIGHT="65" HPOS="1903" VPOS="1865" WIDTH="28" />
<String CONTENT="leading" HEIGHT="68" HPOS="1932" VPOS="1863" WIDTH="233" />
</TextLine>
<TextLine HEIGHT="69" HPOS="229" STYLEREFS="StyleId-402AD7E9-64B7-428F-BA99-C47DF530010E-" VPOS="1940" WIDTH="1933">
<String CONTENT="members" HEIGHT="52" HPOS="229" VPOS="1940" WIDTH="276" />
<SP HEIGHT="34" HPOS="506" VPOS="1960" WIDTH="41" />
<String CONTENT="of" HEIGHT="53" HPOS="548" VPOS="1941" WIDTH="63" />
<SP HEIGHT="52" HPOS="612" VPOS="1941" WIDTH="38" />
<String CONTENT="the" HEIGHT="53" HPOS="651" VPOS="1942" WIDTH="94" />
<SP HEIGHT="34" HPOS="746" VPOS="1961" WIDTH="41" />
<String CONTENT="medical" HEIGHT="52" HPOS="788" VPOS="1941" WIDTH="241" />
<SP HEIGHT="67" HPOS="1030" VPOS="1942" WIDTH="39" />
<String CONTENT="profession" HEIGHT="68" HPOS="1070" VPOS="1941" WIDTH="320" />
<SP HEIGHT="46" HPOS="1391" VPOS="1947" WIDTH="41" />
<String CONTENT="throughout" HEIGHT="66" HPOS="1433" VPOS="1942" WIDTH="357" />
<SP HEIGHT="47" HPOS="1791" VPOS="1947" WIDTH="37" />
<String CONTENT="the" HEIGHT="50" HPOS="1829" VPOS="1943" WIDTH="97" />
<SP HEIGHT="34" HPOS="1927" VPOS="1959" WIDTH="38" />
<String CONTENT="world." HEIGHT="51" HPOS="1966" VPOS="1942" WIDTH="196" />
</TextLine>
<TextLine CS="1" HEIGHT="68" HPOS="233" STYLEREFS="StyleId-402AD7E9-64B7-428F-BA99-C47DF530010E-" VPOS="2019" WIDTH="1932">
<String CONTENT="Edited" HEIGHT="52" HPOS="233" VPOS="2019" WIDTH="212" />
<SP HEIGHT="51" HPOS="446" VPOS="2020" WIDTH="50" />
<String CONTENT="by" HEIGHT="67" HPOS="497" VPOS="2020" WIDTH="73" />
<SP HEIGHT="66" HPOS="571" VPOS="2021" WIDTH="49" />
<String CONTENT="Louis" HEIGHT="53" HPOS="621" VPOS="2020" WIDTH="173" />
<SP HEIGHT="52" HPOS="795" VPOS="2021" WIDTH="50" />
<String CONTENT="Hamman" HEIGHT="51" HPOS="846" VPOS="2021" WIDTH="291" />
<SP HEIGHT="32" HPOS="1138" VPOS="2040" WIDTH="54" />
<String CONTENT="&#8230;" CS="1" />
<SP HEIGHT="31" HPOS="1247" VPOS="2040" WIDTH="55" />
<String CONTENT="with" HEIGHT="51" HPOS="1303" VPOS="2021" WIDTH="138" />
<SP HEIGHT="51" HPOS="1442" VPOS="2021" WIDTH="50" />
<String CONTENT="the" HEIGHT="52" HPOS="1493" VPOS="2020" WIDTH="94" />
<SP HEIGHT="34" HPOS="1588" VPOS="2039" WIDTH="50" />
<String CONTENT="collaboration" HEIGHT="53" HPOS="1639" VPOS="2021" WIDTH="410" />
<SP HEIGHT="33" HPOS="2050" VPOS="2039" WIDTH="50" />
<String CONTENT="of" HEIGHT="52" HPOS="2101" VPOS="2020" WIDTH="64" />
</TextLine>
<TextLine CS="1" HEIGHT="148" HPOS="231" STYLEREFS="StyleId-402AD7E9-64B7-428F-BA99-C47DF530010E-" VPOS="2097" WIDTH="1908">
<String CONTENT="Francis" HEIGHT="53" HPOS="231" VPOS="2097" WIDTH="237" />
<SP HEIGHT="54" HPOS="469" VPOS="2097" WIDTH="47" />
<String CONTENT="Gilman" HEIGHT="54" HPOS="517" VPOS="2097" WIDTH="233" />
<SP HEIGHT="49" HPOS="751" VPOS="2100" WIDTH="49" />
<String CONTENT="Blake" HEIGHT="52" HPOS="801" VPOS="2099" WIDTH="177" />
<SP HEIGHT="46" HPOS="979" VPOS="2119" WIDTH="53" />
<String CONTENT="[and" HEIGHT="65" HPOS="1033" VPOS="2100" WIDTH="129" />
<SP HEIGHT="50" HPOS="1163" VPOS="2100" WIDTH="46" />
<String CONTENT="others]" HEIGHT="63" HPOS="1210" VPOS="2101" WIDTH="207" />
<SP HEIGHT="63" HPOS="1418" VPOS="2101" WIDTH="78" />
<String CONTENT="Volume" HEIGHT="52" HPOS="1497" VPOS="2100" WIDTH="243" />
<SP HEIGHT="33" HPOS="1741" VPOS="2119" WIDTH="50" />
<String CONTENT="III." CS="1" HEIGHT="8" HPOS="1865" VPOS="2143" WIDTH="8" />
<SP HEIGHT="50" HPOS="1874" VPOS="2101" WIDTH="83" />
<String CONTENT="Forty-fourth" CS="1" HEIGHT="127" HPOS="231" VPOS="2101" WIDTH="1908" />
<SP HEIGHT="52" HPOS="432" VPOS="2177" WIDTH="35" />
<String CONTENT="series," HEIGHT="67" HPOS="468" VPOS="2177" WIDTH="185" />
<SP HEIGHT="62" HPOS="654" VPOS="2182" WIDTH="36" />
<String CONTENT="1934." HEIGHT="49" HPOS="691" VPOS="2180" WIDTH="148" />
<SP HEIGHT="50" HPOS="840" VPOS="2179" WIDTH="75" />
<String CONTENT="Philadelphia," HEIGHT="68" HPOS="916" VPOS="2177" WIDTH="424" />
<SP HEIGHT="53" HPOS="1341" VPOS="2180" WIDTH="34" />
<String CONTENT="London" HEIGHT="51" HPOS="1376" VPOS="2179" WIDTH="240" />
<SP HEIGHT="48" HPOS="1617" VPOS="2197" WIDTH="38" />
<String CONTENT="[etc.]" HEIGHT="61" HPOS="1656" VPOS="2184" WIDTH="137" />
<SP HEIGHT="64" HPOS="1794" VPOS="2180" WIDTH="38" />
<String CONTENT="J." HEIGHT="50" HPOS="1833" VPOS="2180" WIDTH="55" />
<SP HEIGHT="49" HPOS="1889" VPOS="2180" WIDTH="36" />
<String CONTENT="B." HEIGHT="51" HPOS="1926" VPOS="2180" WIDTH="65" />
</TextLine>
<TextLine CS="1" HEIGHT="144" HPOS="230" STYLEREFS="StyleId-402AD7E9-64B7-428F-BA99-C47DF530010E-" VPOS="2178" WIDTH="1907">
<String CONTENT="Lippincott" HEIGHT="144" HPOS="230" VPOS="2178" WIDTH="1907" />
<SP HEIGHT="47" HPOS="449" VPOS="2261" WIDTH="32" />
<String CONTENT="company" HEIGHT="49" HPOS="482" VPOS="2273" WIDTH="280" />
<SP HEIGHT="48" HPOS="763" VPOS="2274" WIDTH="35" />
<String CONTENT="[" HEIGHT="33" HPOS="799" VPOS="2289" WIDTH="11" />
<String CONTENT="c" HEIGHT="20" HPOS="818" STYLE="superscript" VPOS="2262" WIDTH="15" />
<String CONTENT="1934]" HEIGHT="64" HPOS="839" VPOS="2258" WIDTH="151" />
</TextLine>
<TextLine CS="1" HEIGHT="49" HPOS="238" VPOS="2329" WIDTH="1384">
<String CONTENT="viii," HEIGHT="46" HPOS="238" VPOS="2331" WIDTH="98" />
<SP HEIGHT="47" HPOS="337" VPOS="2330" WIDTH="26" />
<String CONTENT="327" HEIGHT="38" HPOS="364" VPOS="2330" WIDTH="85" />
<SP HEIGHT="45" HPOS="450" VPOS="2331" WIDTH="25" />
<String CONTENT="p." HEIGHT="36" HPOS="476" VPOS="2340" WIDTH="42" />
<SP HEIGHT="28" HPOS="519" VPOS="2340" WIDTH="53" />
<String CONTENT="col." HEIGHT="38" HPOS="573" VPOS="2330" WIDTH="84" />
<SP HEIGHT="38" HPOS="658" VPOS="2329" WIDTH="27" />
<String CONTENT="front.," HEIGHT="46" HPOS="686" VPOS="2329" WIDTH="162" />
<SP HEIGHT="45" HPOS="849" VPOS="2330" WIDTH="27" />
<String CONTENT="illus.," HEIGHT="46" HPOS="877" VPOS="2330" WIDTH="142" />
<SP HEIGHT="37" HPOS="1020" VPOS="2340" WIDTH="26" />
<String CONTENT="plates," HEIGHT="47" HPOS="1047" VPOS="2330" WIDTH="168" />
<SP HEIGHT="45" HPOS="1216" VPOS="2331" WIDTH="27" />
<String CONTENT="diagrs." HEIGHT="48" HPOS="1244" VPOS="2330" WIDTH="178" />
<SP HEIGHT="40" HPOS="1423" VPOS="2330" WIDTH="55" />
<String CONTENT="23&#189;" CS="1" HEIGHT="40" HPOS="1479" VPOS="2330" WIDTH="54" />
<String CONTENT="cm" HEIGHT="20" HPOS="1567" STYLE="superscript" VPOS="2333" WIDTH="43" />
<String CONTENT="." HEIGHT="7" HPOS="1615" VPOS="2361" WIDTH="7" />
</TextLine>
<TextLine HEIGHT="47" HPOS="241" VPOS="2386" WIDTH="1111">
<String CONTENT="Part" HEIGHT="39" HPOS="241" VPOS="2388" WIDTH="119" />
<SP HEIGHT="36" HPOS="361" VPOS="2391" WIDTH="25" />
<String CONTENT="of" HEIGHT="40" HPOS="387" VPOS="2386" WIDTH="52" />
<SP HEIGHT="47" HPOS="440" VPOS="2386" WIDTH="23" />
<String CONTENT="plates" HEIGHT="46" HPOS="464" VPOS="2387" WIDTH="157" />
<SP HEIGHT="28" HPOS="622" VPOS="2396" WIDTH="27" />
<String CONTENT="are" HEIGHT="28" HPOS="650" VPOS="2396" WIDTH="82" />
<SP HEIGHT="37" HPOS="733" VPOS="2396" WIDTH="26" />
<String CONTENT="printed" HEIGHT="47" HPOS="760" VPOS="2386" WIDTH="192" />
<SP HEIGHT="38" HPOS="953" VPOS="2387" WIDTH="28" />
<String CONTENT="on" HEIGHT="29" HPOS="982" VPOS="2396" WIDTH="61" />
<SP HEIGHT="38" HPOS="1044" VPOS="2387" WIDTH="24" />
<String CONTENT="both" HEIGHT="39" HPOS="1069" VPOS="2387" WIDTH="112" />
<SP HEIGHT="38" HPOS="1182" VPOS="2388" WIDTH="27" />
<String CONTENT="sides." HEIGHT="40" HPOS="1210" VPOS="2387" WIDTH="142" />
</TextLine>
<TextLine CS="1" HEIGHT="51" HPOS="171" VPOS="2440" WIDTH="1910">
<String CONTENT="&#169;" HEIGHT="51" HPOS="171" VPOS="2440" WIDTH="50" />
<SP HEIGHT="51" HPOS="222" VPOS="2440" WIDTH="33" />
<String CONTENT="Sept." HEIGHT="46" HPOS="256" VPOS="2444" WIDTH="124" />
<SP HEIGHT="37" HPOS="381" VPOS="2444" WIDTH="29" />
<String CONTENT="4." HEIGHT="39" HPOS="411" VPOS="2444" WIDTH="40" />
<SP HEIGHT="38" HPOS="452" VPOS="2445" WIDTH="30" />
<String CONTENT="1934;" CS="1" HEIGHT="40" HPOS="483" VPOS="2442" WIDTH="113" />
<SP HEIGHT="38" HPOS="623" VPOS="2444" WIDTH="32" />
<String CONTENT="2c." HEIGHT="37" HPOS="656" VPOS="2444" WIDTH="66" />
<SP HEIGHT="27" HPOS="723" VPOS="2454" WIDTH="29" />
<String CONTENT="and" HEIGHT="38" HPOS="753" VPOS="2444" WIDTH="93" />
<SP HEIGHT="38" HPOS="847" VPOS="2444" WIDTH="32" />
<String CONTENT="aff." CS="1" />
<SP HEIGHT="41" HPOS="960" VPOS="2442" WIDTH="34" />
<String CONTENT="Sept." HEIGHT="48" HPOS="995" VPOS="2442" WIDTH="124" />
<SP HEIGHT="36" HPOS="1120" VPOS="2446" WIDTH="32" />
<String CONTENT="15;" CS="1" HEIGHT="38" HPOS="1153" VPOS="2444" WIDTH="53" />
<SP HEIGHT="39" HPOS="1233" VPOS="2444" WIDTH="33" />
<String CONTENT="A" HEIGHT="38" HPOS="1267" VPOS="2444" WIDTH="39" />
<SP HEIGHT="39" HPOS="1307" VPOS="2444" WIDTH="30" />
<String CONTENT="75308;" CS="1" HEIGHT="40" HPOS="1338" VPOS="2444" WIDTH="142" />
<SP HEIGHT="42" HPOS="1507" VPOS="2445" WIDTH="35" />
<String CONTENT="J." HEIGHT="38" HPOS="1543" VPOS="2445" WIDTH="40" />
<SP HEIGHT="37" HPOS="1584" VPOS="2445" WIDTH="33" />
<String CONTENT="B." HEIGHT="39" HPOS="1618" VPOS="2445" WIDTH="54" />
<SP HEIGHT="40" HPOS="1673" VPOS="2444" WIDTH="30" />
<String CONTENT="Lippincott" HEIGHT="48" HPOS="1704" VPOS="2443" WIDTH="281" />
<SP HEIGHT="38" HPOS="1986" VPOS="2445" WIDTH="27" />
<String CONTENT="co." HEIGHT="31" HPOS="2014" VPOS="2453" WIDTH="67" />
</TextLine>
<TextLine HEIGHT="65" HPOS="162" STYLEREFS="StyleId-402AD7E9-64B7-428F-BA99-C47DF530010E-" VPOS="2545" WIDTH="845">
<String CONTENT="Jackson," HEIGHT="65" HPOS="162" VPOS="2545" WIDTH="273" />
<SP HEIGHT="62" HPOS="436" VPOS="2548" WIDTH="35" />
<String CONTENT="Chevalier," HEIGHT="65" HPOS="472" VPOS="2545" WIDTH="327" />
<SP HEIGHT="61" HPOS="800" VPOS="2549" WIDTH="36" />
<String CONTENT="1865-" HEIGHT="49" HPOS="837" VPOS="2549" WIDTH="170" />
</TextLine>
<TextLine CS="1" HEIGHT="74" HPOS="236" STYLEREFS="StyleId-402AD7E9-64B7-428F-BA99-C47DF530010E-" VPOS="2617" WIDTH="1932">
<String CONTENT="Bronchoscopy," HEIGHT="68" HPOS="236" VPOS="2622" WIDTH="459" />
<SP HEIGHT="48" HPOS="696" VPOS="2642" WIDTH="26" />
<String CONTENT="esophagoscopy" HEIGHT="68" HPOS="723" VPOS="2623" WIDTH="459" />
<SP HEIGHT="50" HPOS="1183" VPOS="2641" WIDTH="27" />
<String CONTENT="and" HEIGHT="53" HPOS="1211" VPOS="2623" WIDTH="112" />
<SP HEIGHT="68" HPOS="1324" VPOS="2623" WIDTH="26" />
<String CONTENT="gastroscopy;" HEIGHT="63" HPOS="1351" VPOS="2628" WIDTH="399" />
<SP HEIGHT="49" HPOS="1751" VPOS="2641" WIDTH="31" />
<String CONTENT="a" HEIGHT="33" HPOS="1783" VPOS="2642" WIDTH="31" />
<SP HEIGHT="35" HPOS="1815" VPOS="2640" WIDTH="26" />
<String CONTENT="manual" HEIGHT="52" HPOS="1842" VPOS="2622" WIDTH="232" />
<SP HEIGHT="51" HPOS="2075" VPOS="2622" WIDTH="26" />
<String CONTENT="of" HEIGHT="56" HPOS="2102" VPOS="2617" WIDTH="66" />
</TextLine>
<TextLine CS="1" HEIGHT="151" HPOS="166" STYLEREFS="StyleId-402AD7E9-64B7-428F-BA99-C47DF530010E-" VPOS="2695" WIDTH="2001">
<String CONTENT="peroral" HEIGHT="64" HPOS="166" VPOS="2702" WIDTH="225" />
<SP HEIGHT="50" HPOS="392" VPOS="2702" WIDTH="32" />
<String CONTENT="endoscopy" HEIGHT="67" HPOS="425" VPOS="2701" WIDTH="320" />
<SP HEIGHT="50" HPOS="746" VPOS="2718" WIDTH="34" />
<String CONTENT="and" HEIGHT="52" HPOS="781" VPOS="2700" WIDTH="111" />
<SP HEIGHT="52" HPOS="893" VPOS="2700" WIDTH="33" />
<String CONTENT="laryngeal" HEIGHT="69" HPOS="927" VPOS="2700" WIDTH="296" />
<SP HEIGHT="54" HPOS="1224" VPOS="2700" WIDTH="30" />
<String CONTENT="surgery," HEIGHT="52" HPOS="1255" VPOS="2718" WIDTH="256" />
<SP HEIGHT="68" HPOS="1512" VPOS="2700" WIDTH="32" />
<String CONTENT="by" HEIGHT="69" HPOS="1545" VPOS="2700" WIDTH="75" />
<SP HEIGHT="70" HPOS="1621" VPOS="2699" WIDTH="37" />
<String CONTENT="Chevalier" HEIGHT="55" HPOS="1659" VPOS="2699" WIDTH="302" />
<SP HEIGHT="55" HPOS="1962" VPOS="2698" WIDTH="32" />
<String CONTENT="Jackson" HEIGHT="135" HPOS="166" VPOS="2695" WIDTH="1978" />
<SP HEIGHT="34" HPOS="267" VPOS="2796" WIDTH="41" />
<String CONTENT="&#8230;" CS="1" />
<SP HEIGHT="33" HPOS="365" VPOS="2798" WIDTH="41" />
<String CONTENT="and" HEIGHT="52" HPOS="407" VPOS="2779" WIDTH="113" />
<SP HEIGHT="54" HPOS="521" VPOS="2777" WIDTH="38" />
<String CONTENT="Chevalier" HEIGHT="54" HPOS="560" VPOS="2777" WIDTH="301" />
<SP HEIGHT="52" HPOS="862" VPOS="2778" WIDTH="35" />
<String CONTENT="L." HEIGHT="52" HPOS="898" VPOS="2778" WIDTH="64" />
<SP HEIGHT="54" HPOS="963" VPOS="2778" WIDTH="36" />
<String CONTENT="Jackson" HEIGHT="54" HPOS="1000" VPOS="2778" WIDTH="249" />
<SP HEIGHT="34" HPOS="1250" VPOS="2796" WIDTH="42" />
<String CONTENT="&#8230;" CS="1" />
<SP HEIGHT="51" HPOS="1350" VPOS="2780" WIDTH="78" />
<String CONTENT="3d" HEIGHT="52" HPOS="1429" VPOS="2779" WIDTH="72" />
<SP HEIGHT="53" HPOS="1502" VPOS="2779" WIDTH="38" />
<String CONTENT="ed.," HEIGHT="67" HPOS="1541" VPOS="2779" WIDTH="104" />
<SP HEIGHT="50" HPOS="1646" VPOS="2796" WIDTH="35" />
<String CONTENT="reset," HEIGHT="63" HPOS="1682" VPOS="2782" WIDTH="163" />
<SP HEIGHT="49" HPOS="1846" VPOS="2796" WIDTH="38" />
<String CONTENT="with" HEIGHT="53" HPOS="1885" VPOS="2777" WIDTH="142" />
<SP HEIGHT="52" HPOS="2028" VPOS="2778" WIDTH="35" />
<String CONTENT="225" HEIGHT="51" HPOS="2064" VPOS="2778" WIDTH="103" />
</TextLine>
<TextLine CS="1" HEIGHT="69" HPOS="164" STYLEREFS="StyleId-402AD7E9-64B7-428F-BA99-C47DF530010E-" VPOS="2857" WIDTH="2003">
<String CONTENT="illustrations" HEIGHT="54" HPOS="164" VPOS="2857" WIDTH="381" />
<SP HEIGHT="34" HPOS="546" VPOS="2877" WIDTH="38" />
<String CONTENT="and" HEIGHT="53" HPOS="585" VPOS="2857" WIDTH="112" />
<SP HEIGHT="52" HPOS="698" VPOS="2857" WIDTH="40" />
<String CONTENT="15" HEIGHT="48" HPOS="739" VPOS="2861" WIDTH="63" />
<SP HEIGHT="47" HPOS="803" VPOS="2861" WIDTH="38" />
<String CONTENT="color" HEIGHT="51" HPOS="842" VPOS="2858" WIDTH="153" />
<SP HEIGHT="49" HPOS="996" VPOS="2876" WIDTH="35" />
<String CONTENT="plates." HEIGHT="65" HPOS="1032" VPOS="2860" WIDTH="198" />
<SP HEIGHT="50" HPOS="1231" VPOS="2861" WIDTH="74" />
<String CONTENT="Philadelphia" HEIGHT="68" HPOS="1306" VPOS="2858" WIDTH="411" />
<SP HEIGHT="33" HPOS="1718" VPOS="2877" WIDTH="39" />
<String CONTENT="and" HEIGHT="52" HPOS="1758" VPOS="2858" WIDTH="112" />
<SP HEIGHT="52" HPOS="1871" VPOS="2858" WIDTH="37" />
<String CONTENT="London," HEIGHT="67" HPOS="1909" VPOS="2857" WIDTH="258" />
</TextLine>
<TextLine HEIGHT="67" HPOS="165" STYLEREFS="StyleId-402AD7E9-64B7-428F-BA99-C47DF530010E-" VPOS="2936" WIDTH="1020">
<String CONTENT="W." HEIGHT="53" HPOS="165" VPOS="2937" WIDTH="85" />
<SP HEIGHT="51" HPOS="251" VPOS="2938" WIDTH="32" />
<String CONTENT="B." HEIGHT="51" HPOS="284" VPOS="2938" WIDTH="66" />
<SP HEIGHT="55" HPOS="351" VPOS="2937" WIDTH="34" />
<String CONTENT="Saunders" HEIGHT="56" HPOS="386" VPOS="2936" WIDTH="288" />
<SP HEIGHT="33" HPOS="675" VPOS="2955" WIDTH="30" />
<String CONTENT="company," HEIGHT="49" HPOS="706" VPOS="2954" WIDTH="297" />
<SP HEIGHT="63" HPOS="1004" VPOS="2940" WIDTH="31" />
<String CONTENT="1934." HEIGHT="50" HPOS="1036" VPOS="2939" WIDTH="149" />
</TextLine>
<TextLine CS="1" HEIGHT="51" HPOS="240" VPOS="3005" WIDTH="1728">
<String CONTENT="2" HEIGHT="38" HPOS="240" VPOS="3006" WIDTH="25" />
<SP HEIGHT="49" HPOS="266" VPOS="3006" WIDTH="31" />
<String CONTENT="p." CS="1" />
<SP />
<String CONTENT="l.," CS="1" HEIGHT="14" HPOS="412" VPOS="3038" WIDTH="7" />
<SP HEIGHT="46" HPOS="420" VPOS="3006" WIDTH="32" />
<String CONTENT="9-485" HEIGHT="41" HPOS="453" VPOS="3006" WIDTH="144" />
<SP HEIGHT="47" HPOS="598" VPOS="3007" WIDTH="33" />
<String CONTENT="p." HEIGHT="37" HPOS="632" VPOS="3017" WIDTH="42" />
<SP HEIGHT="39" HPOS="675" VPOS="3008" WIDTH="61" />
<String CONTENT="illus.," HEIGHT="46" HPOS="737" VPOS="3008" WIDTH="142" />
<SP HEIGHT="36" HPOS="880" VPOS="3018" WIDTH="33" />
<String CONTENT="xv" HEIGHT="27" HPOS="914" VPOS="3018" WIDTH="62" />
<SP HEIGHT="30" HPOS="977" VPOS="3018" WIDTH="34" />
<String CONTENT="col." HEIGHT="40" HPOS="1012" VPOS="3008" WIDTH="84" />
<SP HEIGHT="37" HPOS="1097" VPOS="3018" WIDTH="34" />
<String CONTENT="pl." CS="1" HEIGHT="37" HPOS="1132" VPOS="3018" WIDTH="60" />
<SP HEIGHT="48" HPOS="1193" VPOS="3008" WIDTH="28" />
<String CONTENT="(incl." HEIGHT="48" HPOS="1222" VPOS="3008" WIDTH="132" />
<SP HEIGHT="41" HPOS="1355" VPOS="3008" WIDTH="33" />
<String CONTENT="front.)" HEIGHT="48" HPOS="1389" VPOS="3008" WIDTH="173" />
<SP HEIGHT="48" HPOS="1563" VPOS="3008" WIDTH="45" />
<String CONTENT="diagrs." HEIGHT="46" HPOS="1609" VPOS="3008" WIDTH="179" />
<SP HEIGHT="42" HPOS="1789" VPOS="3005" WIDTH="62" />
<String CONTENT="24" HEIGHT="40" HPOS="1852" VPOS="3005" WIDTH="56" />
<String CONTENT="cm" HEIGHT="22" HPOS="1911" STYLE="superscript" VPOS="3008" WIDTH="44" />
<String CONTENT="." HEIGHT="8" HPOS="1959" VPOS="3038" WIDTH="9" />
</TextLine>
<TextLine CS="1" HEIGHT="104" HPOS="170" VPOS="3062" WIDTH="1982">
<String CONTENT="Part" HEIGHT="39" HPOS="241" VPOS="3064" WIDTH="115" />
<SP HEIGHT="37" HPOS="357" VPOS="3066" WIDTH="29" />
<String CONTENT="of" HEIGHT="39" HPOS="387" VPOS="3064" WIDTH="51" />
<SP HEIGHT="39" HPOS="439" VPOS="3064" WIDTH="27" />
<String CONTENT="the" HEIGHT="38" HPOS="467" VPOS="3065" WIDTH="82" />
<SP HEIGHT="37" HPOS="550" VPOS="3073" WIDTH="26" />
<String CONTENT="plates" HEIGHT="46" HPOS="577" VPOS="3064" WIDTH="156" />
<SP HEIGHT="29" HPOS="734" VPOS="3074" WIDTH="31" />
<String CONTENT="accompanied" HEIGHT="47" HPOS="766" VPOS="3064" WIDTH="338" />
<SP HEIGHT="39" HPOS="1105" VPOS="3064" WIDTH="31" />
<String CONTENT="by" HEIGHT="47" HPOS="1137" VPOS="3064" WIDTH="57" />
<SP HEIGHT="38" HPOS="1195" VPOS="3074" WIDTH="31" />
<String CONTENT="guard" HEIGHT="46" HPOS="1227" VPOS="3066" WIDTH="154" />
<SP HEIGHT="39" HPOS="1382" VPOS="3066" WIDTH="33" />
<String CONTENT="sheets" HEIGHT="39" HPOS="1416" VPOS="3066" WIDTH="162" />
<SP HEIGHT="31" HPOS="1579" VPOS="3074" WIDTH="28" />
<String CONTENT="with" HEIGHT="40" HPOS="1608" VPOS="3064" WIDTH="120" />
<SP HEIGHT="39" HPOS="1729" VPOS="3065" WIDTH="31" />
<String CONTENT="descriptive" HEIGHT="49" HPOS="1761" VPOS="3062" WIDTH="291" />
<SP HEIGHT="41" HPOS="2053" VPOS="3063" WIDTH="30" />
<String CONTENT="letterpress." HEIGHT="103" HPOS="170" VPOS="3063" WIDTH="1982" />
</TextLine>
<TextLine HEIGHT="49" HPOS="237" VPOS="3174" WIDTH="700">
<String CONTENT="Bibliography:" HEIGHT="49" HPOS="237" VPOS="3174" WIDTH="375" />
<SP HEIGHT="37" HPOS="613" VPOS="3186" WIDTH="33" />
<String CONTENT="p." HEIGHT="37" HPOS="647" VPOS="3186" WIDTH="42" />
<SP HEIGHT="42" HPOS="690" VPOS="3175" WIDTH="30" />
<String CONTENT="447-453." HEIGHT="44" HPOS="721" VPOS="3175" WIDTH="216" />
</TextLine>
<TextLine CS="1" HEIGHT="54" HPOS="174" VPOS="3229" WIDTH="1994">
<String CONTENT="&#169;" HEIGHT="51" HPOS="174" VPOS="3229" WIDTH="50" />
<SP HEIGHT="51" HPOS="225" VPOS="3229" WIDTH="28" />
<String CONTENT="Aug." HEIGHT="43" HPOS="254" VPOS="3235" WIDTH="118" />
<SP HEIGHT="37" HPOS="373" VPOS="3236" WIDTH="26" />
<String CONTENT="7," HEIGHT="45" HPOS="400" VPOS="3236" WIDTH="38" />
<SP HEIGHT="46" HPOS="439" VPOS="3235" WIDTH="28" />
<String CONTENT="1934;" HEIGHT="42" HPOS="468" VPOS="3233" WIDTH="139" />
<SP HEIGHT="42" HPOS="608" VPOS="3233" WIDTH="30" />
<String CONTENT="2c." HEIGHT="39" HPOS="639" VPOS="3233" WIDTH="65" />
<SP HEIGHT="37" HPOS="705" VPOS="3235" WIDTH="30" />
<String CONTENT="Aug." HEIGHT="41" HPOS="736" VPOS="3235" WIDTH="115" />
<SP HEIGHT="38" HPOS="852" VPOS="3235" WIDTH="28" />
<String CONTENT="15;" CS="1" HEIGHT="38" HPOS="881" VPOS="3234" WIDTH="58" />
<SP HEIGHT="28" HPOS="962" VPOS="3245" WIDTH="31" />
<String CONTENT="aff." CS="1" />
<SP HEIGHT="40" HPOS="1077" VPOS="3235" WIDTH="27" />
<String CONTENT="Aug." HEIGHT="46" HPOS="1105" VPOS="3235" WIDTH="116" />
<SP HEIGHT="38" HPOS="1222" VPOS="3236" WIDTH="30" />
<String CONTENT="18;" CS="1" />
<SP HEIGHT="38" HPOS="1334" VPOS="3237" WIDTH="35" />
<String CONTENT="A" HEIGHT="37" HPOS="1370" VPOS="3237" WIDTH="35" />
<SP HEIGHT="39" HPOS="1406" VPOS="3237" WIDTH="27" />
<String CONTENT="74575;" HEIGHT="47" HPOS="1434" VPOS="3236" WIDTH="171" />
<SP HEIGHT="46" HPOS="1606" VPOS="3237" WIDTH="30" />
<String CONTENT="W." HEIGHT="39" HPOS="1637" VPOS="3237" WIDTH="69" />
<SP HEIGHT="37" HPOS="1707" VPOS="3237" WIDTH="30" />
<String CONTENT="B." HEIGHT="39" HPOS="1738" VPOS="3237" WIDTH="54" />
<SP HEIGHT="41" HPOS="1793" VPOS="3235" WIDTH="31" />
<String CONTENT="Saunders" HEIGHT="40" HPOS="1825" VPOS="3235" WIDTH="247" />
<SP HEIGHT="30" HPOS="2073" VPOS="3245" WIDTH="26" />
<String CONTENT="co." HEIGHT="33" HPOS="2100" VPOS="3242" WIDTH="68" />
</TextLine>
<TextLine HEIGHT="47" HPOS="251" VPOS="3291" WIDTH="278">
<String CONTENT="(34-25337)" HEIGHT="47" HPOS="251" VPOS="3291" WIDTH="278" />
</TextLine>
<TextLine HEIGHT="66" HPOS="166" STYLEREFS="StyleId-402AD7E9-64B7-428F-BA99-C47DF530010E-" VPOS="3392" WIDTH="994">
<String CONTENT="Jordan," HEIGHT="61" HPOS="166" VPOS="3392" WIDTH="238" />
<SP HEIGHT="57" HPOS="405" VPOS="3396" WIDTH="33" />
<String CONTENT="Harvey" HEIGHT="61" HPOS="439" VPOS="3396" WIDTH="241" />
<SP HEIGHT="61" HPOS="681" VPOS="3396" WIDTH="35" />
<String CONTENT="Ernest," HEIGHT="62" HPOS="717" VPOS="3396" WIDTH="236" />
<SP HEIGHT="57" HPOS="954" VPOS="3401" WIDTH="37" />
<String CONTENT="1878-" HEIGHT="53" HPOS="992" VPOS="3397" WIDTH="168" />
</TextLine>
<TextLine CS="1" HEIGHT="70" HPOS="242" STYLEREFS="StyleId-402AD7E9-64B7-428F-BA99-C47DF530010E-" VPOS="3471" WIDTH="1925">
<String CONTENT="A" HEIGHT="51" HPOS="242" VPOS="3471" WIDTH="51" />
<SP HEIGHT="52" HPOS="294" VPOS="3471" WIDTH="28" />
<String CONTENT="textbook" HEIGHT="52" HPOS="323" VPOS="3472" WIDTH="270" />
<SP HEIGHT="52" HPOS="594" VPOS="3472" WIDTH="26" />
<String CONTENT="of" HEIGHT="52" HPOS="621" VPOS="3472" WIDTH="63" />
<SP HEIGHT="51" HPOS="685" VPOS="3472" WIDTH="25" />
<String CONTENT="histology," HEIGHT="68" HPOS="711" VPOS="3472" WIDTH="307" />
<SP HEIGHT="56" HPOS="1019" VPOS="3474" WIDTH="25" />
<String CONTENT="by" CS="1" HEIGHT="51" HPOS="1045" VPOS="3474" WIDTH="34" />
<SP HEIGHT="51" HPOS="1120" VPOS="3474" WIDTH="30" />
<String CONTENT="Harvey" HEIGHT="67" HPOS="1151" VPOS="3474" WIDTH="233" />
<SP HEIGHT="66" HPOS="1385" VPOS="3475" WIDTH="26" />
<String CONTENT="Ernest" HEIGHT="52" HPOS="1412" VPOS="3475" WIDTH="210" />
<SP HEIGHT="53" HPOS="1623" VPOS="3474" WIDTH="26" />
<String CONTENT="Jordan" HEIGHT="54" HPOS="1650" VPOS="3473" WIDTH="221" />
<SP HEIGHT="34" HPOS="1872" VPOS="3491" WIDTH="35" />
<String CONTENT="&#8230;" CS="1" />
<SP HEIGHT="52" HPOS="1963" VPOS="3472" WIDTH="65" />
<String CONTENT="New" HEIGHT="52" HPOS="2029" VPOS="3472" WIDTH="138" />
</TextLine>
<TextLine HEIGHT="72" HPOS="172" STYLEREFS="StyleId-402AD7E9-64B7-428F-BA99-C47DF530010E-" VPOS="3548" WIDTH="1994">
<String CONTENT="York," HEIGHT="65" HPOS="172" VPOS="3548" WIDTH="177" />
<SP HEIGHT="64" HPOS="350" VPOS="3549" WIDTH="42" />
<String CONTENT="London," HEIGHT="58" HPOS="393" VPOS="3549" WIDTH="256" />
<SP HEIGHT="57" HPOS="650" VPOS="3550" WIDTH="41" />
<String CONTENT="D." HEIGHT="51" HPOS="692" VPOS="3550" WIDTH="71" />
<SP HEIGHT="51" HPOS="764" VPOS="3550" WIDTH="46" />
<String CONTENT="Appleton-Century" HEIGHT="69" HPOS="811" VPOS="3550" WIDTH="573" />
<SP HEIGHT="48" HPOS="1385" VPOS="3571" WIDTH="42" />
<String CONTENT="company," HEIGHT="50" HPOS="1428" VPOS="3570" WIDTH="297" />
<SP HEIGHT="53" HPOS="1726" VPOS="3551" WIDTH="42" />
<String CONTENT="incorporated" HEIGHT="69" HPOS="1769" VPOS="3550" WIDTH="397" />
</TextLine>
<TextLine CS="1" HEIGHT="50" HPOS="190" STYLEREFS="StyleId-402AD7E9-64B7-428F-BA99-C47DF530010E-" VPOS="3629" WIDTH="160">
<String CONTENT="[" CS="1" />
<String CONTENT="c" HEIGHT="21" HPOS="190" STYLE="superscript" VPOS="3632" WIDTH="20" />
<String CONTENT="1934]" CS="1" HEIGHT="50" HPOS="214" VPOS="3629" WIDTH="136" />
</TextLine>
<TextLine HEIGHT="54" HPOS="242" VPOS="3698" WIDTH="1224">
<String CONTENT="xxvii," HEIGHT="45" HPOS="242" VPOS="3699" WIDTH="150" />
<SP HEIGHT="44" HPOS="393" VPOS="3700" WIDTH="32" />
<String CONTENT="738" HEIGHT="41" HPOS="426" VPOS="3698" WIDTH="85" />
<SP HEIGHT="49" HPOS="512" VPOS="3698" WIDTH="31" />
<String CONTENT="p." HEIGHT="37" HPOS="544" VPOS="3710" WIDTH="41" />
<SP HEIGHT="39" HPOS="586" VPOS="3700" WIDTH="61" />
<String CONTENT="illus." HEIGHT="40" HPOS="648" VPOS="3700" WIDTH="126" />
<SP HEIGHT="43" HPOS="775" VPOS="3700" WIDTH="29" />
<String CONTENT="(part" HEIGHT="49" HPOS="805" VPOS="3700" WIDTH="134" />
<SP HEIGHT="38" HPOS="940" VPOS="3703" WIDTH="32" />
<String CONTENT="col.)" HEIGHT="46" HPOS="973" VPOS="3702" WIDTH="111" />
<SP HEIGHT="45" HPOS="1085" VPOS="3703" WIDTH="26" />
<String CONTENT="diagrs." HEIGHT="49" HPOS="1112" VPOS="3703" WIDTH="178" />
<SP HEIGHT="40" HPOS="1291" VPOS="3703" WIDTH="58" />
<String CONTENT="25" HEIGHT="42" HPOS="1350" VPOS="3703" WIDTH="56" />
<String CONTENT="cm" HEIGHT="20" HPOS="1410" STYLE="superscript" VPOS="3707" WIDTH="42" />
<String CONTENT="." HEIGHT="8" HPOS="1458" VPOS="3736" WIDTH="8" />
</TextLine>
<TextLine HEIGHT="43" HPOS="243" VPOS="3755" WIDTH="664">
<String CONTENT="On" HEIGHT="41" HPOS="243" VPOS="3755" WIDTH="72" />
<SP HEIGHT="30" HPOS="316" VPOS="3767" WIDTH="25" />
<String CONTENT="cover:" HEIGHT="30" HPOS="342" VPOS="3767" WIDTH="167" />
<SP HEIGHT="39" HPOS="510" VPOS="3756" WIDTH="32" />
<String CONTENT="Sixth" HEIGHT="40" HPOS="543" VPOS="3756" WIDTH="140" />
<SP HEIGHT="40" HPOS="684" VPOS="3758" WIDTH="27" />
<String CONTENT="edition." HEIGHT="42" HPOS="712" VPOS="3756" WIDTH="195" />
</TextLine>
<TextLine HEIGHT="49" HPOS="244" VPOS="3813" WIDTH="578">
<String CONTENT="Bibliography:" HEIGHT="49" HPOS="244" VPOS="3813" WIDTH="375" />
<SP HEIGHT="37" HPOS="620" VPOS="3825" WIDTH="31" />
<String CONTENT="p." HEIGHT="36" HPOS="652" VPOS="3826" WIDTH="42" />
<SP HEIGHT="40" HPOS="695" VPOS="3814" WIDTH="29" />
<String CONTENT="663." HEIGHT="41" HPOS="725" VPOS="3813" WIDTH="97" />
</TextLine>
<TextLine CS="1" HEIGHT="102" HPOS="175" VPOS="3867" WIDTH="1993">
<String CONTENT="&#169;" HEIGHT="52" HPOS="175" VPOS="3867" WIDTH="51" />
<SP HEIGHT="52" HPOS="227" VPOS="3867" WIDTH="37" />
<String CONTENT="Aug." HEIGHT="48" HPOS="265" VPOS="3872" WIDTH="119" />
<SP HEIGHT="43" HPOS="385" VPOS="3871" WIDTH="38" />
<String CONTENT="24," HEIGHT="48" HPOS="424" VPOS="3871" WIDTH="69" />
<SP HEIGHT="47" HPOS="494" VPOS="3872" WIDTH="39" />
<String CONTENT="1934;" HEIGHT="48" HPOS="534" VPOS="3871" WIDTH="140" />
<SP HEIGHT="47" HPOS="675" VPOS="3872" WIDTH="41" />
<String CONTENT="2c." HEIGHT="41" HPOS="717" VPOS="3872" WIDTH="67" />
<SP HEIGHT="40" HPOS="785" VPOS="3873" WIDTH="38" />
<String CONTENT="Aug." HEIGHT="47" HPOS="824" VPOS="3873" WIDTH="119" />
<SP HEIGHT="38" HPOS="944" VPOS="3873" WIDTH="39" />
<String CONTENT="28;" HEIGHT="47" HPOS="984" VPOS="3873" WIDTH="81" />
<SP HEIGHT="35" HPOS="1066" VPOS="3885" WIDTH="44" />
<String CONTENT="aff." HEIGHT="40" HPOS="1111" VPOS="3874" WIDTH="78" />
<SP HEIGHT="39" HPOS="1190" VPOS="3875" WIDTH="39" />
<String CONTENT="Aug." HEIGHT="48" HPOS="1230" VPOS="3875" WIDTH="120" />
<SP HEIGHT="39" HPOS="1351" VPOS="3874" WIDTH="41" />
<String CONTENT="29;" HEIGHT="43" HPOS="1393" VPOS="3874" WIDTH="81" />
<SP HEIGHT="41" HPOS="1475" VPOS="3876" WIDTH="41" />
<String CONTENT="A" HEIGHT="38" HPOS="1517" VPOS="3876" WIDTH="41" />
<SP HEIGHT="39" HPOS="1559" VPOS="3876" WIDTH="38" />
<String CONTENT="75090;" HEIGHT="45" HPOS="1598" VPOS="3874" WIDTH="169" />
<SP HEIGHT="42" HPOS="1768" VPOS="3877" WIDTH="44" />
<String CONTENT="D." HEIGHT="38" HPOS="1813" VPOS="3877" WIDTH="56" />
<SP HEIGHT="40" HPOS="1870" VPOS="3875" WIDTH="39" />
<String CONTENT="Appleton-Century" CS="1" HEIGHT="94" HPOS="246" VPOS="3875" WIDTH="1922" />
<SP HEIGHT="29" HPOS="462" VPOS="3939" WIDTH="36" />
<String CONTENT="co.," HEIGHT="30" HPOS="499" VPOS="3939" WIDTH="81" />
<SP HEIGHT="40" HPOS="581" VPOS="3929" WIDTH="37" />
<String CONTENT="inc." HEIGHT="39" HPOS="619" VPOS="3929" WIDTH="90" />
<SP HEIGHT="40" HPOS="710" VPOS="3929" WIDTH="70" />
<String CONTENT="(34-25732)" HEIGHT="40" HPOS="781" VPOS="3929" WIDTH="278" />
</TextLine>
</TextBlock>
</PrintSpace>
</Page>
</Layout>
</alto>