2350 4196
1096 3998 131 49 1091

235 438 582 49 4 p. l., 3-301 p. 21 cm .
238 509 159 40 ‘'First
431 509 225 42 edition.’'

167 582 55 50 ©,
246 587 119 44 Aug.
395 587 67 40 16.
493 586 113 38 1934;
665 588 66 38 2c.
761 588 90 37 and
885 585 81 40 aff.
997 585 117 45 Aug.
1147 584 53 40 18;
1260 584 38 37 A
1331 583 144 39 74572;
1533 583 261 42 Harcourt,
1827 583 153 38 Brace
2012 583 35 39 &
2078 592 81 33 co..

233 642 87 39 inc.
396 641 279 48 (34-25527)

162 744 118 52 The
323 760 324 48 panorama
690 744 63 52 of
796 745 233 52 modern
1073 744 312 64 literature,
1429 743 361 54 contributed
1835 743 72 65 by
235 741 1923 133 thirty-one
375 828 164 62 great

573 823 234 52 modern
849 823 248 65 writers;
1138 821 138 52 with
1316 840 70 33 an
1424 820 391 53 introduction
1855 821 71 65 by
234 819 1904 148 Christopher
474 900 240 69 Morley.
790 900 230 55 Garden
1059 899 152 68 City,
1248 899 70 52 N.
1358 899 90 66 Y.,
1485 898 358 67 Doubleday,
1881 898 197 53 Doran
2117 902 46 49 &

233 996 295 50 company,
556 979 126 67 inc.,
715 982 150 49 1934.

237 1075 27 26 x
294 1077 57 37 p.,
381 1067 25 37 1
454 1096 24 16 l.,
505 1066 83 39 555
615 1076 42 37 p.
718 1065 56 41 19½
808 1068 42 20 cm
855 1098 8 8 .

170 1135 50 51 ©
247 1139 115 46 July
388 1139 68 39 31.
483 1137 140 49 1934;
652 1138 65 40 2c.
747 1140 92 38 and
868 1138 80 40 aff.
976 1139 116 45 Aug.
1121 1137 54 40 27;
1231 1138 40 37 A
1300 1137 168 43 75055;
1498 1138 298 45 Doubleday,
1826 1137 166 39 Doran
2019 1137 36 39 &
2082 1148 81 32 co.,

235 1196 89 38 inc.
396 1196 279 43 (34-25545)

163 1299 239 64 Parker,
431 1300 137 52 Mrs.
604 1301 210 50 Emma
846 1301 291 63 (Krause)
1178 1302 168 49 1886-

236 1390 328 68 Fugitives;
604 1391 95 53 the
733 1396 118 48 story
928 1390 62 53 of
1027 1389 180 69 Clyde
1244 1391 239 51 Barrow
1520 1389 114 53 and
1670 1389 221 52 Bonnie
1930 1388 234 53 Parker.

168 1487 57 33 as
254 1469 121 51 told
406 1469 75 67 by
512 1469 266 52 Bonnie’s
810 1469 218 52 mother
1070 1469 163 67 (Mrs.
1264 1469 207 52 Emma
1502 1468 247 68 Parker)
1793 1468 113 52 and
1939 1466 227 69 Clyde’s

165 1547 163 52 sister
372 1546 156 67 (Nell
559 1550 237 50 Barrow
831 1547 239 66 Cowan)
1148 1546 318 69 Compiled,
1497 1547 301 68 arranged,
1833 1548 111 51 and
1975 1546 186 53 edited

169 1626 69 66 by
268 1625 113 53 Jan
413 1626 47 51 I.
490 1626 270 52 Fortune.
836 1626 217 55 Dallas,
1082 1625 120 52 The
1228 1626 232 67 Ranger
1491 1644 173 49 press,
1693 1626 106 52 inc.
1836 1659 11 33 [
1854 1632 16 20 c
1877 1628 134 50 1934]

237 1698 59 41 iv.
327 1698 84 40 255
441 1710 43 37 p.
545 1697 147 41 front.
724 1699 48 43 (2
802 1701 146 46 port.)
1020 1699 53 38 19½
1107 1701 42 20 cm
1155 1731 8 7 .

170 1767 1996 50 © Aug. 13, 1934; 2c. Aug. 16; aff. Aug. 31; A 74541; E. Parker, Nellie
239 1829 113 45 May
383 1827 177 40 Cowan
593 1829 90 37 and
717 1828 50 39 L.
800 1828 42 40 J.
876 1827 189 42 Cowan,
1098 1828 181 38 Dallas.
1354 1827 280 48 (34-25534)

166 1930 235 64 Parton,
436 1931 270 63 Dorothy
740 1932 258 63 Martha,
1034 1934 168 49 1898-

299 2020 1865 70 … The diplomatic career of Joel Roberts Poinsett, by
164 2100 1978 147 Dorothy M. Parton … Washington. D. C., The Catholic university of America, 1934.
237 2253 98 47 viii,
368 2252 86 40 162
485 2263 43 37 p.
588 2252 55 39 22½
677 2254 43 21 cm
725 2284 8 7 .

237 2325 63 39 At
328 2325 123 39 head
481 2324 51 39 of
561 2323 135 40 title:
727 2324 102 39 The
857 2323 221 41 Catholic
1106 2324 270 48 university
1405 2324 51 40 of
1482 2324 239 42 America.

237 2381 172 40 Thesis
453 2381 107 47 (PH.
628 2379 327 47 D.)—Catholic
988 2380 269 48 university
1291 2381 50 41 of
1373 2382 237 48 America,
1645 2381 125 42 1934.

234 2439 129 41 Vita.

237 2495 376 48 Bibliography:
645 2505 43 37 p.
720 2493 216 41 151-156.

171 2564 50 51 ©
250 2569 116 38 Aug.
396 2569 67 43 14,
493 2566 139 41 1934;
663 2568 64 37 2c.
758 2565 93 40 and
881 2566 80 38 aff.
992 2566 115 44 Aug.
1136 2566 55 39 24;
1248 2567 39 37 A
1316 2566 142 40 75032;
1518 2568 221 40 Catholic
1767 2568 130 41 univ.
1927 2569 50 39 of
242 2573 1908 92 America.
401 2623 280 46 (34-25356)

166 2727 291 65 Peabody,
488 2729 137 51 Mrs.
659 2728 161 62 Lucy
852 2727 269 63 (McGill)
1162 2728 374 65 Waterbary,
1571 2733 171 48 1861-

243 2817 1867 70 Kidnaping the Constitution [by] Lucy W. Peabody …
174 2896 1610 63 Marblehead, Mass., N. A. Lindsey & co., inc. [ c 1934]
243 2971 84 40 110
355 2982 43 38 p.
460 2970 55 40 19½
548 2972 44 21 cm
596 3001 9 9 .

244 3029 303 41 Authorities
571 3027 177 48 quoted:
805 3037 43 38 p.
880 3026 54 50 [3]

174 3100 51 51 ©
254 3104 108 38 Feb.
392 3103 68 45 21,
489 3100 113 40 1934;
659 3100 24 38 2
686 3108 38 32 c.
755 3101 94 37 and
878 3098 80 40 aff.
989 3100 119 38 Mar.
1138 3100 24 36 5;
1220 3100 38 37 A
1289 3099 169 48 70451;
1490 3102 49 39 L.
1570 3103 69 38 W.
1671 3103 238 47 Peabody,
1943 3103 226 50 Orlando,

243 3161 101 38 Fla.
416 3156 279 49 (34-25535)

171 3263 233 62 Peters;
427 3260 245 55 Charles
705 3259 274 64 Howard,
1018 3264 167 49 1893-

247 3355 128 51 Life
406 3353 112 53 and
547 3354 125 50 love
699 3353 60 50 in
787 3351 95 52 the
913 3351 314 68 aquarium,
1256 3353 74 65 by
1360 3352 63 55 C.
1453 3353 76 51 H.
1559 3354 214 52 Peters.
1838 3354 139 53 New
2011 3356 160 52 York

174 3433 131 64 city.
333 3431 236 67 Empire
597 3429 246 68 tropical
871 3428 106 52 fish
1005 3429 212 67 import
1246 3448 279 50 company
1559 3433 170 64 [1934]

246 3505 97 47 140,
377 3501 283 47 140a-140d,
697 3501 233 50 [141]-399
960 3512 43 37 p.
1034 3502 109 40 incl.
1176 3503 141 47 illus.,
1349 3505 86 39 col.
1465 3505 172 47 plates,
1699 3506 85 39 col.
1816 3506 149 41 front.
2026 3507 56 42 20½
2115 3513 43 20 cm
2164 3543 7 8 .

246 3560 364 43 “Illustrations
638 3560 62 46 by
727 3558 168 48 Henry
925 3558 189 49 Uhlig.”

176 3633 50 51 ©
262 3636 115 47 Aug.
415 3634 69 46 13,
520 3631 113 40 1934;
698 3629 66 41 2c.
800 3630 95 39 and
931 3628 79 40 aff.
1047 3629 118 48 Aug.
1202 3629 55 40 24;
1322 3632 40 37 A
1396 3632 171 47 75021;
1607 3634 197 47 Empire
1840 3635 204 48 tropical
2080 3638 90 39 fish

241 3693 180 47 import
446 3701 65 29 co.
584 3686 280 50 (34-25731)

167 3793 202 53 Punch.
464 3811 49 36 v.
549 3792 115 58 187,
691 3809 89 33 no.
811 3792 153 64 4858,
995 3789 141 68 July
1167 3794 82 63 25,
1283 3795 148 49 1934.

177 3875 1992 61 © 1c. Sept. 22, 1934; A ad int. 19400; pubd. July 25; Herbert Heather,
248 3942 209 39 London.
