2350 4196
1105 4001 99 50 459

231 435 51 40 vi
309 445 57 37 p.,
397 433 26 39 2
489 466 7 14 l,
532 433 173 50 [3]-185
736 444 41 37 p.
839 432 55 40 21½
928 435 44 20 cm
976 465 7 8 .
1054 432 297 47 (Half-title:
1384 432 229 40 Harvard
1644 431 186 41 studies
1862 432 49 38 in
1943 430 202 49 English.

157 493 90 40 vol.
277 494 56 46 x)

159 547 1999 160 “Dr. Eccles … follows the companions of [Thomas] Watson and Marlowe out into the intrigue, violence and hurly-burly of Tudor London.”—Introd.
164 720 1973 107 © Apr. 6, 1934; 2c. Apr. 13; aff. Apr. 11; A 72030; President and fellows of Harvard college, Cambridge, Mass. (34-9386)
159 887 264 63 Everett,
450 884 254 56 Samuel.

291 957 1867 74 … Helping the nation by helping the farmer, by Samuel
161 1043 236 51 Everett
438 1042 111 51 and
589 1040 273 53 Edmund
904 1040 68 53 de
1015 1038 55 55 S.
1114 1040 282 65 Brunner,
1437 1038 139 52 with
1616 1038 94 53 the
1752 1038 302 52 assistance
2095 1036 63 53 of

161 1119 248 54 Herbert
451 1120 67 51 B.
561 1120 242 66 Bruner,
845 1119 193 53 James
1080 1118 66 52 E.
1189 1117 370 52 Mendenhall
1627 1116 130 66 [and]
1806 1116 243 53 Pauline
2091 1117 67 51 E.

160 1198 345 68 Thompson.
572 1197 140 52 New
744 1196 161 53 York
936 1196 132 68 city,
1100 1197 228 51 Bureau
1360 1195 63 53 of
1451 1195 401 68 publications,
1882 1196 277 52 Teachers

158 1277 226 67 college,
420 1275 302 55 Columbia
758 1274 316 69 university
1116 1308 11 33 [
1134 1281 16 20 c
1155 1278 152 63 1933]

233 1348 1748 50 1 p. l., 32 p. illus., diagrs. 23 cm . (The national crisis series)
164 1404 1992 51 © Dec. 4, 1933; 2c. Feb. 1, 1934; aff. Mar. 3; A 69466; Teachers college,
231 1465 250 41 Columbia
512 1465 130 39 univ.
716 1464 250 48 (34-9223)

290 1553 1869 72 … Our government’s relation to industry and the railroads,
160 1635 71 66 by
264 1633 230 55 Samuel
526 1635 239 52 Everett
798 1635 111 51 and
942 1634 153 52 Leon
1130 1633 62 55 C.
1224 1633 300 64 Marshall,
1557 1633 139 52 with
1728 1633 96 52 the
1857 1633 302 52 assistance

162 1713 63 53 of
249 1713 252 53 Herbert
527 1714 67 51 B.
623 1714 242 65 Bruner,
892 1713 273 51 Edmund
1192 1713 69 51 de
1290 1712 56 55 S.
1375 1713 283 66 Brunner,
1685 1712 193 54 James
1905 1713 69 51 E.
160 1713 1977 131 Mendenhall
443 1792 148 66 [and]
644 1792 244 52 Pauline
931 1792 68 51 E.
1046 1792 346 67 Thompson.
1474 1791 139 52 New
1659 1791 163 53 York
1867 1792 132 68 city,
162 1793 1973 130 Bureau
341 1871 63 53 of
449 1870 401 68 publications,
896 1870 277 53 Teachers
1221 1871 228 68 college,
1496 1870 302 55 Columbia
1845 1872 316 67 university

161 1983 12 33 [
178 1955 18 21 c
200 1953 153 63 1933]

234 2018 1478 54 1 p. l., 29 p. illus. 23 cm . (The national crisis series)
165 2078 50 51 ©
250 2083 110 39 Dec.
393 2083 39 45 4,
466 2081 139 46 1933;
641 2082 64 39 2c.
742 2081 107 39 Feb.
885 2082 39 45 1,
958 2080 140 47 1934;
1135 2080 81 42 aff.
1251 2081 110 41 Feb.
1397 2082 80 46 16;
1514 2082 41 38 A
1588 2082 169 46 69462;
1795 2083 239 41 Teachers
231 2085 1910 102 college,
377 2139 250 40 Columbia
658 2138 126 39 univ.
858 2138 250 48 (34-9215)

163 2229 1997 146 … Uncle Sam and the farmer, by Samuel Everett and Edmund de S. Brunner, with the assistance of Herbert B. Bruner,
162 2386 193 54 James
381 2387 68 51 E.
477 2386 370 52 Mendenhall
897 2387 130 65 [and]
1059 2387 242 52 Pauline
1327 2388 68 51 E.
1424 2388 346 67 Thompson.
1833 2388 137 52 New
2002 2387 161 53 York

161 2464 1973 147 city, Bureau of publications, Teachers college, Columbia university [ c 1933]
235 2616 1798 51 1 p. l., 28 p. illus., diagrs. 23 cm . (The national crisis series)
166 2670 51 52 ©
242 2676 109 39 Dec.
379 2676 39 45 4,
445 2675 112 40 1933;
613 2675 67 40 2c.
707 2675 111 40 Feb.
844 2676 38 46 1,
909 2675 140 45 1934;
1078 2675 82 41 aff.
1187 2677 108 39 Feb.
1324 2677 81 46 16;
1434 2679 40 37 A
1501 2677 169 47 69460;
1700 2677 240 41 Teachers
1967 2680 190 47 college,

233 2731 250 41 Columbia
514 2732 128 40 univ.
717 2731 249 50 (34-9222)

291 2822 1868 72 … Uncle Sam’s relation to industry and railroads, by Samuel
165 2901 234 53 Everett
430 2903 112 51 and
572 2902 154 52 Leon
757 2901 64 55 C.
854 2901 298 68 Marshall,
1183 2904 140 52 with
1355 2905 95 51 the
1483 2904 302 53 assistance
1818 2904 63 52 of
1912 2903 247 53 Herbert

167 2980 65 52 B.
256 2981 242 67 Bruner,
523 2981 272 52 Edmund
818 2982 66 51 de
912 2981 56 55 S.
993 2983 281 65 Brunner,
1298 2983 194 54 James
1516 2983 68 52 E.
1608 2982 381 62 Mendenhall,
2010 2983 148 66 [and]

162 3058 242 53 Pauline
444 3059 68 51 E.
554 3058 346 69 Thompson.
975 3060 139 53 New
1155 3062 163 52 York
1359 3063 132 67 city,
1531 3064 231 50 Bureau
1803 3062 63 53 of
162 3063 1974 141 publications,
371 3138 278 51 Teachers
693 3137 226 69 college,
965 3138 301 55 Columbia
1308 3141 318 68 university
1676 3174 11 33 [
1693 3147 17 20 c
1715 3144 153 65 1934]

237 3210 1476 51 1 p. l., 27 p. illus. 23 cm . (The national crisis series)
167 3264 50 51 ©
257 3269 109 39 Jan.
403 3268 39 47 9,
480 3269 113 39 1934;
659 3269 68 40 2c.
765 3270 111 40 Feb.
913 3272 51 43 1;
1006 3271 82 40 aff.
1128 3272 106 40 Feb.
1275 3273 81 46 16;
1397 3274 41 37 A
1476 3272 169 48 69461;
1688 3273 240 41 Teachers
1967 3275 191 47 college,

234 3325 249 40 Columbia
516 3325 126 40 univ.
718 3326 249 47 (34-9216)

160 3415 311 66 Faulkner,
503 3415 273 67 William,
810 3418 171 54 1897-

235 3494 214 53 Doctor
495 3494 255 54 Martino
799 3497 109 50 and
959 3497 161 52 other
1165 3499 216 66 stories,
1428 3500 33 50 by
1549 3498 257 53 William
1853 3498 306 52 Faulkner.

170 3571 133 52 New
331 3572 177 66 York,
536 3572 75 52 H.
640 3572 189 55 Smith
858 3575 111 52 and
1055 3619 8 9 R,
1092 3576 174 67 Haas,
1297 3580 149 50 1934.

232 3644 562 50 4 p. l., 371 p. 19½ cm .
502 3703 251 41 CONTENTS.—Doctor
784 3704 392 44 Martino.—Fox
1206 3709 299 40 hunt.—The
1538 3708 397 41 hound.—Death

167 3709 1995 91 drag.—There
367 3771 100 30 was
516 3771 25 29 a
591 3761 612 48 queen.—Smoke.—Turn

168 3765 1994 92 about.—Beyond.—Wash.—Elly.—Black
350 3817 655 50 music.—Leg.—Mountain
1045 3821 443 48 victory.—Honor.

170 3871 50 51 ©
257 3877 112 46 Apr.
408 3876 68 46 16,
516 3876 112 40 1934;
695 3877 66 40 2c.
799 3878 113 47 Apr.
952 3879 81 46 21;
1074 3880 40 38 A
1153 3881 168 45 71314;
1363 3881 243 39 Harrison
1648 3880 155 41 Smith
1844 3883 94 38 and
1979 3881 180 40 Robert

236 3933 149 47 Haas,
413 3933 87 40 inc.
577 3933 225 48 (34-9404)
