2350 4196
1120 4007 97 48 556

189 373 381 55 Farnsworth,
618 378 143 52 Paul
789 375 323 65 Randolph,
1144 381 168 49 1899-

323 453 1847 69 … Studies in the psychology of tone and music; from the
190 529 431 69 Psychological
658 532 327 67 laboratory
1024 531 61 53 of
1124 532 278 55 Stanford
1441 532 332 67 university,
1807 534 75 66 by
1920 535 146 52 Paul
2103 537 67 52 R.

191 607 1881 69 Farnsworth … Worcester, Mass., Clark university, c 1934.
266 679 1909 54 94 p. 1 illus. 25 cm . (Genetic psychology monographs … vol. XV,
193 744 73 30 no.
296 736 51 46 1)

266 790 373 44 “References”:
669 806 42 36 p.
741 794 155 41 88-91.

196 858 1551 55 © Apr. 3, 1934; 2c. and aff. Apr. 7; A 71163; Clark univ.
274 920 276 47 (34-11980)

188 1036 243 54 Federal
483 1046 268 61 reporter.
832 1040 212 52 Second
1096 1041 181 52 series.
1356 1040 166 53 Cases
1574 1041 212 66 argued
1836 1041 111 52 and
258 1041 1894 126 determined
479 1117 58 51 in
568 1118 92 51 the
691 1117 214 55 United
940 1119 184 54 States
1157 1117 214 56 Circuit
1405 1123 186 48 courts
1624 1117 61 52 of
1716 1119 249 66 appeals,
1999 1119 179 54 Court

260 1193 61 52 of
372 1195 228 66 appeals
651 1195 61 51 of
761 1196 94 52 the
905 1197 241 52 District
1196 1196 61 51 of
1308 1196 299 53 Columbia
1658 1196 110 51 and
1817 1196 94 52 the
1960 1196 215 54 United

262 1271 185 54 States
499 1273 177 53 Court
726 1274 61 51 of
837 1280 240 46 customs
1130 1274 108 51 and
1289 1279 200 61 patent
1538 1275 247 66 appeals.
1860 1273 161 54 With
2069 1274 106 68 key

260 1351 236 52 number
569 1351 359 52 annotations.
1020 1369 48 34 v.
1144 1354 61 49 67
1240 1352 125 66 (2d)
1452 1352 333 55 November,
259 1353 1888 143 1933-February,
480 1432 147 48 1934.
707 1429 80 54 St.
820 1430 163 52 Paul,
1014 1432 157 49 West
1201 1429 333 68 publishing
1565 1448 96 36 co.,
1695 1432 148 49 1934.

260 1502 184 47 xxxvii,
469 1502 113 39 1101
607 1514 42 36 p.
674 1503 107 40 incl.
808 1503 134 40 front.
986 1503 156 47 (map)
1204 1502 176 48 diagrs.
1437 1503 55 39 26
1496 1505 43 20 cm
1546 1534 6 8 .

195 1570 50 51 ©
274 1575 112 47 Apr.
416 1574 67 45 23,
513 1574 139 40 1934;
684 1574 66 39 2c.
782 1575 111 45 May
920 1574 52 39 23;
1033 1573 81 40 aff.
1145 1574 111 46 May
1285 1573 80 40 25;
1399 1573 41 38 A
1470 1573 138 39 71797;
1671 1574 133 38 West
1834 1571 109 49 pub.
1974 1583 65 30 co.

189 1693 262 63 Fendler,
483 1692 183 54 Grace
697 1692 69 55 A.

258 1770 138 52 New
431 1771 186 51 truths
651 1770 167 51 about
856 1769 320 55 Columbus,
1208 1769 75 65 by
1315 1769 181 54 Grace
1529 1769 68 52 A.
1633 1768 261 54 Fendler,
1971 1774 87 47 1st
2086 1769 83 52 ed.

190 1847 109 55 Los
331 1847 265 67 Angeles,
631 1845 191 65 Calif.,
858 1848 119 51 The
1008 1846 239 52 Federal
1280 1846 261 67 printing
1575 1864 96 48 co.,
1704 1847 123 58 inc.,
1864 1852 16 21 c
1887 1849 147 50 1934.

261 1920 55 39 64
344 1932 42 36 p.
446 1919 133 40 front.
621 1919 126 48 (fold.
790 1918 216 47 facsim.)
1073 1917 55 40 21
1131 1920 44 21 cm
1179 1950 8 9 .

268 1977 145 39 “This
451 1977 121 39 book
612 1977 42 38 is
693 1977 110 46 only
843 1976 81 39 the
964 1975 282 47 by-product
1284 1975 49 38 of
1374 1985 26 29 a
1441 1976 160 46 larger
1641 1974 132 40 work
1814 1974 203 41 entitled
2056 1974 115 41 ‘The

196 2043 196 37 masque
425 2033 50 39 of
509 2034 80 39 the
623 2032 131 40 dove’
790 2032 157 39 which
981 2032 41 39 is
1055 2041 106 29 now
1195 2031 297 47 undergoing
1529 2030 209 41 revision
1773 2033 93 39 and
1901 2032 42 39 is
1978 2042 116 29 soon
2125 2033 48 39 to

191 2090 55 40 be
275 2088 632 49 published.”—Foreword.

194 2143 51 51 ©
279 2148 113 46 Apr.
426 2148 38 39 3,
500 2146 113 40 1934;
677 2146 66 39 2c.
777 2146 111 46 Apr.
926 2145 24 39 9;
1016 2144 79 40 aff.
1131 2145 111 47 Apr.
1280 2146 23 38 7;
1368 2145 41 38 A
1444 2145 167 44 71176;
1652 2145 51 40 G.
1740 2145 51 39 A.
1828 2145 219 47 Fendler,
2084 2146 92 38 Los

258 2204 204 47 Angeles.
534 2201 276 49 (34-11629)

187 2319 181 65 Fixel,
396 2319 231 54 Arthur
658 2319 161 64 Ellis,
853 2321 169 50 1885-

255 2399 165 52 False
451 2397 266 53 financial
749 2403 352 46 statements:
1139 2394 267 55 remedies
1439 2396 62 53 of
1535 2395 316 54 defrauded
1883 2396 286 54 creditors.

185 2474 1986 68 2d ed, By Arthur E. Fixel … Albany, N. Y., M. Bender &
188 2570 292 50 company,
507 2553 414 66 incorporated,
952 2555 146 49 1934.

262 2625 90 40 xiii
377 2637 55 36 p.,
462 2610 24 54 1
535 2656 22 15 l.,
589 2625 83 40 538
699 2636 41 36 p.
800 2624 56 39 24
859 2627 43 20 cm
909 2656 7 7 .

261 2680 174 41 “Table
466 2682 50 40 of
545 2692 133 29 cases
708 2680 152 40 cited”:
923 2691 41 36 p.
994 2679 200 41 465-487.

193 2735 50 51 ©
272 2739 112 48 Apr.
413 2739 68 40 30.
512 2738 112 40 1934;
683 2738 65 39 2c.
780 2739 93 38 and
902 2736 78 40 aff.
1013 2738 111 46 May
1153 2738 22 37 1;
1236 2737 41 38 A
1307 2737 140 40 71460;
1507 2738 52 40 A.
1593 2739 50 38 E.
1675 2737 152 47 Fixel,
1858 2736 205 40 Detroit.

272 2795 277 47 (34-11447)

188 2911 266 65 Freilich,
486 2913 217 54 Aaron.

188 2985 1983 147 Intermediate algebra, by Aaron Freiiich … Henry H. Shanholt … [and] Joseph P. McCormack … New York, Newark
208 3149 117 60 [etc.]
363 3142 203 67 Silver,
596 3143 246 51 Burdett
870 3143 112 51 and
1012 3160 274 49 company
1320 3146 190 63 [c1934]

253 3217 63 46 ix,
345 3216 87 40 406
459 3228 41 36 p.
531 3216 108 39 incl.
668 3216 134 39 front.
846 3215 169 47 (port.)
1055 3214 139 43 illus,.
1228 3217 177 46 diagrs.
1466 3216 53 39 19
1524 3218 42 21 cm
1572 3250 7 6 .

257 3273 229 46 “Helpful
514 3272 225 39 material
767 3272 77 39 for
873 3271 248 40 teachers”:
1179 3283 41 36 p.
1249 3273 97 40 389.

256 3329 225 47 “Typical
514 3326 382 42 examinations”:
959 3339 39 37 p.
1032 3326 212 42 390-402.

189 3383 51 51 ©
275 3388 110 47 Apr.
422 3387 66 39 14.
527 3386 137 40 1934;
702 3386 64 39 2c.
804 3386 112 46 Apr.
952 3384 79 46 28;
1071 3384 80 40 aff.
1188 3386 110 46 Apr.
1334 3387 81 41 27;
1455 3388 39 38 A
1531 3387 168 40 72239;
1738 3387 52 40 A.
1829 3385 211 40 Freilich
2076 3385 93 39 and

254 3444 165 45 Henry
463 3443 58 38 H.
569 3442 248 39 Shanholt.
862 3442 259 46 Brooklyn,
1166 3444 92 38 and
1303 3444 178 46 Joseph
1525 3444 50 39 P.
1620 3443 328 45 McCormack,
1990 3441 179 44 Bronx,

253 3501 55 38 N.
337 3500 50 38 Y.
457 3497 275 48 (34-11406)

183 3612 1987 146 Plane trigonometry, by Aaron Freilich … Henry H. Shanholt … [and] Joseph P. McCormack … New York, Newark
204 3774 117 60 [etc.]
361 3768 202 57 Silver,
594 3768 242 52 Burdett
869 3770 110 51 and
1011 3788 276 49 company
1364 3774 150 62 [c1934]

251 3841 62 47 ix,
340 3840 84 41 293
451 3853 41 36 p.
519 3841 109 39 incl.
656 3842 134 38 front.
833 3841 170 47 (port.)
1041 3844 23 37 1
1095 3842 139 45 illus.,
1264 3845 176 46 diagrs.
1502 3843 53 39 19
1560 3846 41 20 cm
1609 3877 8 5 .

252 3898 229 47 “Helpful
510 3897 225 39 material
761 3898 78 39 for
868 3897 247 41 teachers”:
1175 3911 40 36 p.
1244 3900 98 39 262.
