2350 4196
1158 4001 96 50 558

276 449 80 47 vii,
388 447 85 41 227
503 460 43 37 p.
606 448 55 39 23½
695 451 43 20 cm
743 481 7 7 .

279 504 344 42 “References”
655 509 51 36 at
736 507 90 38 end
857 505 50 41 of
934 507 118 38 each
1084 506 211 47 chapter.

209 559 1931 52 © Apr. 25, 1934; 2c. and aff. May 2; A 72261; Williams & Wilkins co.
286 620 279 50 (34-11671)

205 723 214 64 Hatch,
446 722 154 66 Eric,
629 726 169 49 1901-

339 798 1853 68 … Road show. Boston, Little, Brown, and company, 1934.
277 874 698 48 4 p l., 3-287 [1] p 19½ cm
213 928 50 51 ©
295 932 114 46 May
438 932 70 38 11.
539 930 113 40 1934;
710 930 68 39 2c.
812 931 94 38 and
936 929 71 40 aff.
1050 930 113 46 May
1193 928 80 47 12;
1309 928 42 38 A
1380 927 168 47 72376;
1585 928 52 38 E.
1671 927 176 47 Hatch,
1882 926 312 48 Cedarhnrst,

277 988 133 47 Long
436 988 181 45 Island,
646 987 42 38 N.
730 987 52 38 Y.
851 985 277 49 (34-12029)

204 1092 366 61 Hausmann,
601 1090 326 54 Elisabeth.

280 1168 109 52 Die
432 1168 304 66 Karschin,
780 1167 328 52 Friedrichs
1155 1167 94 52 des
1296 1166 245 54 Grossen
1584 1164 478 66 volksdichterin;
2108 1163 91 53 ein

209 1245 160 53 leben
401 1245 61 52 in
494 1244 240 68 briefen,
764 1244 324 69 eingeleitet
1120 1245 117 51 und
1271 1243 455 69 herausgegeben
1759 1261 111 34 von
1902 1242 297 53 Elisabeth

211 1322 367 66 Hausmann;
619 1322 107 53 mit
765 1326 63 48 31
869 1323 241 52 bildern.
1183 1321 328 53 Frankfurt
1550 1340 90 34 am
1678 1321 179 67 Main,
208 1321 1967 146 Societätsverlag,
450 1402 150 50 1933.

282 1471 99 48 409,
416 1471 53 49 [3]
500 1482 43 37 p.
575 1473 76 38 incl.
715 1474 180 47 geneal.
929 1473 94 39 tab.
1083 1473 168 47 plates,
1284 1476 163 44 ports.,
1476 1473 215 39 facsims.
1753 1472 54 40 19
1811 1475 43 20 cm
1859 1504 8 7 .

214 1525 50 51 ©
292 1531 110 38 Dec.
427 1531 39 45 1,
493 1529 139 46 1933;
660 1530 65 39 1c.
754 1530 120 39 Mar.
901 1530 68 46 13,
1000 1529 136 47 1934;
1164 1530 40 38 A
1205 1529 269 48 -Foreign
1499 1530 170 47 24005;
1700 1529 327 42 Frankfurter
282 1530 1899 103 societäts-druckerei,
693 1597 28 36 g.
759 1597 60 28 m.
844 1586 27 39 b.
911 1588 42 36 h.
1019 1585 276 48 (34-12303)

208 1688 371 65 Heitzmann,
608 1689 195 64 Louis,
836 1692 169 49 1864-

212 1766 1987 140 Urinary analysis and diagnosis by microscopical and chemical examination, by Louis Heitzmann … 6th rev. ed. With
212 1941 103 33 one
343 1923 261 51 hundred
635 1923 112 51 and
777 1922 314 66 thirty-one
1120 1922 380 53 illustrations
1530 1924 112 52 and
1676 1941 30 34 a
1738 1924 236 66 chapter
2002 1942 70 34 on
2104 1925 95 51 the

213 1999 438 53 determination
691 1998 63 53 of
791 2000 95 51 the
927 1998 320 53 functional
1290 1999 276 68 efficiency
1607 2000 63 52 of
1710 2002 95 51 the
1845 2001 240 66 kidneys
2125 2002 74 67 by

211 2076 1964 146 Walter T. Dannreuther … Baltimore, W. Wood and company, 1934.
279 2226 98 48 xix,
405 2228 84 40 385
514 2238 42 37 p.
584 2227 109 39 incl.
721 2226 141 48 illus.,
891 2228 169 46 plates.
1121 2225 54 41 23½
1207 2229 43 21 cm
1255 2258 7 7 .

284 2282 343 40 “References”
656 2285 52 37 at
734 2283 90 39 end
852 2283 50 39 of
927 2283 199 47 chapter
1153 2292 57 30 on
1240 2283 127 40 “The
1394 2283 229 41 hormone
1652 2289 95 36 test
1775 2286 77 38 for
1880 2286 316 48 pregnancy”.

217 2335 50 51 ©
294 2340 111 47 Apr.
432 2339 69 46 26,
529 2338 139 47 1934;
698 2338 66 40 2c,
794 2339 93 39 and
916 2337 80 41 aff.
1023 2340 112 46 May
1161 2339 51 47 2;
1244 2343 40 35 A
1312 2340 168 46 72265;
1510 2341 242 41 Williams
1783 2342 35 40 &
1844 2342 208 41 Wilkins
2081 2354 66 30 co.

293 2395 277 48 (34-11983)

214 2500 244 64 Herzog,
489 2498 289 65 Wilhelm,
814 2501 168 50 1884-

214 2575 1984 152 … Der kampf einer republik. Die affäre Dreyfus: dokumente und tatsachen. Mit 95 abbildungen, zeitgenössischen
212 2731 370 53 karikaturen
636 2733 117 51 und
808 2730 437 54 faksimilierten
1303 2735 393 53 dokumenten.
1790 2737 205 52 Zürich
2056 2744 135 61 [etc.]

215 2809 377 67 Büchergilde
629 2809 327 67 Gutenberg
997 2844 12 32 [
1014 2816 18 20 c
1037 2814 131 48 1933
1175 2845 10 32 ]

291 2881 83 48 xii,
414 2882 52 47 [1]
504 2891 56 37 p.,
595 2882 25 37 1
676 2912 22 16 l.,
733 2881 97 47 982,
915 2901 11 29 [1]
962 2892 42 37 p.
1040 2881 109 40 incl.
1183 2883 171 40 double
1390 2887 114 45 plan.
1578 2887 170 47 plates,
1789 2888 160 46 ports.,
1985 2887 214 42 facsims.

220 2935 54 40 23½
307 2938 43 21 cm
356 2968 8 8 .

292 2991 304 42 “Literatur”
615 3004 9 29 :
655 3004 41 38 p.
727 2992 214 41 969-975.

220 3045 1982 59 © Not. 1, 1933; 1c. Mar. 13, 1934; A-Foreign 24085; Genossenschaft
286 3105 321 48 Büchergilde
634 3106 285 48 Gutenberg.
989 3106 275 50 (34-12282)

215 3193 264 64 Hilgard,
507 3198 137 51 Mrs.
674 3196 315 63 Josephine
1021 3198 251 65 (Rohrs)

350 3272 1848 76 … The effect of early and delayed practice on memory and
220 3355 181 45 motor
427 3348 420 67 performances
875 3352 224 51 studied
1124 3353 74 66 by
1224 3356 94 50 the
1346 3359 230 52 method
1602 3358 63 54 of
1693 3360 231 52 co-twin
1950 3361 244 65 control;

224 3425 149 52 from
419 3426 92 52 the
561 3425 184 53 Clinic
792 3429 62 51 of
901 3428 152 54 child
1101 3430 407 70 development,
1555 3436 144 52 Yale
1746 3436 332 68 university,
2122 3439 76 65 by

221 3501 1953 143 Josephine Rohrs Hilgard … Worcester, Mass., Clark university, c 1934.
290 3649 1911 61 p. 493-567. diagrs. 25 cm . (Genetic psychology monographs … vol.
222 3715 95 38 xiv,
345 3715 75 31 no.
451 3706 49 48 6)

291 3760 170 42 Thesis
500 3763 105 47 (PH.
667 3762 221 47 D.)—Yale
917 3765 281 50 university.

296 3816 343 42 “References”:
698 3830 42 37 p.
771 3820 212 41 563-565.

224 3869 50 51 ©
301 3874 120 41 Mar.
445 3875 67 41 15,
539 3875 138 46 1934;
707 3876 53 40 2c.
801 3878 119 39 Mar.
948 3878 80 47 19;
1059 3879 79 40 aff.
1166 3882 119 38 Mar.
1311 3883 82 46 28;
1422 3885 42 38 A
1491 3885 140 41 71062;
1689 3888 147 40 Clark
1865 3888 127 40 univ.

301 3930 275 50 (34-11978)
