2350 4196
1161 4001 103 56 714

235 373 228 55 [Brown.
491 375 298 52 Laurence
820 372 213 69 Oliver]
1069 377 169 49 1895-

288 449 282 69 Tadpoles
608 450 109 50 and
757 449 125 53 God
927 450 107 67 [by]
1076 450 283 51 Laurence
1400 447 194 54 Oliver
1659 448 189 68 [pseucl.]
1945 448 254 53 London.

224 526 41 50 I.
299 524 305 55 Nicholson
637 527 111 52 and
780 526 253 61 Watson,
1062 525 238 69 limited,
1335 528 148 50 1934.

288 595 98 49 269,
422 598 54 48 [1]
509 609 43 36 p.
613 598 53 39 19
671 601 43 20 cm
720 630 7 7 .

292 653 161 41 “First
485 654 224 40 edition.”

221 710 51 51 ©
327 726 36 28 1c.
389 715 95 39 Feb
523 715 67 39 23.
617 715 138 40 1934;
784 716 39 37 A
849 717 61 37 ad
934 716 83 39 int.
1045 715 141 39 18952;
1241 715 141 47 pubd.
1410 715 109 38 Feb.
1547 715 24 38 5;
1627 715 49 38 L.
1705 714 49 40 O.
1784 716 189 45 Brown,
2001 714 200 47 Oxford,

290 772 233 46 England.
598 772 277 47 (34-16162)

215 844 272 64 Chicago.
563 846 364 64 University.
1001 848 259 64 Library.

284 922 481 67 Unemployment
817 925 111 51 and
979 921 166 54 relief
1195 924 352 64 documents;
1604 941 28 33 a
1684 921 404 68 bibliography
2140 921 62 54 of

216 1018 191 34 source
451 1000 305 68 materials,
804 1001 278 67 compiled
1128 1001 72 67 by
1244 1001 94 51 the
1383 1001 317 51 Document
1745 1000 211 53 section
2001 999 64 52 of
2108 1000 96 52 the

216 1077 334 67 University
579 1078 63 51 of
673 1077 248 69 Chicago
949 1076 257 55 libraries
1243 1121 53 8 ...
1379 1076 267 68 Chicago,
1675 1078 112 66 Ill.,
1815 1077 143 52 Pub.
1989 1077 92 52 for
2109 1077 96 54 the

215 1155 305 52 American
550 1156 193 66 public
774 1155 233 53 welfare
1039 1155 333 53 association
1403 1156 74 66 by
1508 1154 203 53 Public
1743 1154 462 54 administration

216 1233 225 66 service,
479 1236 148 50 1934.

287 1307 25 38 1
344 1318 43 36 p.
441 1337 22 17 l.,
496 1306 56 40 18
583 1318 42 36 p.
685 1307 55 39 26½
773 1309 43 21 cm
822 1338 7 7 .
900 1307 208 48 ([Public
1141 1306 395 40 administration
1570 1306 194 47 service,
1799 1306 223 48 Chicago]
218 1307 1968 96 Publication
450 1373 75 30 no.
560 1362 80 48 39)

291 1420 127 39 “The
455 1419 255 41 American
750 1420 159 47 public
948 1421 200 38 welfare
1187 1418 292 41 association
1518 1419 42 40 is
1603 1451 44 8 ...
1687 1428 200 38 sponsor
1929 1450 46 8 ...
2019 1419 50 41 of
2105 1419 99 41 this

219 1476 334 48 bibliography
585 1476 233 47 compiled
854 1508 44 8 ...
933 1478 152 38 under
1117 1477 80 39 the
1230 1476 233 40 direction
1496 1476 51 39 of
1579 1476 53 39 A.
1666 1476 260 39 Frederick
1957 1477 248 39 Kuhlman

222 1564 45 9 ...
330 1533 100 39 The
458 1533 117 40 staff
600 1533 52 40 of
681 1534 81 39 the
791 1533 268 41 Children’s
1087 1534 183 38 bureau
1299 1533 49 39 of
1378 1534 83 38 the
1488 1533 178 39 United
1697 1533 161 39 States
1888 1533 318 47 Department

219 1591 52 39 of
300 1590 136 40 labor
468 1590 88 40 has
592 1620 47 9 ...
675 1590 206 39 checked
912 1591 80 38 the
1024 1589 333 48 bibliography
1390 1591 96 38 and
1517 1589 220 47 supplied
1770 1589 270 40 additional
2073 1590 132 40 titles

223 1677 46 9 ...
337 1647 74 49 [It]
463 1647 204 39 consists
715 1645 253 48 primarily
1016 1646 50 39 of
1114 1645 170 41 official
1332 1647 362 46 governmental
1741 1646 322 47 publications
2110 1647 96 39 and

220 1703 178 47 special
428 1704 223 38 research
679 1704 187 46 reports
899 1735 44 7 ...
977 1703 176 47 [issued
1180 1702 114 40 1929
1322 1705 46 37 to
1397 1701 138 48 April
1562 1704 38 45 1,
1630 1701 494 48 1934]”—Foreword.

224 1756 51 52 ©
307 1762 113 46 May
450 1762 67 44 17,
550 1760 139 46 1934;
724 1761 64 39 2c.
823 1762 94 37 and
950 1760 79 39 aff.
1063 1760 124 39 June
1218 1760 80 40 13:
1333 1761 40 37 A
1406 1759 168 41 72791;
1610 1760 167 40 Public
1811 1759 396 41 administration

292 1818 195 39 service.
561 1817 276 48 (34-15835)

220 1878 255 63 Chilson,
504 1880 261 54 Francis.

295 1954 239 52 Modern
574 1953 300 68 cosmetics,
915 1955 93 53 the
1051 1953 368 55 formulation
1461 1956 111 51 and
1616 1953 336 70 production
1993 1953 61 52 of
227 1972 1954 126 cosmetics,

473 2031 254 67 together
764 2033 139 51 with
941 2051 31 32 a
1009 2032 306 52 discussion
1353 2032 61 52 of
1450 2032 232 52 modern
1722 2031 336 67 production
2095 2031 111 52 and

227 2108 321 68 packaging
577 2109 255 52 methods
865 2109 111 51 and
1007 2108 338 68 equipment,
1375 2109 72 67 by
1480 2108 233 56 Francis
1751 2109 232 54 Chilson
2022 2153 54 8 ...
2112 2109 94 53 the

225 2184 122 53 first
373 2185 272 67 practical
672 2186 143 52 book
843 2205 69 35 on
943 2186 256 53 cosmetic
1228 2186 393 55 manufacture
1650 2188 343 66 containing,
2023 2186 59 51 in
228 2186 1954 129 addition

433 2268 57 47 to
515 2263 93 51 the
636 2263 273 53 formulas
936 2263 61 52 of
1023 2264 317 67 up-to-date
1367 2265 302 65 cosmetics,
1698 2264 244 54 detailed
227 2266 1957 127 instructions
406 2357 69 34 on

504 2340 464 68 manufacturing
997 2342 318 66 procedure.
1386 2345 82 50 1st
1498 2343 81 51 ed.
1645 2342 135 51 New
1812 2342 175 67 York,
2017 2341 68 52 N.
2119 2341 87 66 Y.,

226 2416 118 51 The
380 2417 165 67 Drug
581 2417 109 51 and
726 2416 254 54 cosmetic
1016 2417 277 69 industry,
1332 2421 147 51 1934.

293 2485 98 49 396,
441 2488 40 48 [3]
514 2499 42 36 p.
617 2488 126 40 illus.
803 2487 54 40 23½
890 2491 43 21 cm
939 2520 8 8 .

295 2544 309 48 Advertising
636 2547 205 38 matter:
876 2558 40 36 p.
951 2546 214 41 379-384.

227 2599 51 51 ©
309 2605 126 39 June
460 2606 39 41 1,
528 2605 138 40 1934;
698 2605 66 40 2c.
794 2607 95 37 and
917 2604 81 40 aff.
1029 2606 125 40 June
1182 2608 50 38 5:
1264 2608 40 38 A
1334 2608 167 41 71934:
1534 2610 137 47 Drug
1699 2610 228 40 markets,
1957 2609 105 46 inc.,
2091 2609 118 38 New

293 2661 144 39 York.
511 2661 276 47 (34-15781)

222 2721 284 66 Clemens,
535 2724 176 63 Cyril.

298 2797 169 51 Mark
495 2798 200 53 Twain
726 2800 110 51 and
866 2800 316 69 Mussolini,
1212 2802 73 69 by
1320 2803 158 68 Cyril
1512 2803 283 65 Clemens;
1829 2804 140 51 with
1999 2820 30 33 a
229 2800 1953 126 foreword
414 2874 73 70 by
519 2876 233 52 Patrick
784 2877 377 67 Braybrooke.
1230 2880 255 53 Webster
1520 2880 230 68 Groves,
1784 2880 131 67 Mo.,
226 2880 1958 125 International
435 2952 171 52 Mark
635 2954 199 52 Twain
867 2956 223 68 society,
1123 2960 147 51 1934.

330 3053 8 15 x,
372 3022 53 39 55
458 3033 41 37 p.
533 3023 108 41 incl.
673 3025 161 43 front.,
869 3027 214 41 facsims.
1145 3029 54 40 20
1202 3032 44 20 cm
1251 3061 7 7 .

299 3079 108 40 Seal
440 3080 50 40 of
522 3082 141 38 Mark
694 3081 168 40 Twain
894 3084 180 47 society
1106 3096 59 28 on
1195 3089 96 45 t.-p.

293 3136 240 40 Accounts
568 3137 51 39 of
651 3138 276 42 interviews
961 3141 118 40 with
1116 3142 171 41 Benito
1324 3144 268 43 Mussolini.
1629 3147 222 38 Bernard
1889 3145 156 46 Shaw,
2083 3145 125 39 John

228 3192 320 48 Galsworthy,
588 3195 160 39 Andre
788 3196 229 49 Maurois,
1058 3198 52 40 G.
1151 3199 56 40 K.
1251 3200 300 49 Chesterton,
1592 3203 127 39 John
1762 3202 312 39 Drinkwater
2115 3202 94 38 and

225 3249 235 40 Franklin
491 3251 55 39 D.
579 3251 268 41 Roosevelt.

226 3305 51 51 ©
307 3311 109 46 Apr.
448 3311 67 46 27,
545 3311 113 39 1934;
716 3311 64 40 2c.
812 3313 113 46 May
952 3315 53 38 4;
1038 3314 81 39 aff.
1150 3316 111 46 May
1291 3316 51 39 3:
1375 3317 40 37 A
1446 3317 167 46 71996;
1649 3318 48 39 C.
1731 3318 231 45 Clemens,
1992 3316 222 39 Webster

294 3366 192 47 Groves,
516 3369 91 38 Mo.
678 3368 277 47 (34-15625)

219 3428 247 64 Cowley,
497 3429 286 55 Malcolm.

298 3502 210 54 Exile’s
551 3510 221 59 return;
821 3524 26 33 a
894 3509 286 53 narrative
1225 3509 63 54 of
1329 3509 170 67 ideas,
1538 3510 76 67 by
1657 3509 268 53 Malcohn
1970 3508 240 67 Cowley.

227 3577 1605 71 New York, W. W. Norton & company, inc. [ c 1934]
293 3649 86 41 308
410 3660 44 38 p.
514 3650 114 41 21cm.

292 3705 41 39 A
366 3707 146 47 study
545 3707 52 40 of
630 3709 84 39 the
746 3709 120 41 “lost
899 3711 310 47 generation”
1245 3715 54 38 of
1332 3715 258 40 American
1623 3717 194 39 writers:
1880 3715 331 48 Hemingway,

222 3760 289 51 Fitzgerald,
546 3765 97 39 Dos
679 3766 189 48 Passos,
904 3769 95 38 and
1035 3770 175 40 others.

292 3818 163 41 “First
486 3820 224 41 edition.”

224 3872 51 51 ©
303 3879 111 46 May
439 3880 68 46 28,
533 3881 139 40 1934;
700 3882 65 39 2c.
794 3884 93 38 and
915 3883 79 39 aff.
1023 3885 114 46 May
1161 3886 80 40 31:
1275 3887 41 41 A
1343 3887 141 42 71843;
1541 3889 70 41 W.
1648 3889 65 38 W.
1742 3889 185 39 Norton
1955 3888 37 44 &
2016 3899 80 34 co.,
2126 3888 88 37 inc.

300 3934 276 49 (34-15627)
