<alto xmlns="http://www.loc.gov/standards/alto/ns-v3#" xmlns:xlink="http://www.w3.org/1999/xlink" xmlns:xsi="http://www.w3.org/2001/XMLSchema-instance" xsi:schemaLocation="http://www.loc.gov/standards/alto/ns-v3# http://www.loc.gov/alto/v3/alto-3-0.xsd"><Description>
<MeasurementUnit>pixel</MeasurementUnit>
<sourceImageInformation>
<fileName>1934_v1_Part1.pdf</fileName>
</sourceImageInformation>
<OCRProcessing ID="IdOcr">
<ocrProcessingStep>
<processingDateTime>2019-01-10</processingDateTime>
<processingSoftware>
<softwareCreator>ABBYY</softwareCreator>
<softwareName>ABBYY Recognition Server</softwareName>
<softwareVersion>4.0</softwareVersion>
</processingSoftware>
</ocrProcessingStep>
</OCRProcessing>
</Description>
<Styles>
<ParagraphStyle ID="StyleId-FFFFFFFF-FFFF-FFFF-FFFF-FFFFFFFFFFFF-" ALIGN="Left" LEFT="0." RIGHT="0." FIRSTLINE="0."/>
<ParagraphStyle ID="StyleId-521E1FC6-FE7E-43A4-90E6-A9B61626A263-" ALIGN="Right" LEFT="0." RIGHT="0." FIRSTLINE="0." LINESPACE="13.30000019"/>
<ParagraphStyle ID="StyleId-639B624E-F6F5-47B6-BB1D-34E64B53022F-" ALIGN="Left" LEFT="0." RIGHT="0." FIRSTLINE="-27." LINESPACE="13.43999958"/>
<ParagraphStyle ID="StyleId-100905F9-D385-406B-A5BD-ED5B8FD85431-" ALIGN="Left" LEFT="0." RIGHT="0." FIRSTLINE="0."/>
<ParagraphStyle ID="StyleId-7C9F9BA2-EF3A-4B7F-8486-CCC7B7F49B39-" ALIGN="Left" LEFT="0." RIGHT="0." FIRSTLINE="-27." LINESPACE="18.71999931"/>
<ParagraphStyle ID="StyleId-350780E3-60F2-4605-88F5-BB54F9B87091-" ALIGN="Block" LEFT="0." RIGHT="0." FIRSTLINE="-27." LINESPACE="18.71999931"/>
<ParagraphStyle ID="StyleId-90B16C58-D795-4C77-9B89-30378C515D40-" ALIGN="Left" LEFT="0." RIGHT="0." FIRSTLINE="0." LINESPACE="14.39999962"/>
<ParagraphStyle ID="StyleId-17090E09-AFAF-4086-BD9B-4E99FAE6B057-" ALIGN="Right" LEFT="0." RIGHT="0." FIRSTLINE="-27." LINESPACE="14.39999962"/>
<ParagraphStyle ID="StyleId-8B87B633-89DB-4D72-B1FC-26E4ABD680BC-" ALIGN="Left" LEFT="0." RIGHT="0." FIRSTLINE="-27." LINESPACE="18.47999954"/>
<ParagraphStyle ID="StyleId-42DA7417-CA90-4D71-A57B-06556C38D752-" ALIGN="Left" LEFT="0." RIGHT="0." FIRSTLINE="0." LINESPACE="13.30000019"/>
<ParagraphStyle ID="StyleId-D8EE2A7E-42AE-4E35-98DB-F0F935637AA0-" ALIGN="Block" LEFT="0." RIGHT="0." FIRSTLINE="0." LINESPACE="6.599999905"/>
<ParagraphStyle ID="StyleId-33CD3121-D4F5-43B6-BA96-6382D166E6B8-" ALIGN="Left" LEFT="0." RIGHT="0." FIRSTLINE="0." LINESPACE="15.5"/>
<ParagraphStyle ID="StyleId-1CE52AFA-C319-4DD9-B4B1-F0EBFA2B3F0B-" ALIGN="Block" LEFT="0." RIGHT="0." FIRSTLINE="-21." LINESPACE="18.71999931"/>
<ParagraphStyle ID="StyleId-B74F1B65-92F1-49C5-A5FA-D20442F031F2-" ALIGN="Left" LEFT="0." RIGHT="0." FIRSTLINE="0." LINESPACE="17.70006076"/>
<ParagraphStyle ID="StyleId-79E2924A-215C-40B7-B577-7236BFBAA25E-" ALIGN="Center" LEFT="0." RIGHT="0." FIRSTLINE="0." LINESPACE="7.199999809"/>
</Styles>
<Layout>
<Page ID="Page33" PHYSICAL_IMG_NR="33" HEIGHT="4296" WIDTH="2350">
<TopMargin HEIGHT="349" WIDTH="2350" VPOS="0" HPOS="0">
</TopMargin>
<LeftMargin HEIGHT="3703" WIDTH="132" VPOS="349" HPOS="0">
</LeftMargin>
<RightMargin HEIGHT="3703" WIDTH="192" VPOS="349" HPOS="2158">
</RightMargin>
<BottomMargin HEIGHT="244" WIDTH="2350" VPOS="4052" HPOS="0">
</BottomMargin>
<PrintSpace HEIGHT="3703" WIDTH="2026" VPOS="349" HPOS="132">
<TextBlock ID="Page33_Block1" HEIGHT="61" WIDTH="77" VPOS="3991" HPOS="1094" LANG="en-US" STYLEREFS="StyleId-BB808B01-80E8-467F-AA50-156297539776-">
<Shape>
<Polygon POINTS="1094,3991 1171,3991 1171,4051 1170,4051 1170,4052 1094,4052 1094,3991"/>
</Shape>
<TextLine HEIGHT="48" WIDTH="65" VPOS="3998" HPOS="1100">
<String CONTENT="33" HEIGHT="48" WIDTH="65" VPOS="3998" HPOS="1100"/>
</TextLine>
</TextBlock>
<TextBlock ID="Page33_Block2" HEIGHT="3646" WIDTH="2026" VPOS="349" HPOS="132" LANG="en-US" CS="1" STYLEREFS="StyleId-6C6E0D16-73D1-439C-A15B-EFD1FA698CA9-">
<Shape>
<Polygon POINTS="1166,349 2156,349 2156,1047 2157,1047 2157,3232 2158,3232 2158,3943 1183,3943 1183,3944 863,3944 863,3995 862,3995 862,3988 134,3988 134,3249 133,3249 133,1064 132,1064 132,350 1166,350 1166,349"/>
</Shape>
<TextLine HEIGHT="66" WIDTH="1828" VPOS="355" HPOS="155" STYLEREFS="StyleId-84896439-ECF3-4BA9-A4DA-9509DFF82C05-">
<String CONTENT="American" HEIGHT="55" WIDTH="313" VPOS="356" HPOS="155"/>
<SP HEIGHT="36" WIDTH="29" VPOS="374" HPOS="469"/>
<String CONTENT="society" HEIGHT="62" WIDTH="225" VPOS="358" HPOS="499"/>
<SP HEIGHT="46" WIDTH="27" VPOS="374" HPOS="725"/>
<String CONTENT="of" HEIGHT="52" WIDTH="62" VPOS="358" HPOS="753"/>
<SP HEIGHT="51" WIDTH="28" VPOS="358" HPOS="816"/>
<String CONTENT="heating" HEIGHT="63" WIDTH="247" VPOS="358" HPOS="845"/>
<SP HEIGHT="47" WIDTH="27" VPOS="374" HPOS="1093"/>
<String CONTENT="and" HEIGHT="52" WIDTH="113" VPOS="358" HPOS="1121"/>
<SP HEIGHT="51" WIDTH="29" VPOS="358" HPOS="1235"/>
<String CONTENT="ventilating" HEIGHT="64" WIDTH="361" VPOS="356" HPOS="1265"/>
<SP HEIGHT="46" WIDTH="26" VPOS="374" HPOS="1627"/>
<String CONTENT="engineers." HEIGHT="63" WIDTH="329" VPOS="357" HPOS="1654"/>
</TextLine>
<TextLine HEIGHT="69" WIDTH="1214" VPOS="433" HPOS="283" STYLEREFS="StyleId-96CFFEE7-E7DC-4D73-A454-5FFE07D1E426-" CS="1">
<String CS="1" CONTENT="&#8230;"/>
<SP HEIGHT="54" WIDTH="41" VPOS="434" HPOS="283"/>
<String CONTENT="Guide," HEIGHT="57" WIDTH="204" VPOS="434" HPOS="325"/>
<SP HEIGHT="53" WIDTH="38" VPOS="438" HPOS="530"/>
<String CONTENT="1931" HEIGHT="48" WIDTH="131" VPOS="438" HPOS="569"/>
<SP HEIGHT="48" WIDTH="44" VPOS="438" HPOS="701"/>
<String CS="1" CONTENT="&#8230;"/>
<SP HEIGHT="33" WIDTH="41" VPOS="454" HPOS="801"/>
<String CONTENT="containing" HEIGHT="69" WIDTH="333" VPOS="433" HPOS="843"/>
<SP HEIGHT="48" WIDTH="36" VPOS="453" HPOS="1177"/>
<String CONTENT="reference" HEIGHT="53" WIDTH="283" VPOS="434" HPOS="1214"/>
</TextLine>
<TextLine HEIGHT="67" WIDTH="613" VPOS="435" HPOS="1536" STYLEREFS="StyleId-96CFFEE7-E7DC-4D73-A454-5FFE07D1E426-">
<String CONTENT="data" HEIGHT="51" WIDTH="136" VPOS="435" HPOS="1536"/>
<SP HEIGHT="34" WIDTH="34" VPOS="453" HPOS="1673"/>
<String CONTENT="on" HEIGHT="34" WIDTH="72" VPOS="453" HPOS="1708"/>
<SP HEIGHT="46" WIDTH="35" VPOS="440" HPOS="1781"/>
<String CONTENT="the" HEIGHT="51" WIDTH="94" VPOS="436" HPOS="1817"/>
<SP HEIGHT="51" WIDTH="38" VPOS="436" HPOS="1912"/>
<String CONTENT="design" HEIGHT="66" WIDTH="198" VPOS="436" HPOS="1951"/>
</TextLine>
<TextLine HEIGHT="71" WIDTH="1993" VPOS="510" HPOS="155" STYLEREFS="StyleId-96CFFEE7-E7DC-4D73-A454-5FFE07D1E426-">
<String CONTENT="and" HEIGHT="51" WIDTH="106" VPOS="513" HPOS="155"/>
<SP HEIGHT="51" WIDTH="32" VPOS="513" HPOS="262"/>
<String CONTENT="specification" HEIGHT="69" WIDTH="383" VPOS="511" HPOS="295"/>
<SP HEIGHT="34" WIDTH="30" VPOS="531" HPOS="679"/>
<String CONTENT="of" HEIGHT="51" WIDTH="65" VPOS="512" HPOS="710"/>
<SP HEIGHT="52" WIDTH="27" VPOS="512" HPOS="776"/>
<String CONTENT="heating" HEIGHT="67" WIDTH="237" VPOS="513" HPOS="804"/>
<SP HEIGHT="47" WIDTH="30" VPOS="533" HPOS="1042"/>
<String CONTENT="and" HEIGHT="54" WIDTH="110" VPOS="512" HPOS="1073"/>
<SP HEIGHT="52" WIDTH="28" VPOS="512" HPOS="1184"/>
<String CONTENT="ventilating" HEIGHT="68" WIDTH="346" VPOS="512" HPOS="1213"/>
<SP HEIGHT="50" WIDTH="28" VPOS="530" HPOS="1560"/>
<String CONTENT="systems," HEIGHT="62" WIDTH="255" VPOS="517" HPOS="1589"/>
<SP HEIGHT="63" WIDTH="28" VPOS="514" HPOS="1845"/>
<String CONTENT="based" HEIGHT="51" WIDTH="171" VPOS="514" HPOS="1874"/>
<SP HEIGHT="51" WIDTH="31" VPOS="514" HPOS="2046"/>
<String CONTENT="on" HEIGHT="32" WIDTH="70" VPOS="533" HPOS="2078"/>
</TextLine>
<TextLine HEIGHT="70" WIDTH="1997" VPOS="589" HPOS="153" STYLEREFS="StyleId-96CFFEE7-E7DC-4D73-A454-5FFE07D1E426-">
<String CONTENT="the" HEIGHT="51" WIDTH="90" VPOS="592" HPOS="153"/>
<SP HEIGHT="50" WIDTH="27" VPOS="594" HPOS="244"/>
<String CONTENT="Transactions," HEIGHT="61" WIDTH="421" VPOS="591" HPOS="272"/>
<SP HEIGHT="54" WIDTH="25" VPOS="598" HPOS="694"/>
<String CONTENT="the" HEIGHT="51" WIDTH="94" VPOS="592" HPOS="720"/>
<SP HEIGHT="51" WIDTH="28" VPOS="592" HPOS="815"/>
<String CONTENT="investigations" HEIGHT="70" WIDTH="433" VPOS="589" HPOS="844"/>
<SP HEIGHT="33" WIDTH="26" VPOS="610" HPOS="1278"/>
<String CONTENT="of" HEIGHT="51" WIDTH="63" VPOS="591" HPOS="1305"/>
<SP HEIGHT="53" WIDTH="24" VPOS="591" HPOS="1369"/>
<String CONTENT="the" HEIGHT="51" WIDTH="94" VPOS="593" HPOS="1394"/>
<SP HEIGHT="35" WIDTH="27" VPOS="609" HPOS="1489"/>
<String CONTENT="research" HEIGHT="51" WIDTH="257" VPOS="592" HPOS="1517"/>
<SP HEIGHT="50" WIDTH="27" VPOS="592" HPOS="1775"/>
<String CONTENT="laboratory," HEIGHT="65" WIDTH="347" VPOS="592" HPOS="1803"/>
</TextLine>
<TextLine HEIGHT="71" WIDTH="1993" VPOS="668" HPOS="155" STYLEREFS="StyleId-96CFFEE7-E7DC-4D73-A454-5FFE07D1E426-">
<String CONTENT="and" HEIGHT="51" WIDTH="104" VPOS="670" HPOS="155"/>
<SP HEIGHT="51" WIDTH="44" VPOS="670" HPOS="260"/>
<String CONTENT="the" HEIGHT="51" WIDTH="93" VPOS="670" HPOS="305"/>
<SP HEIGHT="48" WIDTH="39" VPOS="688" HPOS="399"/>
<String CONTENT="practice" HEIGHT="67" WIDTH="245" VPOS="669" HPOS="439"/>
<SP HEIGHT="33" WIDTH="37" VPOS="689" HPOS="685"/>
<String CONTENT="of" HEIGHT="52" WIDTH="64" VPOS="670" HPOS="723"/>
<SP HEIGHT="52" WIDTH="35" VPOS="670" HPOS="788"/>
<String CONTENT="the" HEIGHT="50" WIDTH="94" VPOS="671" HPOS="824"/>
<SP HEIGHT="34" WIDTH="37" VPOS="688" HPOS="919"/>
<String CONTENT="members" HEIGHT="54" WIDTH="273" VPOS="669" HPOS="957"/>
<SP HEIGHT="32" WIDTH="39" VPOS="689" HPOS="1231"/>
<String CONTENT="and" HEIGHT="51" WIDTH="110" VPOS="670" HPOS="1271"/>
<SP HEIGHT="52" WIDTH="41" VPOS="669" HPOS="1382"/>
<String CONTENT="friends" HEIGHT="52" WIDTH="220" VPOS="669" HPOS="1424"/>
<SP HEIGHT="33" WIDTH="40" VPOS="688" HPOS="1645"/>
<String CONTENT="of" HEIGHT="51" WIDTH="62" VPOS="669" HPOS="1686"/>
<SP HEIGHT="52" WIDTH="36" VPOS="669" HPOS="1749"/>
<String CONTENT="the" HEIGHT="50" WIDTH="95" VPOS="671" HPOS="1786"/>
<SP HEIGHT="33" WIDTH="37" VPOS="687" HPOS="1882"/>
<String CONTENT="society," HEIGHT="68" WIDTH="228" VPOS="670" HPOS="1920"/>
</TextLine>
<TextLine HEIGHT="68" WIDTH="1996" VPOS="747" HPOS="152" STYLEREFS="StyleId-96CFFEE7-E7DC-4D73-A454-5FFE07D1E426-" CS="1">
<String CONTENT="together" HEIGHT="67" WIDTH="258" VPOS="748" HPOS="152"/>
<SP HEIGHT="32" WIDTH="39" VPOS="767" HPOS="411"/>
<String CONTENT="with" HEIGHT="52" WIDTH="137" VPOS="748" HPOS="451"/>
<SP HEIGHT="50" WIDTH="45" VPOS="749" HPOS="589"/>
<String CONTENT="a" HEIGHT="32" WIDTH="27" VPOS="767" HPOS="635"/>
<SP HEIGHT="32" WIDTH="39" VPOS="767" HPOS="663"/>
<String CONTENT="manufacturers&#8217;" HEIGHT="54" WIDTH="477" VPOS="747" HPOS="703"/>
<SP HEIGHT="54" WIDTH="40" VPOS="747" HPOS="1181"/>
<String CONTENT="catalog" HEIGHT="67" WIDTH="226" VPOS="747" HPOS="1222"/>
<SP HEIGHT="66" WIDTH="41" VPOS="748" HPOS="1449"/>
<String CONTENT="data" HEIGHT="52" WIDTH="133" VPOS="748" HPOS="1491"/>
<SP HEIGHT="33" WIDTH="41" VPOS="767" HPOS="1625"/>
<String CONTENT="section" HEIGHT="52" WIDTH="211" VPOS="748" HPOS="1667"/>
<SP HEIGHT="32" WIDTH="47" VPOS="768" HPOS="1879"/>
<String CS="1" CONTENT="&#8230;"/>
<SP HEIGHT="32" WIDTH="49" VPOS="768" HPOS="1982"/>
<String CONTENT="also" HEIGHT="51" WIDTH="116" VPOS="749" HPOS="2032"/>
</TextLine>
<TextLine HEIGHT="70" WIDTH="1996" VPOS="824" HPOS="151" STYLEREFS="StyleId-96CFFEE7-E7DC-4D73-A454-5FFE07D1E426-">
<String CONTENT="the" HEIGHT="52" WIDTH="93" VPOS="827" HPOS="151"/>
<SP HEIGHT="34" WIDTH="35" VPOS="845" HPOS="245"/>
<String CONTENT="roll" HEIGHT="52" WIDTH="105" VPOS="828" HPOS="281"/>
<SP HEIGHT="50" WIDTH="35" VPOS="830" HPOS="387"/>
<String CONTENT="of" HEIGHT="53" WIDTH="62" VPOS="826" HPOS="423"/>
<SP HEIGHT="51" WIDTH="33" VPOS="826" HPOS="486"/>
<String CONTENT="membership" HEIGHT="68" WIDTH="379" VPOS="825" HPOS="520"/>
<SP HEIGHT="48" WIDTH="35" VPOS="845" HPOS="900"/>
<String CONTENT="of" HEIGHT="52" WIDTH="64" VPOS="826" HPOS="936"/>
<SP HEIGHT="52" WIDTH="33" VPOS="826" HPOS="1001"/>
<String CONTENT="the" HEIGHT="52" WIDTH="95" VPOS="827" HPOS="1035"/>
<SP HEIGHT="33" WIDTH="33" VPOS="846" HPOS="1131"/>
<String CONTENT="society," HEIGHT="67" WIDTH="227" VPOS="826" HPOS="1165"/>
<SP HEIGHT="46" WIDTH="33" VPOS="846" HPOS="1393"/>
<String CONTENT="with" HEIGHT="52" WIDTH="137" VPOS="826" HPOS="1427"/>
<SP HEIGHT="50" WIDTH="40" VPOS="827" HPOS="1565"/>
<String CONTENT="complete" HEIGHT="66" WIDTH="274" VPOS="827" HPOS="1606"/>
<SP HEIGHT="53" WIDTH="37" VPOS="827" HPOS="1881"/>
<String CONTENT="indexes" HEIGHT="51" WIDTH="228" VPOS="827" HPOS="1919"/>
</TextLine>
<TextLine HEIGHT="68" WIDTH="1997" VPOS="904" HPOS="150" STYLEREFS="StyleId-96CFFEE7-E7DC-4D73-A454-5FFE07D1E426-" CS="1">
<String CONTENT="to" HEIGHT="49" WIDTH="57" VPOS="908" HPOS="150"/>
<SP HEIGHT="48" WIDTH="28" VPOS="909" HPOS="208"/>
<String CONTENT="technical" HEIGHT="51" WIDTH="278" VPOS="905" HPOS="237"/>
<SP HEIGHT="49" WIDTH="30" VPOS="907" HPOS="516"/>
<String CONTENT="and" HEIGHT="51" WIDTH="111" VPOS="905" HPOS="547"/>
<SP HEIGHT="52" WIDTH="30" VPOS="905" HPOS="659"/>
<String CONTENT="catalog" HEIGHT="67" WIDTH="226" VPOS="905" HPOS="690"/>
<SP HEIGHT="67" WIDTH="27" VPOS="905" HPOS="917"/>
<String CONTENT="data." HEIGHT="51" WIDTH="152" VPOS="905" HPOS="945"/>
<SP HEIGHT="30" WIDTH="74" VPOS="925" HPOS="1098"/>
<String CONTENT="v." HEIGHT="33" WIDTH="48" VPOS="924" HPOS="1173"/>
<SP HEIGHT="48" WIDTH="33" VPOS="908" HPOS="1222"/>
<String CONTENT="9" HEIGHT="47" WIDTH="28" VPOS="908" HPOS="1256"/>
<SP HEIGHT="48" WIDTH="36" VPOS="908" HPOS="1285"/>
<String CS="1" CONTENT="&#8230;"/>
<SP HEIGHT="51" WIDTH="80" VPOS="905" HPOS="1376"/>
<String CONTENT="New" HEIGHT="51" WIDTH="138" VPOS="905" HPOS="1457"/>
<SP HEIGHT="51" WIDTH="32" VPOS="907" HPOS="1596"/>
<String CONTENT="York," HEIGHT="54" WIDTH="180" VPOS="905" HPOS="1629"/>
<SP HEIGHT="53" WIDTH="30" VPOS="906" HPOS="1810"/>
<String CONTENT="American" HEIGHT="52" WIDTH="306" VPOS="905" HPOS="1841"/>
</TextLine>
<TextLine HEIGHT="70" WIDTH="1619" VPOS="981" HPOS="148" STYLEREFS="StyleId-96CFFEE7-E7DC-4D73-A454-5FFE07D1E426-" CS="1">
<String CONTENT="society" HEIGHT="67" WIDTH="209" VPOS="983" HPOS="148"/>
<SP HEIGHT="49" WIDTH="26" VPOS="1001" HPOS="358"/>
<String CONTENT="of" HEIGHT="52" WIDTH="62" VPOS="983" HPOS="385"/>
<SP HEIGHT="50" WIDTH="24" VPOS="983" HPOS="448"/>
<String CONTENT="heating" HEIGHT="68" WIDTH="235" VPOS="982" HPOS="473"/>
<SP HEIGHT="49" WIDTH="28" VPOS="1001" HPOS="709"/>
<String CONTENT="and" HEIGHT="50" WIDTH="111" VPOS="984" HPOS="738"/>
<SP HEIGHT="50" WIDTH="27" VPOS="984" HPOS="850"/>
<String CONTENT="ventilating" HEIGHT="68" WIDTH="345" VPOS="982" HPOS="878"/>
<SP HEIGHT="49" WIDTH="22" VPOS="1000" HPOS="1224"/>
<String CONTENT="engineers" HEIGHT="68" WIDTH="295" VPOS="982" HPOS="1247"/>
<SP HEIGHT="47" WIDTH="32" VPOS="1001" HPOS="1543"/>
<String CS="1" CONTENT="["/>
<String STYLE="superscript" CONTENT="c" HEIGHT="19" WIDTH="17" VPOS="990" HPOS="1593"/>
<String CONTENT="1931]" HEIGHT="63" WIDTH="150" VPOS="984" HPOS="1617"/>
</TextLine>
<TextLine HEIGHT="49" WIDTH="973" VPOS="1055" HPOS="215">
<String CONTENT="xiii," HEIGHT="47" WIDTH="103" VPOS="1056" HPOS="215"/>
<SP HEIGHT="46" WIDTH="29" VPOS="1057" HPOS="319"/>
<String CONTENT="923," HEIGHT="47" WIDTH="98" VPOS="1056" HPOS="348"/>
<SP HEIGHT="47" WIDTH="31" VPOS="1056" HPOS="446"/>
<String CONTENT="60" HEIGHT="40" WIDTH="55" VPOS="1056" HPOS="477"/>
<SP HEIGHT="48" WIDTH="29" VPOS="1056" HPOS="532"/>
<String CONTENT="p." HEIGHT="37" WIDTH="41" VPOS="1067" HPOS="562"/>
<SP HEIGHT="40" WIDTH="59" VPOS="1056" HPOS="603"/>
<String CONTENT="illus.," HEIGHT="47" WIDTH="141" VPOS="1056" HPOS="662"/>
<SP HEIGHT="46" WIDTH="30" VPOS="1057" HPOS="804"/>
<String CONTENT="diagrs." HEIGHT="47" WIDTH="178" VPOS="1056" HPOS="834"/>
<SP HEIGHT="37" WIDTH="60" VPOS="1058" HPOS="1013"/>
<String CONTENT="23" HEIGHT="39" WIDTH="56" VPOS="1056" HPOS="1073"/>
<String STYLE="superscript" CONTENT="cm" HEIGHT="22" WIDTH="44" VPOS="1057" HPOS="1132"/>
<String CONTENT="." HEIGHT="6" WIDTH="6" VPOS="1088" HPOS="1182"/>
</TextLine>
<TextLine HEIGHT="52" WIDTH="1999" VPOS="1122" HPOS="151" CS="1">
<String CONTENT="&#169;" HEIGHT="51" WIDTH="50" VPOS="1123" HPOS="151"/>
<SP HEIGHT="51" WIDTH="33" VPOS="1123" HPOS="202"/>
<String CONTENT="Jan." HEIGHT="39" WIDTH="107" VPOS="1127" HPOS="236"/>
<SP HEIGHT="39" WIDTH="31" VPOS="1127" HPOS="344"/>
<String CONTENT="26," HEIGHT="47" WIDTH="67" VPOS="1126" HPOS="376"/>
<SP HEIGHT="46" WIDTH="34" VPOS="1127" HPOS="444"/>
<String CONTENT="1931;" HEIGHT="47" WIDTH="139" VPOS="1126" HPOS="479"/>
<SP HEIGHT="46" WIDTH="33" VPOS="1127" HPOS="619"/>
<String CS="1" CONTENT="2c." HEIGHT="38" WIDTH="65" VPOS="1127" HPOS="653"/>
<SP HEIGHT="39" WIDTH="35" VPOS="1127" HPOS="719"/>
<String CONTENT="Jan." HEIGHT="40" WIDTH="109" VPOS="1127" HPOS="755"/>
<SP HEIGHT="40" WIDTH="31" VPOS="1127" HPOS="865"/>
<String CONTENT="3," HEIGHT="45" WIDTH="40" VPOS="1127" HPOS="897"/>
<SP HEIGHT="46" WIDTH="31" VPOS="1126" HPOS="938"/>
<String CONTENT="1934;" HEIGHT="47" WIDTH="141" VPOS="1126" HPOS="970"/>
<SP HEIGHT="36" WIDTH="35" VPOS="1137" HPOS="1112"/>
<String CONTENT="aff." HEIGHT="41" WIDTH="80" VPOS="1126" HPOS="1148"/>
<SP HEIGHT="40" WIDTH="34" VPOS="1126" HPOS="1229"/>
<String CONTENT="Jul." HEIGHT="39" WIDTH="108" VPOS="1126" HPOS="1264"/>
<SP HEIGHT="38" WIDTH="34" VPOS="1127" HPOS="1373"/>
<String CONTENT="4;" HEIGHT="40" WIDTH="52" VPOS="1127" HPOS="1408"/>
<SP HEIGHT="42" WIDTH="36" VPOS="1125" HPOS="1461"/>
<!-- cceid B7B5D034-6C64-1014-8713-889FF4349C01 --><String CONTENT="A" HEIGHT="39" WIDTH="38" VPOS="1125" HPOS="1498"/>
<SP HEIGHT="39" WIDTH="31" VPOS="1125" HPOS="1537"/>
<String CONTENT="68733;" HEIGHT="47" WIDTH="171" VPOS="1125" HPOS="1569"/>
<SP HEIGHT="46" WIDTH="36" VPOS="1126" HPOS="1741"/>
<String CONTENT="Amer." HEIGHT="39" WIDTH="156" VPOS="1126" HPOS="1778"/>
<SP HEIGHT="29" WIDTH="35" VPOS="1136" HPOS="1935"/>
<String CONTENT="soc." HEIGHT="29" WIDTH="91" VPOS="1136" HPOS="1971"/>
<SP HEIGHT="29" WIDTH="34" VPOS="1136" HPOS="2063"/>
<String CONTENT="of" HEIGHT="40" WIDTH="52" VPOS="1124" HPOS="2098"/>
</TextLine>
<TextLine HEIGHT="48" WIDTH="912" VPOS="1183" HPOS="253" CS="1">
<String CS="1" CONTENT="heating" HEIGHT="47" WIDTH="163" VPOS="1183" HPOS="253"/>
<SP HEIGHT="36" WIDTH="30" VPOS="1194" HPOS="417"/>
<String CONTENT="and" HEIGHT="38" WIDTH="95" VPOS="1185" HPOS="448"/>
<SP HEIGHT="38" WIDTH="31" VPOS="1185" HPOS="544"/>
<String CONTENT="ventilating" HEIGHT="48" WIDTH="291" VPOS="1183" HPOS="576"/>
<SP HEIGHT="38" WIDTH="31" VPOS="1193" HPOS="868"/>
<String CONTENT="engineers." HEIGHT="47" WIDTH="265" VPOS="1183" HPOS="900"/>
</TextLine>
<TextLine HEIGHT="65" WIDTH="1374" VPOS="1299" HPOS="148" STYLEREFS="StyleId-84896439-ECF3-4BA9-A4DA-9509DFF82C05-">
<String CONTENT="Assistance" HEIGHT="54" WIDTH="348" VPOS="1300" HPOS="148"/>
<SP HEIGHT="51" WIDTH="26" VPOS="1302" HPOS="497"/>
<String CONTENT="league" HEIGHT="62" WIDTH="206" VPOS="1302" HPOS="524"/>
<SP HEIGHT="36" WIDTH="28" VPOS="1318" HPOS="731"/>
<String CONTENT="of" HEIGHT="51" WIDTH="62" VPOS="1303" HPOS="760"/>
<SP HEIGHT="52" WIDTH="26" VPOS="1303" HPOS="823"/>
<String CONTENT="Southern" HEIGHT="53" WIDTH="297" VPOS="1302" HPOS="850"/>
<SP HEIGHT="54" WIDTH="29" VPOS="1303" HPOS="1148"/>
<String CONTENT="California." HEIGHT="55" WIDTH="344" VPOS="1301" HPOS="1178"/>
</TextLine>
<TextLine HEIGHT="69" WIDTH="1933" VPOS="1377" HPOS="214" STYLEREFS="StyleId-96CFFEE7-E7DC-4D73-A454-5FFE07D1E426-">
<String CONTENT="The" HEIGHT="51" WIDTH="120" VPOS="1378" HPOS="214"/>
<SP HEIGHT="48" WIDTH="45" VPOS="1396" HPOS="335"/>
<String CONTENT="palatists" HEIGHT="66" WIDTH="264" VPOS="1378" HPOS="381"/>
<SP HEIGHT="51" WIDTH="42" VPOS="1379" HPOS="646"/>
<String CONTENT="book" HEIGHT="52" WIDTH="147" VPOS="1378" HPOS="689"/>
<SP HEIGHT="52" WIDTH="44" VPOS="1378" HPOS="837"/>
<String CONTENT="of" HEIGHT="51" WIDTH="64" VPOS="1379" HPOS="882"/>
<SP HEIGHT="51" WIDTH="42" VPOS="1379" HPOS="947"/>
<String CONTENT="cookery," HEIGHT="69" WIDTH="257" VPOS="1377" HPOS="990"/>
<SP HEIGHT="49" WIDTH="45" VPOS="1396" HPOS="1248"/>
<String CONTENT="with" HEIGHT="51" WIDTH="138" VPOS="1378" HPOS="1294"/>
<SP HEIGHT="50" WIDTH="46" VPOS="1379" HPOS="1433"/>
<String CONTENT="a" HEIGHT="32" WIDTH="31" VPOS="1397" HPOS="1480"/>
<SP HEIGHT="51" WIDTH="45" VPOS="1378" HPOS="1512"/>
<String CONTENT="foreword" HEIGHT="53" WIDTH="286" VPOS="1378" HPOS="1558"/>
<SP HEIGHT="52" WIDTH="43" VPOS="1379" HPOS="1845"/>
<String CONTENT="by" HEIGHT="66" WIDTH="73" VPOS="1379" HPOS="1889"/>
<SP HEIGHT="66" WIDTH="44" VPOS="1379" HPOS="1963"/>
<String CONTENT="Mrs." HEIGHT="54" WIDTH="139" VPOS="1379" HPOS="2008"/>
</TextLine>
<TextLine HEIGHT="70" WIDTH="2000" VPOS="1455" HPOS="143" STYLEREFS="StyleId-96CFFEE7-E7DC-4D73-A454-5FFE07D1E426-" CS="1">
<String CONTENT="Anita" HEIGHT="52" WIDTH="177" VPOS="1456" HPOS="143"/>
<SP HEIGHT="52" WIDTH="25" VPOS="1456" HPOS="321"/>
<String CONTENT="M." HEIGHT="52" WIDTH="80" VPOS="1456" HPOS="347"/>
<SP HEIGHT="51" WIDTH="26" VPOS="1457" HPOS="428"/>
<String CONTENT="Baldwin," HEIGHT="67" WIDTH="285" VPOS="1456" HPOS="455"/>
<SP HEIGHT="48" WIDTH="25" VPOS="1475" HPOS="741"/>
<String CONTENT="compiled" HEIGHT="68" WIDTH="280" VPOS="1456" HPOS="767"/>
<SP HEIGHT="52" WIDTH="27" VPOS="1457" HPOS="1048"/>
<String CONTENT="and" HEIGHT="53" WIDTH="107" VPOS="1456" HPOS="1076"/>
<SP HEIGHT="67" WIDTH="30" VPOS="1456" HPOS="1184"/>
<String CONTENT="published" HEIGHT="67" WIDTH="301" VPOS="1456" HPOS="1215"/>
<SP HEIGHT="52" WIDTH="23" VPOS="1457" HPOS="1517"/>
<String CONTENT="by" HEIGHT="67" WIDTH="74" VPOS="1457" HPOS="1541"/>
<SP HEIGHT="62" WIDTH="25" VPOS="1462" HPOS="1616"/>
<String CONTENT="the" HEIGHT="53" WIDTH="94" VPOS="1456" HPOS="1642"/>
<SP HEIGHT="53" WIDTH="25" VPOS="1456" HPOS="1737"/>
<String CONTENT="Assistanc" HEIGHT="54" WIDTH="296" VPOS="1456" HPOS="1763"/>
<SP HEIGHT="49" WIDTH="27" VPOS="1474" HPOS="2060"/>
<String CS="1" CONTENT="[!]" HEIGHT="68" WIDTH="32" VPOS="1455" HPOS="2111"/>
</TextLine>
<TextLine HEIGHT="71" WIDTH="1835" VPOS="1532" HPOS="144" STYLEREFS="StyleId-96CFFEE7-E7DC-4D73-A454-5FFE07D1E426-">
<String CONTENT="league" HEIGHT="68" WIDTH="194" VPOS="1535" HPOS="144"/>
<SP HEIGHT="33" WIDTH="29" VPOS="1555" HPOS="339"/>
<String CONTENT="of" HEIGHT="52" WIDTH="64" VPOS="1535" HPOS="369"/>
<SP HEIGHT="55" WIDTH="30" VPOS="1533" HPOS="434"/>
<String CONTENT="Southern" HEIGHT="55" WIDTH="285" VPOS="1533" HPOS="465"/>
<SP HEIGHT="54" WIDTH="32" VPOS="1535" HPOS="751"/>
<String CONTENT="California." HEIGHT="54" WIDTH="341" VPOS="1535" HPOS="784"/>
<SP HEIGHT="53" WIDTH="74" VPOS="1534" HPOS="1126"/>
<String CONTENT="Hollywood," HEIGHT="68" WIDTH="366" VPOS="1534" HPOS="1201"/>
<SP HEIGHT="67" WIDTH="31" VPOS="1534" HPOS="1568"/>
<String CONTENT="Calif.," HEIGHT="67" WIDTH="195" VPOS="1534" HPOS="1600"/>
<SP HEIGHT="62" WIDTH="33" VPOS="1539" HPOS="1796"/>
<String CONTENT="1933." HEIGHT="49" WIDTH="149" VPOS="1538" HPOS="1830"/>
</TextLine>
<TextLine HEIGHT="50" WIDTH="757" VPOS="1609" HPOS="212" CS="1">
<String CONTENT="6" HEIGHT="40" WIDTH="27" VPOS="1609" HPOS="212"/>
<SP HEIGHT="48" WIDTH="37" VPOS="1609" HPOS="240"/>
<String CONTENT="p." HEIGHT="37" WIDTH="42" VPOS="1620" HPOS="278"/>
<SP/>
<String CS="1" CONTENT="l.," HEIGHT="16" WIDTH="8" VPOS="1640" HPOS="396"/>
<SP HEIGHT="46" WIDTH="38" VPOS="1610" HPOS="405"/>
<String CONTENT="230," HEIGHT="46" WIDTH="100" VPOS="1610" HPOS="444"/>
<SP HEIGHT="29" WIDTH="41" VPOS="1629" HPOS="545"/>
<String CS="1" CONTENT="[16]" HEIGHT="48" WIDTH="69" VPOS="1610" HPOS="587"/>
<SP HEIGHT="39" WIDTH="40" VPOS="1620" HPOS="672"/>
<String CONTENT="p." HEIGHT="38" WIDTH="41" VPOS="1620" HPOS="713"/>
<SP HEIGHT="39" WIDTH="68" VPOS="1610" HPOS="755"/>
<String CS="1" CONTENT="23&#189;" HEIGHT="40" WIDTH="56" VPOS="1610" HPOS="824"/>
<String STYLE="superscript" CONTENT="cm" HEIGHT="20" WIDTH="44" VPOS="1612" HPOS="913"/>
<String CONTENT="." HEIGHT="6" WIDTH="6" VPOS="1643" HPOS="963"/>
</TextLine>
<TextLine HEIGHT="52" WIDTH="2001" VPOS="1676" HPOS="147" CS="1">
<String CONTENT="&#169;" HEIGHT="51" WIDTH="51" VPOS="1677" HPOS="147"/>
<SP HEIGHT="51" WIDTH="27" VPOS="1677" HPOS="199"/>
<String CONTENT="Dec." HEIGHT="39" WIDTH="110" VPOS="1681" HPOS="227"/>
<SP HEIGHT="38" WIDTH="28" VPOS="1681" HPOS="338"/>
<String CS="1" CONTENT="18," HEIGHT="15" WIDTH="8" VPOS="1712" HPOS="428"/>
<SP HEIGHT="46" WIDTH="28" VPOS="1681" HPOS="437"/>
<String CONTENT="1933;" HEIGHT="48" WIDTH="140" VPOS="1679" HPOS="466"/>
<SP HEIGHT="46" WIDTH="29" VPOS="1681" HPOS="607"/>
<String CONTENT="2c." HEIGHT="40" WIDTH="66" VPOS="1681" HPOS="637"/>
<SP HEIGHT="28" WIDTH="30" VPOS="1692" HPOS="704"/>
<String CONTENT="and" HEIGHT="39" WIDTH="96" VPOS="1682" HPOS="735"/>
<SP HEIGHT="39" WIDTH="27" VPOS="1682" HPOS="832"/>
<String CONTENT="aff." HEIGHT="40" WIDTH="82" VPOS="1680" HPOS="860"/>
<SP HEIGHT="39" WIDTH="30" VPOS="1681" HPOS="943"/>
<String CONTENT="Jan." HEIGHT="39" WIDTH="107" VPOS="1681" HPOS="974"/>
<SP HEIGHT="37" WIDTH="31" VPOS="1682" HPOS="1082"/>
<String CONTENT="10," HEIGHT="48" WIDTH="68" VPOS="1680" HPOS="1114"/>
<SP HEIGHT="47" WIDTH="29" VPOS="1680" HPOS="1183"/>
<String CONTENT="1934;" HEIGHT="46" WIDTH="140" VPOS="1680" HPOS="1213"/>
<SP HEIGHT="46" WIDTH="32" VPOS="1680" HPOS="1354"/>
<!-- cceid B7B67F4B-6C64-1014-8713-889FF4349C01 --><String CONTENT="A" HEIGHT="39" WIDTH="41" VPOS="1680" HPOS="1387"/>
<SP HEIGHT="39" WIDTH="27" VPOS="1680" HPOS="1429"/>
<String CONTENT="67940;" HEIGHT="47" WIDTH="171" VPOS="1680" HPOS="1457"/>
<SP HEIGHT="47" WIDTH="33" VPOS="1680" HPOS="1629"/>
<String CONTENT="Assistance" HEIGHT="40" WIDTH="283" VPOS="1680" HPOS="1663"/>
<SP HEIGHT="39" WIDTH="28" VPOS="1681" HPOS="1947"/>
<String CONTENT="league" HEIGHT="46" WIDTH="172" VPOS="1681" HPOS="1976"/>
</TextLine>
<TextLine HEIGHT="48" WIDTH="1499" VPOS="1737" HPOS="216">
<String CONTENT="of" HEIGHT="39" WIDTH="52" VPOS="1738" HPOS="216"/>
<SP HEIGHT="40" WIDTH="35" VPOS="1738" HPOS="269"/>
<String CONTENT="Southern" HEIGHT="41" WIDTH="242" VPOS="1738" HPOS="305"/>
<SP HEIGHT="41" WIDTH="35" VPOS="1738" HPOS="548"/>
<String CONTENT="California," HEIGHT="47" WIDTH="286" VPOS="1738" HPOS="584"/>
<SP HEIGHT="46" WIDTH="35" VPOS="1739" HPOS="871"/>
<String CONTENT="Hollywood," HEIGHT="47" WIDTH="301" VPOS="1738" HPOS="907"/>
<SP HEIGHT="47" WIDTH="38" VPOS="1737" HPOS="1209"/>
<String CONTENT="Calif." HEIGHT="40" WIDTH="145" VPOS="1737" HPOS="1248"/>
<SP HEIGHT="46" WIDTH="69" VPOS="1738" HPOS="1394"/>
<String CONTENT="(34-1390)" HEIGHT="47" WIDTH="251" VPOS="1737" HPOS="1464"/>
</TextLine>
<TextLine HEIGHT="66" WIDTH="715" VPOS="1856" HPOS="145" STYLEREFS="StyleId-84896439-ECF3-4BA9-A4DA-9509DFF82C05-">
<String CONTENT="Balmer," HEIGHT="65" WIDTH="252" VPOS="1856" HPOS="145"/>
<SP HEIGHT="62" WIDTH="30" VPOS="1859" HPOS="398"/>
<String CONTENT="Edwin," HEIGHT="64" WIDTH="225" VPOS="1858" HPOS="429"/>
<SP HEIGHT="61" WIDTH="32" VPOS="1861" HPOS="655"/>
<String CONTENT="1883-" HEIGHT="49" WIDTH="172" VPOS="1861" HPOS="688"/>
</TextLine>
<TextLine HEIGHT="71" WIDTH="1929" VPOS="1932" HPOS="216" STYLEREFS="StyleId-96CFFEE7-E7DC-4D73-A454-5FFE07D1E426-" CS="1">
<String CONTENT="Dragons" HEIGHT="67" WIDTH="261" VPOS="1933" HPOS="216"/>
<SP HEIGHT="52" WIDTH="28" VPOS="1935" HPOS="478"/>
<String CONTENT="drive" HEIGHT="54" WIDTH="160" VPOS="1933" HPOS="507"/>
<SP HEIGHT="50" WIDTH="25" VPOS="1952" HPOS="668"/>
<String CONTENT="you," HEIGHT="50" WIDTH="128" VPOS="1952" HPOS="694"/>
<SP HEIGHT="68" WIDTH="27" VPOS="1933" HPOS="823"/>
<String CONTENT="by" HEIGHT="70" WIDTH="73" VPOS="1933" HPOS="851"/>
<SP HEIGHT="69" WIDTH="28" VPOS="1934" HPOS="925"/>
<String CONTENT="Edwin" HEIGHT="54" WIDTH="207" VPOS="1933" HPOS="954"/>
<SP HEIGHT="53" WIDTH="30" VPOS="1934" HPOS="1162"/>
<String CONTENT="Balmer" HEIGHT="53" WIDTH="229" VPOS="1933" HPOS="1193"/>
<SP HEIGHT="33" WIDTH="33" VPOS="1953" HPOS="1423"/>
<String CS="1" CONTENT="&#8230;"/>
<SP HEIGHT="53" WIDTH="70" VPOS="1933" HPOS="1513"/>
<String CONTENT="New" HEIGHT="53" WIDTH="133" VPOS="1933" HPOS="1584"/>
<SP HEIGHT="51" WIDTH="32" VPOS="1933" HPOS="1718"/>
<String CONTENT="York," HEIGHT="66" WIDTH="177" VPOS="1933" HPOS="1751"/>
<SP HEIGHT="65" WIDTH="33" VPOS="1934" HPOS="1929"/>
<String CONTENT="Dodd," HEIGHT="68" WIDTH="182" VPOS="1933" HPOS="1963"/>
</TextLine>
<TextLine HEIGHT="69" WIDTH="762" VPOS="2011" HPOS="151" STYLEREFS="StyleId-96CFFEE7-E7DC-4D73-A454-5FFE07D1E426-">
<String CONTENT="Mead" HEIGHT="53" WIDTH="163" VPOS="2011" HPOS="151"/>
<SP HEIGHT="52" WIDTH="33" VPOS="2011" HPOS="315"/>
<String CONTENT="&amp;" HEIGHT="50" WIDTH="45" VPOS="2013" HPOS="349"/>
<SP HEIGHT="50" WIDTH="34" VPOS="2013" HPOS="395"/>
<String CONTENT="company," HEIGHT="51" WIDTH="296" VPOS="2029" HPOS="430"/>
<SP HEIGHT="64" WIDTH="35" VPOS="2015" HPOS="727"/>
<String CONTENT="1934." HEIGHT="51" WIDTH="150" VPOS="2014" HPOS="763"/>
</TextLine>
<TextLine HEIGHT="49" WIDTH="557" VPOS="2082" HPOS="212" CS="1">
<String CONTENT="3" HEIGHT="39" WIDTH="24" VPOS="2083" HPOS="212"/>
<SP HEIGHT="48" WIDTH="36" VPOS="2083" HPOS="237"/>
<String CONTENT="p." HEIGHT="37" WIDTH="42" VPOS="2094" HPOS="274"/>
<SP/>
<String CS="1" CONTENT="l.," HEIGHT="16" WIDTH="8" VPOS="2114" HPOS="387"/>
<SP HEIGHT="46" WIDTH="33" VPOS="2084" HPOS="396"/>
<String CONTENT="289" HEIGHT="41" WIDTH="87" VPOS="2082" HPOS="430"/>
<SP HEIGHT="48" WIDTH="31" VPOS="2083" HPOS="518"/>
<String CONTENT="p." HEIGHT="37" WIDTH="41" VPOS="2094" HPOS="550"/>
<SP HEIGHT="39" WIDTH="60" VPOS="2085" HPOS="592"/>
<String CONTENT="20" HEIGHT="39" WIDTH="56" VPOS="2085" HPOS="653"/>
<String STYLE="superscript" CONTENT="cm" HEIGHT="21" WIDTH="43" VPOS="2086" HPOS="712"/>
<String CONTENT="." HEIGHT="8" WIDTH="9" VPOS="2116" HPOS="760"/>
</TextLine>
<TextLine HEIGHT="48" WIDTH="688" VPOS="2141" HPOS="214">
<String CONTENT="Illustrated" HEIGHT="39" WIDTH="287" VPOS="2142" HPOS="214"/>
<SP HEIGHT="39" WIDTH="36" VPOS="2142" HPOS="502"/>
<String CONTENT="lining-papers." HEIGHT="48" WIDTH="363" VPOS="2141" HPOS="539"/>
</TextLine>
<TextLine HEIGHT="76" WIDTH="2000" VPOS="2188" HPOS="147" CS="1">
<String CONTENT="&#169;" HEIGHT="51" WIDTH="51" VPOS="2212" HPOS="147"/>
<SP HEIGHT="51" WIDTH="33" VPOS="2212" HPOS="199"/>
<String CONTENT="Jan." HEIGHT="39" WIDTH="108" VPOS="2217" HPOS="233"/>
<SP HEIGHT="39" WIDTH="33" VPOS="2217" HPOS="342"/>
<String CONTENT="17," HEIGHT="46" WIDTH="68" VPOS="2217" HPOS="376"/>
<SP HEIGHT="46" WIDTH="34" VPOS="2217" HPOS="445"/>
<String CONTENT="1934;" HEIGHT="42" WIDTH="140" VPOS="2216" HPOS="480"/>
<SP HEIGHT="41" WIDTH="35" VPOS="2217" HPOS="621"/>
<String CONTENT="2c." HEIGHT="39" WIDTH="67" VPOS="2217" HPOS="657"/>
<SP HEIGHT="40" WIDTH="34" VPOS="2217" HPOS="725"/>
<String CONTENT="Jan." HEIGHT="40" WIDTH="108" VPOS="2217" HPOS="760"/>
<SP HEIGHT="39" WIDTH="35" VPOS="2217" HPOS="869"/>
<String CONTENT="19;" HEIGHT="46" WIDTH="81" VPOS="2217" HPOS="905"/>
<SP HEIGHT="36" WIDTH="37" VPOS="2227" HPOS="987"/>
<String CONTENT="aff." HEIGHT="40" WIDTH="80" VPOS="2216" HPOS="1025"/>
<SP HEIGHT="40" WIDTH="37" VPOS="2216" HPOS="1106"/>
<String CONTENT="Jan." HEIGHT="42" WIDTH="107" VPOS="2215" HPOS="1144"/>
<SP HEIGHT="38" WIDTH="35" VPOS="2218" HPOS="1252"/>
<String CONTENT="20;" HEIGHT="47" WIDTH="81" VPOS="2216" HPOS="1288"/>
<SP HEIGHT="46" WIDTH="37" VPOS="2217" HPOS="1370"/>
<!-- cceid B7B72C9D-6C64-1014-8713-889FF4349C01 --><String CONTENT="A" HEIGHT="39" WIDTH="40" VPOS="2217" HPOS="1408"/>
<SP HEIGHT="39" WIDTH="33" VPOS="2217" HPOS="1449"/>
<String CONTENT="69133;" HEIGHT="47" WIDTH="171" VPOS="2216" HPOS="1483"/>
<SP HEIGHT="45" WIDTH="37" VPOS="2218" HPOS="1655"/>
<String CONTENT="E." HEIGHT="40" WIDTH="52" VPOS="2218" HPOS="1693"/>
<SP HEIGHT="39" WIDTH="35" VPOS="2219" HPOS="1746"/>
<String CS="1" CONTENT="Balmer." HEIGHT="38" WIDTH="197" VPOS="2219" HPOS="1782"/>
<SP HEIGHT="71" WIDTH="31" VPOS="2188" HPOS="1997"/>
<String CONTENT="New" HEIGHT="39" WIDTH="118" VPOS="2219" HPOS="2029"/>
</TextLine>
<TextLine HEIGHT="49" WIDTH="465" VPOS="2273" HPOS="215">
<String CONTENT="York." HEIGHT="41" WIDTH="145" VPOS="2273" HPOS="215"/>
<SP HEIGHT="48" WIDTH="69" VPOS="2274" HPOS="361"/>
<String CONTENT="(34-1363)" HEIGHT="49" WIDTH="249" VPOS="2273" HPOS="431"/>
</TextLine>
<TextLine HEIGHT="65" WIDTH="593" VPOS="2392" HPOS="146" STYLEREFS="StyleId-84896439-ECF3-4BA9-A4DA-9509DFF82C05-">
<String CONTENT="Bellamy," HEIGHT="65" WIDTH="279" VPOS="2392" HPOS="146"/>
<SP HEIGHT="63" WIDTH="27" VPOS="2394" HPOS="426"/>
<String CONTENT="Harmon." HEIGHT="54" WIDTH="285" VPOS="2394" HPOS="454"/>
</TextLine>
<TextLine HEIGHT="74" WIDTH="1934" VPOS="2466" HPOS="209" STYLEREFS="StyleId-96CFFEE7-E7DC-4D73-A454-5FFE07D1E426-" CS="1">
<String CONTENT="Bedmates," HEIGHT="69" WIDTH="322" VPOS="2467" HPOS="209"/>
<SP HEIGHT="68" WIDTH="25" VPOS="2468" HPOS="532"/>
<String CONTENT="by" HEIGHT="69" WIDTH="76" VPOS="2468" HPOS="558"/>
<SP HEIGHT="69" WIDTH="26" VPOS="2468" HPOS="635"/>
<String CONTENT="Harmon" HEIGHT="53" WIDTH="263" VPOS="2468" HPOS="662"/>
<SP HEIGHT="51" WIDTH="27" VPOS="2470" HPOS="926"/>
<String CONTENT="Bellamy" HEIGHT="68" WIDTH="263" VPOS="2469" HPOS="954"/>
<SP HEIGHT="49" WIDTH="34" VPOS="2487" HPOS="1218"/>
<String CS="1" CONTENT="&#8230;"/>
<SP HEIGHT="51" WIDTH="70" VPOS="2470" HPOS="1309"/>
<String CONTENT="New" HEIGHT="51" WIDTH="139" VPOS="2470" HPOS="1380"/>
<SP HEIGHT="52" WIDTH="26" VPOS="2470" HPOS="1520"/>
<String CONTENT="York," HEIGHT="69" WIDTH="181" VPOS="2470" HPOS="1547"/>
<SP HEIGHT="68" WIDTH="26" VPOS="2471" HPOS="1729"/>
<String CONTENT="W." HEIGHT="54" WIDTH="90" VPOS="2471" HPOS="1756"/>
<SP HEIGHT="55" WIDTH="31" VPOS="2471" HPOS="1847"/>
<String CONTENT="Godwin." HEIGHT="55" WIDTH="264" VPOS="2471" HPOS="1879"/>
</TextLine>
<TextLine HEIGHT="65" WIDTH="305" VPOS="2548" HPOS="142" STYLEREFS="StyleId-96CFFEE7-E7DC-4D73-A454-5FFE07D1E426-">
<String CONTENT="inc.," HEIGHT="65" WIDTH="122" VPOS="2548" HPOS="142"/>
<SP HEIGHT="63" WIDTH="31" VPOS="2550" HPOS="265"/>
<String CONTENT="1934." HEIGHT="50" WIDTH="150" VPOS="2549" HPOS="297"/>
</TextLine>
<TextLine HEIGHT="49" WIDTH="334" VPOS="2618" HPOS="206">
<String CONTENT="288" HEIGHT="42" WIDTH="86" VPOS="2618" HPOS="206"/>
<SP HEIGHT="48" WIDTH="26" VPOS="2619" HPOS="293"/>
<String CONTENT="p." HEIGHT="37" WIDTH="44" VPOS="2630" HPOS="320"/>
<SP HEIGHT="40" WIDTH="58" VPOS="2620" HPOS="365"/>
<String CONTENT="19" HEIGHT="41" WIDTH="56" VPOS="2619" HPOS="424"/>
<String STYLE="superscript" CONTENT="cm" HEIGHT="21" WIDTH="43" VPOS="2621" HPOS="484"/>
<String CONTENT="." HEIGHT="8" WIDTH="8" VPOS="2651" HPOS="532"/>
</TextLine>
<TextLine HEIGHT="55" WIDTH="1998" VPOS="2687" HPOS="145">
<String CONTENT="&#169;" HEIGHT="51" WIDTH="51" VPOS="2688" HPOS="145"/>
<SP HEIGHT="51" WIDTH="32" VPOS="2688" HPOS="197"/>
<String CONTENT="Jan." HEIGHT="39" WIDTH="108" VPOS="2693" HPOS="230"/>
<SP HEIGHT="39" WIDTH="32" VPOS="2693" HPOS="339"/>
<String CONTENT="11," HEIGHT="47" WIDTH="68" VPOS="2693" HPOS="372"/>
<SP HEIGHT="47" WIDTH="31" VPOS="2693" HPOS="441"/>
<String CONTENT="1934;" HEIGHT="46" WIDTH="142" VPOS="2693" HPOS="473"/>
<SP HEIGHT="46" WIDTH="33" VPOS="2693" HPOS="616"/>
<String CONTENT="2c." HEIGHT="39" WIDTH="66" VPOS="2693" HPOS="650"/>
<SP HEIGHT="39" WIDTH="34" VPOS="2693" HPOS="717"/>
<String CONTENT="Jan." HEIGHT="40" WIDTH="109" VPOS="2693" HPOS="752"/>
<SP HEIGHT="39" WIDTH="32" VPOS="2694" HPOS="862"/>
<String CONTENT="15;" HEIGHT="46" WIDTH="81" VPOS="2693" HPOS="895"/>
<SP HEIGHT="36" WIDTH="36" VPOS="2703" HPOS="977"/>
<String CONTENT="aff." HEIGHT="41" WIDTH="81" VPOS="2692" HPOS="1014"/>
<SP HEIGHT="40" WIDTH="33" VPOS="2693" HPOS="1096"/>
<String CONTENT="Jan." HEIGHT="41" WIDTH="107" VPOS="2692" HPOS="1130"/>
<SP HEIGHT="37" WIDTH="35" VPOS="2693" HPOS="1238"/>
<String CONTENT="18;" HEIGHT="45" WIDTH="81" VPOS="2693" HPOS="1274"/>
<SP HEIGHT="45" WIDTH="35" VPOS="2693" HPOS="1356"/>
<!-- cceid B7B7E2F8-6C64-1014-8713-889FF4349C01 --><String CONTENT="A" HEIGHT="39" WIDTH="41" VPOS="2693" HPOS="1392"/>
<SP HEIGHT="39" WIDTH="31" VPOS="2693" HPOS="1434"/>
<String CONTENT="68912;" HEIGHT="48" WIDTH="171" VPOS="2693" HPOS="1466"/>
<SP HEIGHT="47" WIDTH="34" VPOS="2694" HPOS="1638"/>
<String CONTENT="William" HEIGHT="42" WIDTH="219" VPOS="2693" HPOS="1673"/>
<SP HEIGHT="40" WIDTH="34" VPOS="2696" HPOS="1893"/>
<String CONTENT="Godwin," HEIGHT="44" WIDTH="215" VPOS="2695" HPOS="1928"/>
</TextLine>
<TextLine HEIGHT="49" WIDTH="415" VPOS="2749" HPOS="211">
<String CONTENT="inc." HEIGHT="41" WIDTH="90" VPOS="2749" HPOS="211"/>
<SP HEIGHT="48" WIDTH="73" VPOS="2750" HPOS="302"/>
<String CONTENT="(34-1230)" HEIGHT="48" WIDTH="250" VPOS="2750" HPOS="376"/>
</TextLine>
<TextLine HEIGHT="67" WIDTH="1026" VPOS="2867" HPOS="141" STYLEREFS="StyleId-96CFFEE7-E7DC-4D73-A454-5FFE07D1E426-">
<String CONTENT="Bentley," HEIGHT="66" WIDTH="265" VPOS="2867" HPOS="141"/>
<SP HEIGHT="63" WIDTH="28" VPOS="2870" HPOS="407"/>
<String CONTENT="Phyllis" HEIGHT="63" WIDTH="230" VPOS="2868" HPOS="436"/>
<SP HEIGHT="52" WIDTH="25" VPOS="2870" HPOS="667"/>
<String CONTENT="Eleanor," HEIGHT="65" WIDTH="270" VPOS="2869" HPOS="693"/>
<SP HEIGHT="59" WIDTH="31" VPOS="2875" HPOS="964"/>
<String CONTENT="1894-" HEIGHT="49" WIDTH="171" VPOS="2873" HPOS="996"/>
</TextLine>
<TextLine HEIGHT="72" WIDTH="1933" VPOS="2945" HPOS="211" STYLEREFS="StyleId-96CFFEE7-E7DC-4D73-A454-5FFE07D1E426-">
<String CONTENT="A" HEIGHT="51" WIDTH="54" VPOS="2946" HPOS="211"/>
<SP HEIGHT="51" WIDTH="42" VPOS="2946" HPOS="266"/>
<String CONTENT="modern" HEIGHT="51" WIDTH="234" VPOS="2947" HPOS="309"/>
<SP HEIGHT="46" WIDTH="40" VPOS="2952" HPOS="544"/>
<String CONTENT="tragedy," HEIGHT="67" WIDTH="262" VPOS="2947" HPOS="585"/>
<SP HEIGHT="65" WIDTH="40" VPOS="2948" HPOS="848"/>
<String CONTENT="by" HEIGHT="66" WIDTH="75" VPOS="2948" HPOS="889"/>
<SP HEIGHT="66" WIDTH="43" VPOS="2948" HPOS="965"/>
<String CONTENT="Phyllis" HEIGHT="68" WIDTH="225" VPOS="2946" HPOS="1009"/>
<SP HEIGHT="50" WIDTH="44" VPOS="2949" HPOS="1235"/>
<String CONTENT="Bentley." HEIGHT="66" WIDTH="258" VPOS="2949" HPOS="1280"/>
<SP HEIGHT="50" WIDTH="74" VPOS="2949" HPOS="1539"/>
<String CONTENT="New" HEIGHT="52" WIDTH="138" VPOS="2949" HPOS="1614"/>
<SP HEIGHT="50" WIDTH="45" VPOS="2951" HPOS="1753"/>
<String CONTENT="York," HEIGHT="65" WIDTH="178" VPOS="2951" HPOS="1799"/>
<SP HEIGHT="63" WIDTH="45" VPOS="2953" HPOS="1978"/>
<String CONTENT="The" HEIGHT="51" WIDTH="120" VPOS="2952" HPOS="2024"/>
</TextLine>
<TextLine HEIGHT="69" WIDTH="846" VPOS="3023" HPOS="141" STYLEREFS="StyleId-96CFFEE7-E7DC-4D73-A454-5FFE07D1E426-">
<String CONTENT="Macmillan" HEIGHT="53" WIDTH="331" VPOS="3023" HPOS="141"/>
<SP HEIGHT="34" WIDTH="32" VPOS="3042" HPOS="473"/>
<String CONTENT="company," HEIGHT="50" WIDTH="296" VPOS="3042" HPOS="506"/>
<SP HEIGHT="62" WIDTH="32" VPOS="3028" HPOS="803"/>
<String CONTENT="1934." HEIGHT="50" WIDTH="151" VPOS="3027" HPOS="836"/>
</TextLine>
<TextLine HEIGHT="49" WIDTH="651" VPOS="3097" HPOS="209" CS="1">
<String CONTENT="viii" HEIGHT="40" WIDTH="87" VPOS="3097" HPOS="209"/>
<SP HEIGHT="48" WIDTH="23" VPOS="3098" HPOS="297"/>
<String CONTENT="p.," HEIGHT="37" WIDTH="58" VPOS="3109" HPOS="321"/>
<SP HEIGHT="46" WIDTH="25" VPOS="3098" HPOS="380"/>
<String CONTENT="1" HEIGHT="38" WIDTH="23" VPOS="3098" HPOS="406"/>
<SP/>
<String CS="1" CONTENT="l.," HEIGHT="16" WIDTH="8" VPOS="3129" HPOS="494"/>
<SP HEIGHT="47" WIDTH="25" VPOS="3098" HPOS="503"/>
<String CONTENT="435" HEIGHT="41" WIDTH="85" VPOS="3097" HPOS="529"/>
<SP HEIGHT="47" WIDTH="24" VPOS="3099" HPOS="615"/>
<String CONTENT="p." HEIGHT="37" WIDTH="43" VPOS="3109" HPOS="640"/>
<SP HEIGHT="40" WIDTH="58" VPOS="3097" HPOS="684"/>
<String CONTENT="20" HEIGHT="41" WIDTH="57" VPOS="3097" HPOS="743"/>
<String STYLE="superscript" CONTENT="cm" HEIGHT="21" WIDTH="43" VPOS="3100" HPOS="803"/>
<String CONTENT="." HEIGHT="8" WIDTH="9" VPOS="3134" HPOS="851"/>
</TextLine>
<TextLine HEIGHT="57" WIDTH="1831" VPOS="3166" HPOS="146" CS="1">
<String CONTENT="&#169;" HEIGHT="51" WIDTH="51" VPOS="3167" HPOS="146"/>
<SP HEIGHT="51" WIDTH="28" VPOS="3167" HPOS="198"/>
<String CONTENT="Feb." HEIGHT="40" WIDTH="109" VPOS="3171" HPOS="227"/>
<SP HEIGHT="39" WIDTH="27" VPOS="3171" HPOS="337"/>
<String CONTENT="1," HEIGHT="47" WIDTH="39" VPOS="3171" HPOS="365"/>
<SP HEIGHT="47" WIDTH="29" VPOS="3171" HPOS="405"/>
<String CONTENT="1934;" HEIGHT="48" WIDTH="140" VPOS="3170" HPOS="435"/>
<SP HEIGHT="47" WIDTH="29" VPOS="3171" HPOS="576"/>
<String CONTENT="2c." HEIGHT="39" WIDTH="66" VPOS="3171" HPOS="606"/>
<SP HEIGHT="39" WIDTH="30" VPOS="3170" HPOS="673"/>
<String CONTENT="Feb." HEIGHT="40" WIDTH="110" VPOS="3170" HPOS="704"/>
<SP HEIGHT="38" WIDTH="27" VPOS="3171" HPOS="815"/>
<String CONTENT="2;" HEIGHT="45" WIDTH="54" VPOS="3171" HPOS="843"/>
<SP HEIGHT="35" WIDTH="30" VPOS="3181" HPOS="898"/>
<String CONTENT="aff." HEIGHT="40" WIDTH="82" VPOS="3170" HPOS="929"/>
<SP HEIGHT="39" WIDTH="29" VPOS="3171" HPOS="1012"/>
<String CONTENT="Feb." HEIGHT="39" WIDTH="108" VPOS="3171" HPOS="1042"/>
<SP HEIGHT="39" WIDTH="28" VPOS="3171" HPOS="1151"/>
<String CONTENT="3;" HEIGHT="44" WIDTH="54" VPOS="3171" HPOS="1180"/>
<SP HEIGHT="44" WIDTH="31" VPOS="3171" HPOS="1235"/>
<!-- cceid B7B8909E-6C64-1014-8713-889FF4349C01 --><String CONTENT="A" HEIGHT="38" WIDTH="42" VPOS="3171" HPOS="1267"/>
<SP HEIGHT="39" WIDTH="27" VPOS="3171" HPOS="1310"/>
<String CONTENT="70121;" HEIGHT="47" WIDTH="168" VPOS="3171" HPOS="1338"/>
<SP HEIGHT="45" WIDTH="33" VPOS="3173" HPOS="1507"/>
<String CONTENT="Phyllis" HEIGHT="48" WIDTH="190" VPOS="3172" HPOS="1541"/>
<SP HEIGHT="38" WIDTH="27" VPOS="3175" HPOS="1732"/>
<String CONTENT="Bentley," HEIGHT="47" WIDTH="217" VPOS="3175" HPOS="1760"/>
</TextLine>
<TextLine HEIGHT="98" WIDTH="1917" VPOS="3177" HPOS="210" CS="1">
<String CONTENT="Halifax," HEIGHT="97" WIDTH="1917" VPOS="3177" HPOS="210"/>
<SP HEIGHT="46" WIDTH="31" VPOS="3228" HPOS="311"/>
<String CONTENT="Yorkshire," HEIGHT="47" WIDTH="282" VPOS="3227" HPOS="342"/>
<SP HEIGHT="45" WIDTH="31" VPOS="3229" HPOS="624"/>
<String CONTENT="England." HEIGHT="47" WIDTH="235" VPOS="3228" HPOS="655"/>
<SP HEIGHT="44" WIDTH="73" VPOS="3229" HPOS="890"/>
<String CONTENT="(33-27499)" HEIGHT="48" WIDTH="279" VPOS="3227" HPOS="963"/>
</TextLine>
<TextLine HEIGHT="65" WIDTH="609" VPOS="3346" HPOS="142" STYLEREFS="StyleId-84896439-ECF3-4BA9-A4DA-9509DFF82C05-">
<String CONTENT="Best," HEIGHT="63" WIDTH="160" VPOS="3346" HPOS="142"/>
<SP HEIGHT="63" WIDTH="28" VPOS="3346" HPOS="303"/>
<String CONTENT="Harry," HEIGHT="65" WIDTH="216" VPOS="3346" HPOS="332"/>
<SP HEIGHT="61" WIDTH="31" VPOS="3350" HPOS="549"/>
<String CONTENT="1880-" HEIGHT="49" WIDTH="170" VPOS="3349" HPOS="581"/>
</TextLine>
<TextLine HEIGHT="78" WIDTH="1929" VPOS="3419" HPOS="209" STYLEREFS="StyleId-96CFFEE7-E7DC-4D73-A454-5FFE07D1E426-" CS="1">
<String CONTENT="Blindness" HEIGHT="53" WIDTH="303" VPOS="3422" HPOS="209"/>
<SP HEIGHT="34" WIDTH="23" VPOS="3441" HPOS="513"/>
<String CONTENT="and" HEIGHT="53" WIDTH="111" VPOS="3422" HPOS="537"/>
<SP HEIGHT="51" WIDTH="25" VPOS="3422" HPOS="649"/>
<String CONTENT="the" HEIGHT="54" WIDTH="94" VPOS="3422" HPOS="675"/>
<SP HEIGHT="54" WIDTH="25" VPOS="3422" HPOS="770"/>
<String CONTENT="blind" HEIGHT="54" WIDTH="159" VPOS="3420" HPOS="796"/>
<SP HEIGHT="53" WIDTH="24" VPOS="3423" HPOS="956"/>
<String CONTENT="in" HEIGHT="50" WIDTH="60" VPOS="3426" HPOS="981"/>
<SP HEIGHT="46" WIDTH="24" VPOS="3429" HPOS="1042"/>
<String CONTENT="the" HEIGHT="53" WIDTH="95" VPOS="3422" HPOS="1067"/>
<SP HEIGHT="54" WIDTH="23" VPOS="3423" HPOS="1163"/>
<String CONTENT="United" HEIGHT="54" WIDTH="217" VPOS="3422" HPOS="1187"/>
<SP HEIGHT="55" WIDTH="26" VPOS="3422" HPOS="1405"/>
<String CONTENT="States," HEIGHT="71" WIDTH="204" VPOS="3422" HPOS="1432"/>
<SP HEIGHT="68" WIDTH="27" VPOS="3425" HPOS="1637"/>
<String CONTENT="by" HEIGHT="68" WIDTH="72" VPOS="3425" HPOS="1665"/>
<SP HEIGHT="66" WIDTH="26" VPOS="3427" HPOS="1738"/>
<String CONTENT="Harry" HEIGHT="69" WIDTH="197" VPOS="3427" HPOS="1765"/>
<SP HEIGHT="67" WIDTH="26" VPOS="3429" HPOS="1963"/>
<String CONTENT="Best." HEIGHT="55" WIDTH="148" VPOS="3429" HPOS="1990"/>
</TextLine>
<TextLine HEIGHT="71" WIDTH="1382" VPOS="3498" HPOS="144" STYLEREFS="StyleId-96CFFEE7-E7DC-4D73-A454-5FFE07D1E426-">
<String CONTENT="New" HEIGHT="55" WIDTH="133" VPOS="3499" HPOS="144"/>
<SP HEIGHT="50" WIDTH="36" VPOS="3501" HPOS="278"/>
<String CONTENT="York," HEIGHT="67" WIDTH="176" VPOS="3500" HPOS="315"/>
<SP HEIGHT="66" WIDTH="32" VPOS="3501" HPOS="492"/>
<String CONTENT="The" HEIGHT="51" WIDTH="121" VPOS="3501" HPOS="525"/>
<SP HEIGHT="52" WIDTH="31" VPOS="3500" HPOS="647"/>
<String CONTENT="Macmillan" HEIGHT="53" WIDTH="333" VPOS="3500" HPOS="679"/>
<SP HEIGHT="34" WIDTH="33" VPOS="3519" HPOS="1013"/>
<String CONTENT="company," HEIGHT="51" WIDTH="294" VPOS="3518" HPOS="1047"/>
<SP HEIGHT="62" WIDTH="34" VPOS="3504" HPOS="1342"/>
<String CONTENT="1934." HEIGHT="49" WIDTH="149" VPOS="3504" HPOS="1377"/>
</TextLine>
<TextLine HEIGHT="49" WIDTH="501" VPOS="3572" HPOS="209">
<String CONTENT="xxii," HEIGHT="48" WIDTH="117" VPOS="3572" HPOS="209"/>
<SP HEIGHT="46" WIDTH="37" VPOS="3574" HPOS="327"/>
<String CONTENT="714" HEIGHT="40" WIDTH="84" VPOS="3573" HPOS="365"/>
<SP HEIGHT="47" WIDTH="36" VPOS="3574" HPOS="450"/>
<String CONTENT="p." HEIGHT="37" WIDTH="42" VPOS="3584" HPOS="487"/>
<SP HEIGHT="39" WIDTH="63" VPOS="3573" HPOS="530"/>
<String CONTENT="24" HEIGHT="39" WIDTH="55" VPOS="3573" HPOS="594"/>
<String STYLE="superscript" CONTENT="cm" HEIGHT="21" WIDTH="44" VPOS="3575" HPOS="652"/>
<String CONTENT="." HEIGHT="8" WIDTH="9" VPOS="3604" HPOS="701"/>
</TextLine>
<TextLine HEIGHT="55" WIDTH="1928" VPOS="3627" HPOS="210" CS="1">
<String CONTENT="&#8220;The" HEIGHT="39" WIDTH="129" VPOS="3630" HPOS="210"/>
<SP HEIGHT="37" WIDTH="31" VPOS="3641" HPOS="340"/>
<String CONTENT="present" HEIGHT="45" WIDTH="194" VPOS="3633" HPOS="372"/>
<SP HEIGHT="37" WIDTH="34" VPOS="3633" HPOS="567"/>
<String CONTENT="work" HEIGHT="39" WIDTH="131" VPOS="3630" HPOS="602"/>
<SP HEIGHT="40" WIDTH="32" VPOS="3629" HPOS="734"/>
<String CONTENT="is" HEIGHT="41" WIDTH="42" VPOS="3629" HPOS="767"/>
<SP HEIGHT="29" WIDTH="32" VPOS="3641" HPOS="810"/>
<String CONTENT="a" HEIGHT="28" WIDTH="23" VPOS="3641" HPOS="843"/>
<SP HEIGHT="28" WIDTH="37" VPOS="3641" HPOS="867"/>
<String CONTENT="revision" HEIGHT="42" WIDTH="211" VPOS="3628" HPOS="905"/>
<SP HEIGHT="29" WIDTH="34" VPOS="3642" HPOS="1117"/>
<String CONTENT="and" HEIGHT="40" WIDTH="93" VPOS="3631" HPOS="1152"/>
<SP HEIGHT="39" WIDTH="31" VPOS="3631" HPOS="1246"/>
<String CONTENT="expansion" HEIGHT="48" WIDTH="269" VPOS="3632" HPOS="1278"/>
<SP HEIGHT="29" WIDTH="30" VPOS="3644" HPOS="1548"/>
<String CONTENT="of" HEIGHT="38" WIDTH="51" VPOS="3635" HPOS="1579"/>
<SP HEIGHT="38" WIDTH="33" VPOS="3635" HPOS="1631"/>
<String CONTENT="&#8216;The" HEIGHT="41" WIDTH="113" VPOS="3636" HPOS="1665"/>
<SP HEIGHT="40" WIDTH="34" VPOS="3639" HPOS="1779"/>
<String CONTENT="blind:" HEIGHT="41" WIDTH="158" VPOS="3638" HPOS="1814"/>
<SP HEIGHT="37" WIDTH="37" VPOS="3644" HPOS="1973"/>
<String CONTENT="their" HEIGHT="40" WIDTH="127" VPOS="3641" HPOS="2011"/>
</TextLine>
<TextLine HEIGHT="55" WIDTH="1996" VPOS="3684" HPOS="142">
<String CONTENT="condition" HEIGHT="41" WIDTH="242" VPOS="3687" HPOS="142"/>
<SP HEIGHT="29" WIDTH="34" VPOS="3699" HPOS="385"/>
<String CONTENT="and" HEIGHT="39" WIDTH="94" VPOS="3689" HPOS="420"/>
<SP HEIGHT="39" WIDTH="34" VPOS="3689" HPOS="515"/>
<String CONTENT="the" HEIGHT="40" WIDTH="81" VPOS="3688" HPOS="550"/>
<SP HEIGHT="28" WIDTH="34" VPOS="3699" HPOS="632"/>
<String CONTENT="work" HEIGHT="38" WIDTH="133" VPOS="3688" HPOS="667"/>
<SP HEIGHT="39" WIDTH="32" VPOS="3688" HPOS="801"/>
<String CONTENT="being" HEIGHT="50" WIDTH="141" VPOS="3685" HPOS="834"/>
<SP HEIGHT="47" WIDTH="31" VPOS="3688" HPOS="976"/>
<String CONTENT="done" HEIGHT="39" WIDTH="121" VPOS="3688" HPOS="1008"/>
<SP HEIGHT="39" WIDTH="32" VPOS="3688" HPOS="1130"/>
<String CONTENT="for" HEIGHT="41" WIDTH="78" VPOS="3687" HPOS="1163"/>
<SP HEIGHT="37" WIDTH="33" VPOS="3691" HPOS="1242"/>
<String CONTENT="them" HEIGHT="39" WIDTH="129" VPOS="3689" HPOS="1276"/>
<SP HEIGHT="38" WIDTH="34" VPOS="3690" HPOS="1406"/>
<String CONTENT="in" HEIGHT="39" WIDTH="46" VPOS="3690" HPOS="1441"/>
<SP HEIGHT="37" WIDTH="37" VPOS="3694" HPOS="1488"/>
<String CONTENT="the" HEIGHT="39" WIDTH="80" VPOS="3692" HPOS="1526"/>
<SP HEIGHT="40" WIDTH="35" VPOS="3693" HPOS="1607"/>
<String CONTENT="United" HEIGHT="42" WIDTH="175" VPOS="3693" HPOS="1643"/>
<SP HEIGHT="40" WIDTH="37" VPOS="3697" HPOS="1819"/>
<String CONTENT="States&#8217;.&#8221;" HEIGHT="41" WIDTH="220" VPOS="3697" HPOS="1857"/>
<SP HEIGHT="5" WIDTH="56" VPOS="3723" HPOS="2082"/>
</TextLine>
<TextLine HEIGHT="40" WIDTH="270" VPOS="3745" HPOS="141">
<String CONTENT="Foreword." HEIGHT="40" WIDTH="270" VPOS="3745" HPOS="141"/>
</TextLine>
<TextLine HEIGHT="50" WIDTH="1280" VPOS="3801" HPOS="210">
<String CONTENT="Bibliography" HEIGHT="47" WIDTH="346" VPOS="3803" HPOS="210"/>
<SP HEIGHT="36" WIDTH="35" VPOS="3813" HPOS="557"/>
<String CONTENT="at" HEIGHT="38" WIDTH="50" VPOS="3804" HPOS="593"/>
<SP HEIGHT="38" WIDTH="33" VPOS="3804" HPOS="644"/>
<String CONTENT="end" HEIGHT="39" WIDTH="90" VPOS="3802" HPOS="678"/>
<SP HEIGHT="39" WIDTH="33" VPOS="3802" HPOS="769"/>
<String CONTENT="of" HEIGHT="39" WIDTH="52" VPOS="3802" HPOS="803"/>
<SP HEIGHT="39" WIDTH="31" VPOS="3802" HPOS="856"/>
<String CONTENT="some" HEIGHT="30" WIDTH="129" VPOS="3811" HPOS="888"/>
<SP HEIGHT="29" WIDTH="33" VPOS="3812" HPOS="1018"/>
<String CONTENT="of" HEIGHT="39" WIDTH="51" VPOS="3802" HPOS="1052"/>
<SP HEIGHT="39" WIDTH="32" VPOS="3802" HPOS="1104"/>
<String CONTENT="the" HEIGHT="40" WIDTH="80" VPOS="3802" HPOS="1137"/>
<SP HEIGHT="30" WIDTH="31" VPOS="3812" HPOS="1218"/>
<String CONTENT="chapters." HEIGHT="48" WIDTH="240" VPOS="3802" HPOS="1250"/>
</TextLine>
<TextLine HEIGHT="53" WIDTH="1694" VPOS="3873" HPOS="142" CS="1">
<String CONTENT="&#169;" HEIGHT="51" WIDTH="50" VPOS="3875" HPOS="142"/>
<SP HEIGHT="51" WIDTH="25" VPOS="3875" HPOS="193"/>
<String CONTENT="Jan." HEIGHT="39" WIDTH="108" VPOS="3880" HPOS="219"/>
<SP HEIGHT="40" WIDTH="25" VPOS="3879" HPOS="328"/>
<String CONTENT="16," HEIGHT="45" WIDTH="67" VPOS="3879" HPOS="354"/>
<SP HEIGHT="45" WIDTH="26" VPOS="3879" HPOS="422"/>
<String CONTENT="1934" HEIGHT="40" WIDTH="113" VPOS="3878" HPOS="449"/>
<SP HEIGHT="46" WIDTH="17" VPOS="3878" HPOS="563"/>
<String CONTENT=";" HEIGHT="36" WIDTH="7" VPOS="3888" HPOS="581"/>
<SP HEIGHT="47" WIDTH="27" VPOS="3877" HPOS="589"/>
<String CONTENT="2c." HEIGHT="40" WIDTH="67" VPOS="3877" HPOS="617"/>
<SP HEIGHT="30" WIDTH="26" VPOS="3887" HPOS="685"/>
<String CONTENT="and" HEIGHT="39" WIDTH="96" VPOS="3877" HPOS="712"/>
<SP HEIGHT="38" WIDTH="23" VPOS="3877" HPOS="809"/>
<String CONTENT="aff." HEIGHT="40" WIDTH="81" VPOS="3875" HPOS="833"/>
<SP HEIGHT="39" WIDTH="27" VPOS="3876" HPOS="915"/>
<String CONTENT="Jan." HEIGHT="39" WIDTH="109" VPOS="3876" HPOS="943"/>
<SP HEIGHT="39" WIDTH="26" VPOS="3876" HPOS="1053"/>
<String CONTENT="17;" HEIGHT="45" WIDTH="82" VPOS="3876" HPOS="1080"/>
<SP HEIGHT="46" WIDTH="26" VPOS="3875" HPOS="1163"/>
<!-- cceid B7B937F6-6C64-1014-8713-889FF4349C01 --><String CONTENT="A" HEIGHT="39" WIDTH="41" VPOS="3875" HPOS="1190"/>
<SP HEIGHT="39" WIDTH="25" VPOS="3875" HPOS="1232"/>
<String CONTENT="69025;" HEIGHT="50" WIDTH="170" VPOS="3873" HPOS="1258"/>
<SP HEIGHT="45" WIDTH="30" VPOS="3878" HPOS="1429"/>
<String CONTENT="Macmillan" HEIGHT="43" WIDTH="281" VPOS="3878" HPOS="1460"/>
<SP HEIGHT="29" WIDTH="27" VPOS="3894" HPOS="1742"/>
<String CONTENT="co." HEIGHT="29" WIDTH="66" VPOS="3895" HPOS="1770"/>
</TextLine>
<TextLine HEIGHT="48" WIDTH="249" VPOS="3936" HPOS="220">
<String CONTENT="(34-1429)" HEIGHT="48" WIDTH="249" VPOS="3936" HPOS="220"/>
</TextLine>
</TextBlock>
</PrintSpace>
</Page>
</Layout>
</alto>