2350 4196
0 0 0 0 67
176 361 316 64 Blakeslee,
524 360 151 52 Fred
706 356 245 67 Gilbert,
983 360 172 49 1868-

241 440 192 53 Police
465 437 284 54 uniforms
783 435 63 52 of
879 436 95 51 the
1007 434 197 66 world,
1236 434 75 66 by
1345 432 192 66 Major
1571 433 65 51 F.
1671 431 226 55 Gilbert
171 430 1969 139 Blakeslee

343 507 1820 73 … illustrations by Bert Offorcl. Norwood, Mass., Printed
172 595 92 51 for
289 595 94 52 the
409 594 222 65 author,
659 592 297 67 Plimpton
985 609 155 48 press
1176 625 10 31 r
1193 596 17 20 c
1217 593 134 48 1934]

244 667 48 38 ix
319 675 56 38 p.,
403 667 25 38 2
489 697 8 15 l.,
523 665 83 41 301
633 675 42 37 p.
703 665 75 39 incl.
839 664 164 46 front.,
1030 662 127 39 illus.
1218 661 55 40 19½
1306 664 43 20 cm.

245 723 150 48 “Only
423 723 90 39 five
542 722 219 40 hundred
790 720 158 48 copies
977 719 205 48 printed,
1210 729 75 30 no.
1313 717 68 40 5.”

245 781 264 40 “Intended
538 782 48 37 to
614 780 302 46 supplement
946 776 264 41 ‘Uniforms
1241 775 50 39 of
1322 774 81 40 the
1434 773 179 45 world’,
1644 784 25 27 a
1701 770 225 49 previous
1960 771 129 38 work
2120 771 49 38 of

174 837 79 40 the
287 835 413 42 author.”—Pref.

174 905 50 51 ©
256 909 106 39 Jan.
394 909 67 44 17,
493 907 139 41 1934;
666 906 63 40 2c.
763 907 94 38 and
890 905 79 39 aff.
1003 905 109 39 Jan.
1144 903 79 41 22;
1258 904 39 37 A
1329 902 169 41 69127;
1534 902 49 39 F.
1619 901 51 40 G.
1704 901 267 40 Blakeslee,
237 900 1915 112 Hollywood,
419 965 142 40 Calif.
633 963 250 48 (34-1760)

174 1085 178 63 Bond,
383 1083 287 64 Beverley
697 1082 251 63 Waugh,
979 1084 170 51 1882-

241 1162 120 51 The
393 1162 348 52 civilization
776 1160 63 53 of
869 1161 94 52 the
994 1159 114 55 Old
1142 1160 353 64 Northwest;
1532 1176 30 34 a
1595 1157 170 66 study
1796 1157 63 52 of
1893 1156 275 67 political,

172 1240 187 67 social,
396 1242 109 50 and
539 1239 283 54 economic
855 1238 411 66 development,
1302 1240 326 61 1788-1812,
1661 1236 75 65 by
1771 1236 275 65 Beverley
2080 1236 86 53 W.

173 1315 1807 70 Bond, jr. … New York, The Macmillan company, 1934.
245 1389 49 41 ix
322 1401 56 37 p.,
407 1391 26 38 2
493 1422 7 14 l.,
531 1390 83 39 543
642 1401 41 36 p.
745 1390 54 38 22
803 1392 43 21 cm
852 1423 7 6 .

174 1458 50 51 ©
255 1463 108 38 Jan.
392 1462 68 45 23,
490 1460 139 41 1934;
662 1461 66 39 2c.
758 1462 94 38 and
882 1460 80 39 aff.
994 1460 108 39 Jan.
1132 1460 80 38 24:
1245 1459 38 39 A
1313 1458 169 40 69182;
1520 1456 278 41 Macmillan
1830 1468 66 28 co.

249 1519 250 47 (34-1805)

174 1637 224 65 Brinig,
430 1639 230 62 Myron.

240 1715 119 54 Out
380 1715 62 53 of
463 1715 123 66 life,
607 1717 73 66 by
703 1715 209 68 Myron
937 1715 238 68 Brinig;
1197 1713 326 53 illustrated
1549 1713 73 68 by
1643 1712 255 53 Richard
1924 1712 252 53 Floethe.

172 1794 139 52 New
340 1794 179 67 York,
548 1794 214 52 Farrar
791 1796 50 50 &
870 1793 301 67 Rinehart,
1197 1794 108 51 inc.
1382 1796 152 62 [c1934]

244 1866 777 50 6 p. l. , 3-267 p. illus. 20 cm .
245 1926 287 40 Illustrated
563 1928 98 46 t.-p.

176 1981 50 51 ©
253 1985 108 39 Jan.
387 1985 67 41 22,
481 1984 140 39 1934;
650 1984 64 39 2c.
743 1984 109 40 Jan.
877 1983 81 40 29:
989 1983 78 39 aff.
1096 1983 106 38 Jan.
1232 1983 81 39 23:
1343 1983 38 38 A
1408 1982 170 41 69240:
1611 1984 60 37 M.
1701 1983 183 45 Brinig.
1914 1984 257 46 Espanola.

288 2076 6 6 N.
331 2040 62 40 M.
467 2041 248 48 (34-1823)

175 2159 140 64 Bye,
345 2160 309 63 Raymond
681 2157 234 65 Taylor,
947 2161 171 49 1892-

241 2233 258 71 Applied
534 2235 339 67 economics;
914 2237 96 50 the
1048 2235 353 68 application
1441 2235 63 53 of
1543 2235 283 53 economic
1864 2235 312 69 principles

175 2312 2001 71 to the problems of economic life, by Raymond T. Bye … and
175 2390 2002 70 William W. Hewett … 2d ed. rev. New York, F. S. Crofts
173 2472 46 49 &
247 2488 97 48 co.,
375 2472 151 50 1934.

246 2553 45 38 x,
321 2542 84 41 693
434 2553 42 37 p.
538 2542 179 47 diagrs.
777 2541 55 41 23½c
883 2544 26 20 m.

247 2598 343 49 “Suggestions
617 2599 78 39 for
722 2598 195 40 further
948 2598 227 48 reading”
1204 2601 51 38 at
1284 2600 90 39 end
1405 2600 51 39 of
1485 2600 118 39 each
1631 2600 214 47 chapter.

245 2654 185 42 “Tenth
460 2655 260 48 printing.”

179 2710 51 52 ©
261 2715 107 39 Jan.
400 2715 67 45 15,
499 2715 139 45 1934;
671 2715 64 38 2c.
768 2714 107 38 Jan.
908 2715 81 38 20:
1098 2747 6 7 aff.
1137 2715 107 38 Jan.
1277 2716 80 39 18;
1393 2715 38 38 A
1463 2715 169 40 68935:
1669 2716 49 39 F.
1754 2716 42 40 S.
1830 2717 166 39 Crofts
2028 2717 36 39 &
2095 2727 80 29 co.,

247 2772 88 39 inc.
408 2771 250 47 (34-1844)

180 2886 1998 71 Callaghan’s Indiana digest, complete from 1 Blackford to 202
250 2966 248 54 Indiana
529 2968 111 50 and
671 2966 153 52 from
856 2975 26 46 1
914 2973 58 46 to
1004 2971 63 48 92
1098 2969 245 51 Indiana
1376 2971 327 66 Appellate,
1733 2972 116 51 also
1879 2971 300 68 including

251 3044 248 52 Indiana
532 3045 108 51 law
673 3047 201 65 passed
908 3064 154 49 upon
1094 3047 71 66 by
1196 3049 95 49 the
1323 3048 221 53 federal
1577 3055 191 46 courts
1799 3051 111 50 and
1943 3051 95 51 the

251 3049 1901 140 Supreme
468 3129 161 47 court
654 3123 62 54 of
741 3124 95 52 the
862 3125 215 53 United
1109 3126 204 56 States,
1341 3127 72 66 by
1438 3129 156 51 Jesse
1624 3129 61 53 C.
1713 3130 258 54 Weaver,
1998 3130 181 52 under

251 3201 1922 75 the supervision of Basil Jones … v. 15 [Venire-Zoning]
253 3277 269 65 Chicago,
554 3279 320 63 Callaghan
905 3282 109 50 and
1046 3299 295 43 company,
1374 3287 149 50 1934.

249 3353 515 47 1 p. l. , 563 p. 26 cm .
185 3405 50 51 ©
264 3410 106 38 Jan.
400 3410 66 39 15.
494 3410 140 39 1934;
664 3412 66 37 2c.
759 3412 94 37 and
881 3411 81 39 aff.
992 3411 107 40 Jan.
1129 3413 78 39 17;
1239 3412 41 38 A
1307 3413 169 41 69052;
1509 3414 270 48 Callaghan
1809 3416 35 39 &
1871 3428 66 28 co.
2003 3416 86 41 438

185 3527 305 63 Cameron,
521 3528 225 52 Judson
776 3528 53 54 J.

254 3600 284 71 Cheating
575 3608 58 46 at
668 3602 219 69 bridge,
924 3622 72 50 go
1034 3604 163 54 home
1234 3605 141 54 with
1413 3608 96 52 the
1546 3608 263 70 winners,
1844 3611 76 69 by
1958 3611 223 53 Judson

184 3676 1997 82 J. Cameron … Philadelphia, Dorrance & company, inc.
206 3759 155 50 [ c 1933]
250 3832 86 40 188
365 3843 41 37 p.
466 3833 165 46 front.,
662 3834 170 46 plates.
893 3832 56 41 19½
982 3836 43 20 cm.

187 3885 50 51 ©
265 3891 110 38 Dec.
401 3892 67 43 11,
495 3889 113 40 1933
627 3900 8 35 ;
664 3890 65 38 2c.
757 3890 108 38 Jan.
892 3891 68 42 17,
989 3890 140 40 1934;
1160 3891 79 40 aff.
1270 3893 106 38 Jan.
1406 3895 80 40 13:
1518 3896 40 38 A
1585 3896 169 43 69040;
1786 3898 41 39 J.
1858 3899 41 39 J.
1930 3899 251 48 Cameron,

253 3947 200 39 Duluth.
484 3946 147 39 Minn.
704 3946 249 47 (34-1716)
