2350 4196
1114 4012 130 47 1518

210 380 144 51 New
383 381 160 50 York
573 383 157 50 state
760 382 305 52 historical
1093 382 373 53 association.

282 455 242 54 History
560 458 61 51 of
656 459 93 50 the
784 463 143 49 state
963 459 62 50 of
1059 461 135 50 New
1230 460 176 52 York.
1483 476 44 34 v.
1567 463 44 47 5.
1648 461 28 48 6
1718 505 52 6 ...
1846 461 136 50 New
2022 460 175 54 York,

211 534 295 53 Columbia
537 537 316 65 university
880 556 173 47 press.
1084 541 146 50 1934.

280 609 25 35 2
336 619 39 27 v.
430 607 187 40 fronts.,
649 609 140 39 illus..
820 612 169 44 plates,
1022 613 159 43 ports.,
1213 620 134 36 maps
1378 610 63 46 (v.
1474 610 37 39 5.
1543 610 18 37 1
1598 609 143 43 fold.)
1779 608 215 40 facsims.
2053 610 54 39 23½
2141 611 43 20 cm
2190 641 7 6 .

283 664 201 39 "Edited
519 666 60 44 by
612 666 275 38 Alexander
924 668 45 37 C.
1009 667 136 38 Flick
1184 700 43 6 ...
1294 666 261 39 Published
1592 668 151 37 under
1777 667 82 38 the
1895 667 220 45 auspices
2149 668 50 37 of

210 722 82 37 the
313 721 117 39 New
456 722 130 37 York
614 725 127 37 state
770 723 248 39 historical
1051 723 334 39 association.”

554 789 105 28 CONTENTS.—v.
686 777 41 40 5.
755 780 305 47 Conquering·
1085 782 80 37 the
1189 780 404 38 wilderness.—v.
1621 777 41 40 6.
1688 780 100 38 The
1816 790 86 35 age
1925 780 50 37 of
2005 780 191 39 reform.

213 830 50 50 ©
395 865 6 6 Nov.
429 834 66 40 21.
521 835 112 38 1934;
687 836 64 38 2c.
779 838 115 37 each
966 849 69 27 Nov.
1062 839 54 36 24;
1245 871 6 5 aff.
1387 870 6 5 Nov.
1419 836 54 38 26;
1531 837 39 36 A
1597 835 140 40 78293;
1794 835 248 40 Columbia
2070 836 126 39 univ.

278 902 146 35 press.

210 981 285 63 Northey,
528 981 132 53 Neil
693 984 239 62 Wayne.

277 1057 159 52 Wild
468 1059 210 51 animal
708 1061 197 52 stories
943 1104 52 6 ...
1030 1061 68 53 by
1134 1060 126 52 Neil
1290 1063 218 50 Wayne
1540 1059 256 67 Northey
1833 1102 54 8 ...
1957 1061 239 51 Volume

207 1152 22 32 I-II
318 1178 9 8 .
389 1137 304 52 Mountain
718 1139 179 52 View.
927 1138 191 55 Calif..
1146 1139 298 50 Portland.
1473 1137 127 54 Ore.
1636 1143 136 61 [etc.]
1805 1135 209 54 Pacifie
2042 1155 154 49 press

206 1213 333 68 publishing
570 1215 333 52 association
941 1219 190 63 [c1934]

276 1287 487 40 2 v . illus. 20½ cm .
251 1342 225 41 “Volume
503 1344 25 37 2
557 1344 278 41 illustrated
864 1346 58 45 by
953 1346 158 45 Byron
1185 1357 23 26 De
1238 1346 121 38 Bolts.

554 1407 92 33 CONTENTS.—I.
696 1402 155 38 North
900 1401 350 40 America.—II.
1304 1403 150 38 South
1504 1403 234 37 America,
1789 1400 247 48 including
207 1403 1972 94 Australia.

243 1547 5 4 v.
281 1515 37 38 1.
351 1510 51 51 ©
433 1515 100 39 Oct.
562 1514 68 40 29.
662 1514 112 39 1934;
833 1516 65 38 2c.
933 1518 92 36 and
1057 1515 79 39 aff.
1214 1526 69 27 Nov.
1316 1516 23 37 5;
1401 1526 42 30 v.
1473 1514 38 41 2.
1547 1510 51 51 ©
1739 1546 6 6 Nov.
1778 1514 55 39 26;
1893 1514 65 39 2c.
1992 1517 93 36 and
2114 1512 82 43 aff.

278 1573 108 38 Dec.
417 1572 22 37 1;
499 1573 39 36 A
568 1572 152 39 76893.
753 1572 141 38 77404;
953 1572 175 39 Pacific
1156 1583 135 36 press
1318 1572 108 46 pub.
1458 1581 124 29 assn.
288 1628 277 46 (34-38016)

208 1719 164 52 Ohio.
451 1719 220 55 Courts.

277 1797 118 51 The
443 1796 148 53 Ohio
638 1796 109 51 nisi
794 1796 159 67 prius
1001 1803 233 60 reports.
1319 1799 137 49 New
1503 1796 185 55 series,
1733 1796 222 52 volume
2186 1838 9 8 XXXII.

209 1873 167 54 Cases
418 1874 232 52 decided
693 1876 73 64 by
807 1876 93 50 the
944 1892 254 33 common
1239 1876 172 65 pleas,
1454 1876 233 65 probate
1733 1875 109 50 and
1884 1874 313 66 municipal

208 1957 185 47 courts
428 1953 62 50 of
521 1953 95 51 the
650 1956 142 48 state
829 1953 62 51 of
926 1953 166 54 Ohio.
1161 1953 279 51 Rowland
1478 1953 278 65 Shepard,
1791 1952 197 52 editor.
206 1953 1964 133 Cincinnati,

466 2030 118 51 The
612 2031 148 53 Ohio
787 2034 108 49 law
921 2036 254 51 reporter
1202 2049 295 48 company,
1527 2033 147 48 1934.

310 2134 6 7 v.
344 2103 83 39 522
457 2115 40 35 p.
555 2104 53 39 23½
643 2107 42 19 cm
693 2139 6 5 .

209 2156 51 50 ©
398 2191 6 6 Nov.
436 2161 66 39 20.
533 2160 112 38 1934;
703 2163 64 36 2c·.
907 2193 6 5 Nov.
947 2161 52 37 22;
1061 2160 79 38 aff.
1281 2193 6 6 Nov.
1319 2161 46 36 21;
1434 2162 38 35 A
1504 2159 141 40 78306;
1705 2159 118 40 Ohio
1855 2160 96 37 law
1981 2161 214 43 reporter

277 2229 64 27 со.

204 2305 222 64 Pedler,
459 2309 134 50 Mrs.
628 2308 305 61 Margaret
965 2307 210 63 (Bass)

277 2382 232 52 Distant
546 2381 164 52 dawn
757 2381 107 67 [by]
908 2381 289 67 Margaret
1239 2381 218 50 Pedler.
1536 2379 225 53 Garden
1807 2378 149 67 City.
1995 2377 68 51 N.
2107 2376 87 68 Y.,

211 2459 346 66 Doubleday,
583 2459 195 51 Doran
805 2460 43 48 &
874 2476 94 48 со.,
996 2459 124 65 inc.,
1149 2461 149 49 1934.

273 2529 925 48 4 p. l., v ii-viii p., 1 l., 308 p. 20 cm .
276 2588 160 38 "First
465 2587 224 38 edition.”

275 2644 195 39 London
511 2645 180 37 edition
744 2643 221 46 (Hodder
1006 2645 92 37 and
1146 2643 281 47 Stoughton,
1470 2645 210 44 limited)
1732 2645 86 36 has
1861 2644 106 37 title;
2039 2642 150 39 Green

204 2701 264 46 judgment.

207 2757 52 51 ©
287 2762 101 39 Oct.
413 2761 67 38 24.
509 2759 113 39 1934;
680 2763 63 35 2c.
774 2761 92 36 and
896 2759 79 39 aff.
1113 2791 6 5 Nov.
1151 2759 52 38 10;
1261 2760 39 37 A
1329 2759 141 39 78108;
1527 2760 296 45 Donhleday.
1855 2760 164 37 Doran
2049 2757 36 39 &
2111 2768 81 29 со.,

274 2818 88 38 inc.
435 2816 277 48 (34-37980)

205 2910 252 62 Penney
488 2909 135 50 Mrs.
659 2908 152 51 Kate
845 2907 271 63 Mayhew
1149 2907 284 64 (Speake)

273 2983 168 66 “Us”,
481 2984 72 66 by
595 2983 150 51 Kate
785 2982 263 67 Mayhew
1094 2981 220 67 Speake
1353 2984 231 54 Penney
1632 3026 53 7 ...
1768 2980 423 66 Philadelphia,

201 3061 1043 66 Dorrance & company, inc. [ c 1934]
273 3131 83 40 230
387 3143 42 37 p.
492 3132 53 39 19
550 3135 42 20 cm
598 3166 6 6 .

207 3188 49 50 ©
291 3192 99 40 Oct.
423 3191 66 39 25.
523 3191 111 38 1934;
695 3191 65 39 2c.
838 3202 70 28 Nov.
940 3192 22 36 1;
1025 3190 78 39 aff.
1182 3201 67 27 Nov.
1284 3191 24 35 9;
1370 3193 39 36 A
1442 3190 140 40 76986;
1645 3192 246 37 Dorrance
1925 3190 35 38 &
1991 3201 78 27 со.,
2100 3189 88 38 inc.

283 3249 277 39 (34-38187)

203 3323 249 63 Popular
485 3324 224 52 science
741 3322 287 63 monthly.

275 3401 342 50 Astronomy
646 3400 90 49 for
764 3405 280 46 amateurs;
1102 3418 29 32 a
1159 3400 270 65 practical
1454 3400 304 51 handbook
1784 3399 93 52 for
1902 3398 93 52 the
2020 3396 170 65 study

202 3477 61 49 of
295 3479 342 51 elementary
671 3482 323 59 astronomy
1025 3476 74 53 by
1126 3494 189 34 means
1346 3476 62 52 of
1438 3477 202 66 simple
1672 3476 376 66 experiments
2079 3473 109 52 and

204 3554 89 51 the
330 3572 92 34 use
457 3554 61 50 of
551 3553 326 51 homemade
914 3554 382 50 instruments.
1366 3553 288 65 Prepared
1691 3554 74 63 by
1798 3553 95 51 the
1925 3550 262 53 editorial

201 3635 82 45 staff
364 3630 62 50 of
456 3631 255 64 Popular
739 3629 209 52 science
981 3630 275 64 monthly.
1319 3630 138 51 New
1488 3630 177 65 York,
1695 3631 255 64 Popular
1979 3629 209 52 science

207 3706 326 65 publishing
568 3724 294 47 company,
898 3707 105 51 inc.
1043 3709 189 63 [c1934]

275 3777 1913 48 vi p., 1 l., 9-192 p. illus.. diagrs. 19½ cm . (On cover; Handyman’s
204 3836 188 36 modern
431 3834 245 39 manuals)

205 3888 49 50 ©
283 3895 124 42 Sept.
435 3892 65 37 18.
530 3890 109 39 1934;
697 3894 65 35 2c.
791 3892 91 37 and
910 3891 78 37 aff.
1021 3891 98 37 Oct.
1148 3890 51 37 19;
1255 3891 39 37 A
1323 3891 139 38 76643;
1521 3892 209 43 Popular
1759 3891 184 39 science
1969 3890 106 45 pub.
2106 3898 80 30 со.,

275 3949 85 35 inc.
433 3947 276 37 (34-38015)
