2350 4196
1125 4000 95 48 652

183 463 321 66 Rochester,
542 467 67 51 X.
649 466 89 54 Y.,
777 465 117 51 The
932 466 265 53 Lawyers
1236 460 380 68 co-operative
1654 460 331 66 publishing
181 478 1963 131 company
369 544 190 64 [c1934]

258 615 86 40 138
371 625 42 37 p.
472 615 116 40 23cm.

189 667 51 51 ©
270 672 113 46 May
408 672 68 45 31,
507 669 112 41 1934;
677 671 65 39 2c.
773 671 94 38 and
897 670 81 39 aff.
1008 670 124 38 June
1161 669 24 39 2;
1251 669 26 37 A
1314 667 141 41 72579;
1516 666 175 40 Michie
1722 676 66 29 co.
1820 667 95 38 and
1946 666 226 45 Lawyers

255 727 320 48 co-operative
606 728 106 46 pub.
745 738 67 28 co.

183 827 336 67 Michelson,
551 828 255 65 Miriam,
840 830 169 52 1870-

254 917 1824 70 The wonderlode of silver and gold, by Miriam Michelson …
185 998 232 66 Boston,
453 997 188 67 Mass.,
677 998 120 52 The
837 997 297 55 Stratford
1173 1014 275 50 company
1492 997 191 65 [c1934]

255 1054 1296 65 4 p. l., 347, [1] p. plates (1 fold.) ports. 1 9 ½ cm.
258 1127 373 49 Bibliography:
662 1138 41 37 p.
752 1126 99 50 [348]

190 1181 50 50 ©
267 1186 112 46 May
405 1185 67 46 11,
498 1184 114 40 1934;
664 1184 67 39 2c.
758 1184 114 47 May
895 1185 55 37 14;
1005 1183 82 40 aff.
1114 1184 112 47 May
1250 1183 55 39 16;
1360 1184 40 37 A
1427 1182 140 40 71645;
1628 1182 249 40 Stratford
1904 1192 66 30 co.,
2011 1182 159 47 pubrs.

265 1241 278 47 (34-13705)

181 1343 263 62 Morand,
474 1344 163 60 Paul,
670 1349 169 48 1888-

359 1430 1472 69 … France la doulce … [Paris] Gallimard [ 1934]
258 1502 841 51 3 p. l., 9-221, [1] p., 1 l. 18½cm.
276 1560 1896 50 “On trouvera ici les mésaventures d’une traite … [Son] itinéraire
188 1617 1965 105 décrit la jungle financière de certains milieux cinématographiques, qualifiés … de français.”—p. 9.
189 1731 54 52 ©
272 1737 107 37 Mar
420 1737 38 38 1.
491 1734 113 40 1934;
723 1767 7 7 1c.
761 1735 111 46 Apr.
905 1734 25 39 6;
990 1734 100 38 A-
1092 1733 204 48 Foreign
1327 1733 143 40 24391;
1532 1733 239 41 Librairie
1807 1734 282 41 Gallimard.

266 1791 277 48 (34-14894)

181 1892 121 54 The
336 1891 319 64 Municipal
689 1910 134 50 year
862 1892 169 66 book;
1072 1911 70 33 an
1180 1892 407 53 authoritative
1625 1896 215 50 résumé
1875 1894 64 51 of
250 1895 1893 127 activities
405 1970 111 52 and
565 1969 301 55 statistical
916 1970 131 52 data
1098 1970 63 51 of
1208 1971 305 52 American
1562 1971 173 52 cities.
1813 1974 134 48 1934.
252 1970 1896 146 Chicago,
446 2047 421 53 International
907 2048 115 66 city
1059 2048 314 67 managers]
1416 2048 353 66 association,
1812 2051 134 49 1934.

257 2122 99 47 viii,
384 2121 84 39 256
496 2132 40 36 p.
593 2120 115 41 25cm.

187 2179 195 39 Editors
401 2189 7 27 :
438 2177 126 46 1934,
593 2177 48 40 C.
669 2178 52 38 E.
749 2177 186 47 Ridley,
965 2177 51 40 O.
1045 2177 49 39 F.
1123 2176 210 48 Xolting.

257 2235 100 39 The
401 2235 194 47 present
643 2232 297 49 publication
988 2243 110 37 may
1146 2234 53 40 be
1247 2233 280 42 considered
1575 2234 80 40 the
1703 2244 245 30 successor
1999 2238 46 36 to
2093 2235 78 40 the

184 2292 110 47 Gity
325 2300 231 37 manager
587 2290 239 47 yearbook
868 2289 276 48 (published
1177 2290 225 47 1914-33)
1445 2290 225 47 covering
1703 2301 26 29 a
1763 2300 129 30 more
1925 2290 246 40 extensive

187 2348 123 47 field,
354 2348 87 40 but
478 2351 84 36 not
604 2345 248 50 including
890 2348 81 39 the
1009 2347 311 49 proceedings
1363 2347 49 40 of
1453 2348 81 40 the
1578 2348 182 40 annual
1800 2347 281 41 conference
2123 2348 50 39 of

187 2404 81 42 the
299 2404 308 41 association.

260 2461 346 49 Bibliography
624 2471 9 30 :
669 2480 54 30 [v.
755 2461 39 48 1]
825 2471 42 37 p.
896 2458 214 42 243-254.

190 2515 50 51 ©
274 2520 113 46 May
417 2520 39 45 7,
490 2518 113 40 1934;
663 2518 65 39 2c.
763 2518 113 46 May
909 2518 25 38 7;
996 2515 79 41 aff.
1110 2518 117 46 May?
1255 2517 26 40 9;
1342 2519 40 37 A
1415 2519 141 39 72351;
1623 2520 223 39 Internatl.
1914 2519 97 48 city
256 2529 1899 94 manager’s
439 2585 126 30 assn.
636 2573 277 48 (34-27121)

183 2677 256 65 Mursell,
472 2678 200 53 James
705 2676 315 64 Lockhart,
1057 2680 169 49 1893-

253 2766 1918 70 Principles of education [by] James L. Mursell … New
186 2846 178 68 York,
385 2846 90 53 W.
499 2846 90 53 W.
615 2846 221 52 Norton
860 2847 44 49 &
928 2863 294 50 company,
1246 2845 107 54 inc.
1385 2850 190 64 [c1934]

253 2920 82 46 xii,
364 2919 84 41 505
472 2929 44 38 p.
576 2918 115 40 21cm.

255 2975 160 41 “First
444 2974 224 42 edition.”

190 3028 50 51 ©
267 3033 111 46 May
403 3032 69 45 21,
499 3030 112 41 1934;
665 3031 66 39 2c.
759 3032 93 38 and
879 3030 81 41 aff.
988 3031 113 46 May
1126 3031 54 38 24;
1235 3032 41 37 A
1301 3032 145 39 71756;
1500 3033 69 39 W.
1598 3034 71 39 W.
1697 3033 186 40 Norton
1910 3034 36 39 &
1973 3044 79 35 co.,
2081 3030 90 42 inc.

269 3087 277 49 (34-13905)

945 3167 11 12 *

183 3188 142 53 New
358 3189 160 51 York
553 3190 214 65 (State)
852 3189 182 66 Laws,
1065 3195 254 61 statutes,
1352 3198 98 45 etc.

256 3264 234 54 Cahill’s
526 3268 137 50 New
700 3266 160 52 York
896 3265 133 52 civil
1064 3266 261 67 practice.
1399 3272 133 48 1934
1568 3269 342 52 cumulative
183 3269 1962 142 supplement,
383 3344 329 67 containing
739 3343 94 52 the
861 3345 137 52 laws
1026 3345 231 51 enacted
1287 3351 57 45 at
1372 3346 93 51 the
1498 3349 151 53 1932.
1681 3350 130 50 1933
1847 3346 323 67 (including

183 3420 1963 301 the extraordinary sessions) and 1934 sessions of the Legislature and the changes made by the courts in the rules. Edited by Austin B. Griffin … Chicago, Callaghan and company, 1934.
258 3725 266 42 cover-title.
569 3726 47 46 ii,
647 3725 87 40 258
761 3737 41 36 p.
861 3726 115 39 26cm.

262 3783 115 39 This
401 3782 246 47 pamphlet
671 3783 40 38 is
737 3784 47 37 to
809 3782 55 39 be
888 3781 137 40 fitted
1049 3782 101 39 into
1175 3784 80 38 the
1279 3785 169 45 pocket
1474 3787 51 37 at
1549 3787 80 38 the
1655 3785 121 40 back
1802 3786 49 38 of
1876 3786 81 40 the
1982 3787 187 38 volume

189 3839 50 40 of
264 3839 80 40 the
371 3842 72 36 set
470 3844 47 34 to
545 3838 156 39 which
727 3837 38 40 it
792 3838 206 47 belongs.

192 3891 49 52 ©
268 3897 112 45 May
405 3894 67 47 29,
499 3894 137 40 1934;
665 3894 66 39 2c.
757 3894 94 39 and
877 3893 80 40 aff.
984 3893 125 40 June
1132 3896 27 36 4
1176 3905 8 28 :
1213 3895 39 37 A
1279 3894 140 40 72582;
1476 3896 269 48 Callaghan
1771 3898 37 39 &
1832 3907 66 30 co.
