2350 4296
1057 4003 131 50 1449

151 360 180 62 Abbe,
361 361 204 52 James
594 361 66 56 E.

214 437 30 51 I
284 436 365 69 photograph
688 436 206 54 Russia
956 438 32 50 [by]
1091 435 193 54 James
1322 436 66 52 E.
1429 435 189 66 Abbe;
1661 433 141 55 with
1842 438 64 50 80
143 435 1978 147 photographs

385 514 73 67 by
486 515 93 53 the
611 515 218 52 author.
907 516 137 52 New
1076 514 175 56 York,
1282 515 66 51 R.
1378 513 77 52 M.
1487 513 275 55 McBride
1792 515 44 50 &
1865 531 278 49 company

167 594 159 50 [ c 1934]
217 667 47 38 ix
293 676 56 38 p.,
378 668 23 37 1
467 698 7 13 l.,
503 666 172 42 18-324
704 678 40 37 p.
807 666 161 49 front,
1000 667 169 46 plates,
1200 667 147 46 ports.
1408 666 55 38 24
1467 668 43 21 cm
1518 698 7 7 .

217 723 160 40 “First
408 723 225 40 edition."

149 772 1996 55 © Oct. 11, 1934: 2c. Oct. 18: aff. Oct. 17; A 76602; J. E. Abbe, ℅ Robert
216 838 218 45 Lamont,
464 838 73 45 jr..
569 838 264 48 Larkspur.
866 838 97 40 Col.
1035 834 280 52 (34-36595).

147 912 314 55 American
499 914 215 53 federal
757 921 95 46 tax
891 919 248 62 reports:
1176 932 27 33 a
1243 914 333 51 convenient
1614 912 291 56 collection
1946 913 61 52 of
217 931 1905 127 unabridged

528 999 158 46 court
724 993 275 52 decisions
1037 991 150 52 from
1222 1009 166 48 every
1424 991 307 52 American
1766 995 378 50 court—state

216 1069 106 51 and
360 1067 420 57 federal—that
815 1072 99 51 has
947 1071 113 52 had
1093 1070 192 52 before
1322 1071 39 51 it
1399 1070 282 66 'problems
1715 1070 217 66 arising
1965 1070 179 51 under

214 1144 1905 136 the federal tax laws. v. 13 … Table of cases, cross-reference table and
705 1228 164 51 index
903 1228 266 67 covering
1202 1227 248 51 volumes
1491 1234 14 46 1
1543 1232 58 47 to
1637 1229 77 50 13.
1793 1226 137 52 New
1968 1227 175 54 York.

213 1303 451 60 Prentice-Hall,
694 1308 126 55 inc·.,
852 1309 148 51 1934.

214 1389 41 28 v.
285 1378 116 41 1428
424 1390 41 36 p.
522 1379 57 40 25½
611 1381 44 21 cm
662 1412 7 8 .

146 1431 50 52 ©
228 1436 100 40 Oct.
357 1436 68 47 15,
454 1435 114 40 1934;
625 1437 63 39 2c.
720 1439 94 37 and
844 1436 79 39 aff.
953 1437 116 38 Nov.
1098 1436 54 39 22;
1209 1437 38 37 A
1276 1435 144 41 78258;
1479 1437 135 40 West
1641 1436 108 48 pub.
1780 1447 65 28 co.
1933 1434 119 41 9331

142 1509 252 70 Balmer,
429 1514 225 65 Edwin,
689 1517 170 50 1883-

143 1587 1936 139 The golden hoard, by Edwin Balmer and Philip Wylie … New York, Frederick A.
964 1670 200 56 Stokes
1195 1688 296 49 company,
1525 1674 150 49 1934.

212 1741 553 50 4 p. l., 323 p. 19½ cm .
145 1797 50 52 ©
227 1803 117 39 Nov.
375 1802 37 41 1,
443 1800 139 41 1934:
616 1800 65 40 2c.
713 1803 95 39 and
839 1802 80 39 aff.
954 1802 116 40 Nov.
1103 1804 51 36 6:
1187 1801 44 49 A,
1255 1801 169 45 77110;
1460 1802 50 39 E.
1546 1800 209 45 Balmer,
263 1798 1862 101 Irvington-on-Hudson.
454 1859 54 38 N.

539 1859 66 39 Y..
634 1859 96 40 and
755 1859 162 47 Philip
944 1857 168 47 Wylie,
1141 1859 299 40 Hollywood.
1470 1858 146 40 Calif.

222 1915 279 48 (34-36553)

141 1988 238 69 Birney,
409 1991 301 67 Hoffman,
744 1995 171 49 1891-

211 2066 165 57 Grim
402 2068 268 69 journey:
699 2070 96 53 the
822 2075 157 64 story
1004 2070 62 52 of
1093 2069 93 53 the
1217 2069 339 55 adventures
1582 2070 64 52 of
1673 2071 94 51 the
1795 2068 346 68 emigrating

141 2166 279 52 company
450 2148 205 54 known
687 2168 58 34 as
774 2149 93 52 the
897 2150 234 52 Bonner
1160 2154 188 63 party,
1379 2149 203 65 which,
1612 2148 57 53 in
1704 2149 92 51 the
1824 2166 135 48 year
1991 2151 151 61 1846,

141 2228 219 54 crossed
390 2228 95 52 the
515 2227 188 68 plains
733 2226 148 54 from
913 2227 448 69 Independence,
1390 2227 289 67 Missouri,
1711 2233 56 46 to
1799 2224 341 57 California.

141 2304 161 56 With
348 2324 68 34 an
459 2311 237 49 account
742 2305 62 51 of
846 2306 146 52 their
1035 2305 304 70 sufferings
1383 2324 150 49 upon
1576 2307 94 52 the
1712 2305 186 53 desert
1939 2305 63 50 of
2043 2306 94 51 the

140 2381 177 58 Great
347 2385 125 55 Salt
502 2385 125 51 lake
658 2386 111 52 and
799 2384 149 53 their
975 2385 136 51 final
1139 2385 184 68 tragic
1352 2383 120 54 fate
1501 2385 162 52 when
1696 2403 170 48 many
1893 2383 244 54 suffered
142 2463 166 53 death
354 2482 68 34 on
464 2464 95 52 the
597 2463 353 54 headwaters

990 2464 62 52 of
1092 2463 93 53 the
1224 2463 253 54 Truckee
1519 2462 151 54 river
1711 2462 56 52 in
1811 2462 91 52 the
1946 2462 187 55 Sierra
139 2542 233 54 Nevada
397 2542 341 53 mountains.
816 2543 118 51 The
960 2541 290 54 narrative
1280 2540 150 54 from
1457 2543 91 50 the
1577 2542 110 66 lips
1715 2539 62 54 of
1804 2558 28 34 a
1861 2539 280 68 survivor,

141 2621 109 54 Mr.
291 2622 189 66 Eddy,
520 2622 111 51 late
672 2620 62 52 of
775 2619 241 68 Illinois,
1058 2620 125 54 who
1223 2620 105 52 lost
1370 2619 135 53 wife
1544 2620 111 52 and
1696 2618 256 54 children
1992 2621 74 65 by
2105 2637 31 34 a

141 2697 249 55 horrible
428 2699 137 53 fate,
605 2699 107 53 and
758 2699 124 51 who
921 2697 382 69 participated
1343 2699 53 52 in
1438 2699 94 51 the
1573 2715 188 37 rescue
1799 2696 63 52 of
1899 2696 88 54 his
2027 2698 112 53 late

140 2777 366 69 companions
560 2778 61 50 of
673 2778 93 51 the
819 2777 325 67 migration.
1222 2778 89 65 By
1362 2774 276 55 Hoffman
1696 2775 231 68 Birney.
2004 2777 137 50 New

141 2856 180 68 York,
346 2858 69 50 N.
446 2858 90 63 Y.,
562 2857 248 65 Minton,
838 2856 179 51 Balch
1044 2859 45 50 &
1117 2874 95 49 co.,
1243 2859 148 51 1934.

212 2928 99 47 viii,
341 2929 86 39 275
456 2939 41 36 p.
560 2928 53 40 19½
647 2931 43 21 cm
695 2960 8 8 .

213 2983 139 48 Maps
380 2995 60 29 on
469 2984 362 49 lining-papers.

213 3040 212 41 “Second
462 3040 330 48 impression.”

142 3096 50 52 ©
231 3101 100 39 Oct.
367 3099 69 47 26,
473 3099 140 40 1934:
651 3098 67 41 2c.
754 3099 118 39 Nov.
909 3100 23 38 5;
999 3099 81 40 aff.
1118 3099 114 40 Nov.
1272 3101 23 38 3:
1364 3100 39 37 A
1441 3099 140 39 77087;
1648 3099 59 41 H.
1746 3098 194 48 Birney,
209 3099 1914 106 Philadelphia.
489 3154 280 50 (34-36549)

138 3216 198 68 Bloch,
369 3220 258 52 Herbert
660 3219 218 63 Aaron,
914 3221 170 52 1904-

209 3294 119 55 The
380 3302 235 61 concept
665 3294 62 54 of
778 3314 104 34 our
933 3295 289 69 changing
1271 3297 292 65 loyalties;
1619 3314 70 34 an
1740 3296 401 67 introductory

138 3373 173 68 study
341 3374 122 53 into
498 3374 94 52 the
627 3378 203 49 nature
865 3373 63 53 of
962 3374 96 52 the
1091 3374 171 53 social
1298 3373 345 65 individual,
1676 3375 75 65 by
1786 3374 251 52 Herbert
2069 3374 71 53 A.

140 3450 196 69 Bloch,
467 3494 8 8 PH.
560 3493 8 8 D.
648 3450 138 53 New
832 3450 179 67 York,
1056 3449 301 55 Columbia
1400 3450 321 68 university
1764 3469 184 49 press;
139 3452 1979 141 London,
295 3529 66 52 P.
392 3528 57 54 S.
476 3528 163 67 King
666 3530 45 51 &
738 3544 118 50 son,
884 3528 122 65 ltd.,
1037 3530 149 50 1934.

209 3600 85 40 319
330 3611 41 37 p.
433 3601 154 47 diagr.
653 3598 54 42 23
712 3601 42 21 cm
761 3631 6 7 .
845 3599 298 48 (Half-title:
1182 3599 195 42 Studies
1413 3601 48 38 in
1500 3600 203 47 history,
1741 3602 267 40 economics
2045 3604 95 39 and

141 3657 157 48 public
322 3659 108 45 law,
455 3658 71 40 ed.
552 3658 60 46 by
638 3656 80 41 the
744 3655 204 49 Faculty
975 3657 50 39 of
1049 3655 217 49 political
1292 3657 185 41 science
1501 3656 52 41 of
1578 3654 252 45 Columbia
1853 3659 286 50 university,

141 3725 71 30 no.
243 3714 110 48 401)

210 3769 169 41 Issued
407 3770 104 40 also
537 3780 55 30 as
619 3769 152 42 thesis
810 3769 107 46 (PH.
978 3769 32 46 D.)
1047 3765 251 44 Columbia
1325 3769 289 47 university,
209 3827 374 48 Bibliography:
622 3838 42 36 p.
699 3823 218 42 306-314.

143 3879 53 54 ©
223 3885 115 47 Mar.
365 3885 40 39 5.
435 3883 140 41 1934:
607 3881 66 43 2c.
701 3883 92 39 and
825 3881 79 40 aff.
936 3881 114 47 July
1080 3882 81 46 12;
1194 3882 37 37 A
1263 3882 142 38 74197;
1465 3881 253 43 Columbia
1750 3886 127 38 univ.
1910 3897 149 36 press.

219 3941 280 47 (34-36571)
