<alto xmlns="http://www.loc.gov/standards/alto/ns-v3#" xmlns:xsi="http://www.w3.org/2001/XMLSchema-instance" xsi:schemaLocation="http://www.loc.gov/standards/alto/ns-v3# http://www.loc.gov/alto/v3/alto-3-0.xsd"><Description>
<MeasurementUnit>pixel</MeasurementUnit>
<sourceImageInformation>
<fileName>1934_v1_Part1.pdf</fileName>
</sourceImageInformation>
<OCRProcessing ID="IdOcr">
<ocrProcessingStep>
<processingDateTime>2019-01-10</processingDateTime>
<processingSoftware>
<softwareCreator>ABBYY</softwareCreator>
<softwareName>ABBYY Recognition Server</softwareName>
<softwareVersion>4.0</softwareVersion>
</processingSoftware>
</ocrProcessingStep>
</OCRProcessing>
</Description>
<Styles>
<ParagraphStyle ALIGN="Left" FIRSTLINE="0." ID="StyleId-FFFFFFFF-FFFF-FFFF-FFFF-FFFFFFFFFFFF-" LEFT="0." RIGHT="0." />
<ParagraphStyle ALIGN="Right" FIRSTLINE="0." ID="StyleId-521E1FC6-FE7E-43A4-90E6-A9B61626A263-" LEFT="0." LINESPACE="13.30000019" RIGHT="0." />
<ParagraphStyle ALIGN="Left" FIRSTLINE="-27." ID="StyleId-639B624E-F6F5-47B6-BB1D-34E64B53022F-" LEFT="0." LINESPACE="13.43999958" RIGHT="0." />
<ParagraphStyle ALIGN="Left" FIRSTLINE="0." ID="StyleId-100905F9-D385-406B-A5BD-ED5B8FD85431-" LEFT="0." RIGHT="0." />
<ParagraphStyle ALIGN="Left" FIRSTLINE="-27." ID="StyleId-7C9F9BA2-EF3A-4B7F-8486-CCC7B7F49B39-" LEFT="0." LINESPACE="18.71999931" RIGHT="0." />
<ParagraphStyle ALIGN="Block" FIRSTLINE="-27." ID="StyleId-350780E3-60F2-4605-88F5-BB54F9B87091-" LEFT="0." LINESPACE="18.71999931" RIGHT="0." />
<ParagraphStyle ALIGN="Left" FIRSTLINE="0." ID="StyleId-90B16C58-D795-4C77-9B89-30378C515D40-" LEFT="0." LINESPACE="14.39999962" RIGHT="0." />
<ParagraphStyle ALIGN="Right" FIRSTLINE="-27." ID="StyleId-17090E09-AFAF-4086-BD9B-4E99FAE6B057-" LEFT="0." LINESPACE="14.39999962" RIGHT="0." />
<ParagraphStyle ALIGN="Left" FIRSTLINE="-27." ID="StyleId-8B87B633-89DB-4D72-B1FC-26E4ABD680BC-" LEFT="0." LINESPACE="18.47999954" RIGHT="0." />
<ParagraphStyle ALIGN="Left" FIRSTLINE="0." ID="StyleId-42DA7417-CA90-4D71-A57B-06556C38D752-" LEFT="0." LINESPACE="13.30000019" RIGHT="0." />
<ParagraphStyle ALIGN="Block" FIRSTLINE="0." ID="StyleId-D8EE2A7E-42AE-4E35-98DB-F0F935637AA0-" LEFT="0." LINESPACE="6.599999905" RIGHT="0." />
<ParagraphStyle ALIGN="Left" FIRSTLINE="0." ID="StyleId-33CD3121-D4F5-43B6-BA96-6382D166E6B8-" LEFT="0." LINESPACE="15.5" RIGHT="0." />
<ParagraphStyle ALIGN="Block" FIRSTLINE="-21." ID="StyleId-1CE52AFA-C319-4DD9-B4B1-F0EBFA2B3F0B-" LEFT="0." LINESPACE="18.71999931" RIGHT="0." />
<ParagraphStyle ALIGN="Left" FIRSTLINE="0." ID="StyleId-B74F1B65-92F1-49C5-A5FA-D20442F031F2-" LEFT="0." LINESPACE="17.70006076" RIGHT="0." />
<ParagraphStyle ALIGN="Center" FIRSTLINE="0." ID="StyleId-79E2924A-215C-40B7-B577-7236BFBAA25E-" LEFT="0." LINESPACE="7.199999809" RIGHT="0." />
</Styles>
<Layout>
<Page HEIGHT="4196" ID="Page958" PHYSICAL_IMG_NR="958" WIDTH="2350">
<TopMargin HEIGHT="366" HPOS="0" VPOS="0" WIDTH="2350">
</TopMargin>
<LeftMargin HEIGHT="3584" HPOS="0" VPOS="366" WIDTH="232">
</LeftMargin>
<RightMargin HEIGHT="3584" HPOS="2288" VPOS="366" WIDTH="62">
</RightMargin>
<BottomMargin HEIGHT="246" HPOS="0" VPOS="3950" WIDTH="2350">
<TextBlock HEIGHT="60" HPOS="1173" ID="Page958_Block1" LANG="en-US" STYLEREFS="StyleId-D4643BCC-270E-47F6-B548-EDC254469842-" VPOS="3994" WIDTH="110">
<TextLine HEIGHT="48" HPOS="1179" VPOS="4000" WIDTH="98">
<String CONTENT="958" HEIGHT="48" HPOS="1179" VPOS="4000" WIDTH="98" />
</TextLine>
</TextBlock>
</BottomMargin>
<PrintSpace HEIGHT="3584" HPOS="232" VPOS="366" WIDTH="2056">
<TextBlock CS="1" HEIGHT="3584" HPOS="232" ID="Page958_Block2" LANG="en-US" STYLEREFS="StyleId-60824DF5-0CAC-474D-8C78-707C54D5456C-" VPOS="366" WIDTH="2056">
<TextLine CS="1" HEIGHT="54" HPOS="264" STYLEREFS="StyleId-C17DACF4-C312-4306-9F66-77D44C4BD404-" VPOS="372" WIDTH="746">
<String CONTENT="[Smith." CS="1" HEIGHT="54" HPOS="264" VPOS="372" WIDTH="213" />
<SP HEIGHT="51" HPOS="478" VPOS="374" WIDTH="29" />
<String CONTENT="Ernest" HEIGHT="52" HPOS="508" VPOS="374" WIDTH="217" />
<SP HEIGHT="53" HPOS="726" VPOS="373" WIDTH="26" />
<String CONTENT="Bramah]" CS="1" HEIGHT="52" HPOS="753" VPOS="373" WIDTH="257" />
</TextLine>
<TextLine CS="1" HEIGHT="66" HPOS="314" STYLEREFS="StyleId-2F2248E7-70CB-4820-80A9-60F39169BEA0-" VPOS="449" WIDTH="1911">
<String CONTENT="The" HEIGHT="52" HPOS="314" VPOS="450" WIDTH="119" />
<SP HEIGHT="52" HPOS="434" VPOS="450" WIDTH="28" />
<String CONTENT="bravo" HEIGHT="51" HPOS="463" VPOS="450" WIDTH="175" />
<SP HEIGHT="35" HPOS="639" VPOS="467" WIDTH="29" />
<String CONTENT="of" HEIGHT="53" HPOS="669" VPOS="449" WIDTH="62" />
<SP HEIGHT="52" HPOS="732" VPOS="449" WIDTH="29" />
<String CONTENT="London," HEIGHT="55" HPOS="762" VPOS="451" WIDTH="255" />
<SP HEIGHT="56" HPOS="1018" VPOS="450" WIDTH="28" />
<String CONTENT="by" CS="1" HEIGHT="51" HPOS="1047" VPOS="450" WIDTH="34" />
<SP HEIGHT="50" HPOS="1121" VPOS="451" WIDTH="34" />
<String CONTENT="Ernest" HEIGHT="50" HPOS="1156" VPOS="451" WIDTH="206" />
<SP HEIGHT="50" HPOS="1363" VPOS="450" WIDTH="29" />
<String CONTENT="Bramah" HEIGHT="50" HPOS="1393" VPOS="450" WIDTH="252" />
<SP HEIGHT="65" HPOS="1646" VPOS="450" WIDTH="35" />
<String CONTENT="[pseud.]" CS="1" HEIGHT="65" HPOS="1698" VPOS="449" WIDTH="212" />
<SP HEIGHT="64" HPOS="1911" VPOS="450" WIDTH="76" />
<String CONTENT="London" HEIGHT="52" HPOS="1988" VPOS="450" WIDTH="237" />
</TextLine>
<TextLine HEIGHT="67" HPOS="253" STYLEREFS="StyleId-2F2248E7-70CB-4820-80A9-60F39169BEA0-" VPOS="528" WIDTH="905">
<String CONTENT="[etc.]" HEIGHT="63" HPOS="253" VPOS="531" WIDTH="135" />
<SP HEIGHT="66" HPOS="389" VPOS="528" WIDTH="32" />
<String CONTENT="Cassell" HEIGHT="54" HPOS="422" VPOS="528" WIDTH="214" />
<SP HEIGHT="51" HPOS="637" VPOS="529" WIDTH="23" />
<String CONTENT="&amp;" HEIGHT="48" HPOS="661" VPOS="532" WIDTH="44" />
<SP HEIGHT="48" HPOS="706" VPOS="532" WIDTH="24" />
<String CONTENT="co.," HEIGHT="47" HPOS="731" VPOS="547" WIDTH="96" />
<SP HEIGHT="65" HPOS="828" VPOS="529" WIDTH="24" />
<String CONTENT="ltd." HEIGHT="52" HPOS="853" VPOS="529" WIDTH="101" />
<SP HEIGHT="32" HPOS="955" VPOS="563" WIDTH="32" />
<String CONTENT="[1934]" HEIGHT="63" HPOS="988" VPOS="532" WIDTH="170" />
</TextLine>
<TextLine CS="1" HEIGHT="50" HPOS="317" VPOS="598" WIDTH="653">
<String CONTENT="4" HEIGHT="37" HPOS="317" VPOS="602" WIDTH="27" />
<SP HEIGHT="45" HPOS="345" VPOS="602" WIDTH="25" />
<String CONTENT="p." HEIGHT="36" HPOS="371" VPOS="611" WIDTH="41" />
<SP HEIGHT="39" HPOS="413" VPOS="601" WIDTH="26" />
<String CONTENT="l.," CS="1" HEIGHT="8" HPOS="461" VPOS="632" WIDTH="7" />
<SP HEIGHT="41" HPOS="484" VPOS="600" WIDTH="26" />
<String CONTENT="310," HEIGHT="48" HPOS="511" VPOS="598" WIDTH="97" />
<SP HEIGHT="29" HPOS="609" VPOS="619" WIDTH="29" />
<String CONTENT="[1]" CS="1" HEIGHT="28" HPOS="684" VPOS="620" WIDTH="9" />
<SP HEIGHT="37" HPOS="694" VPOS="611" WIDTH="29" />
<String CONTENT="p." HEIGHT="36" HPOS="724" VPOS="611" WIDTH="41" />
<SP HEIGHT="39" HPOS="766" VPOS="601" WIDTH="60" />
<String CONTENT="19&#189;cm." CS="1" HEIGHT="40" HPOS="827" VPOS="600" WIDTH="143" />
</TextLine>
<TextLine CS="1" HEIGHT="50" HPOS="249" VPOS="654" WIDTH="1980">
<String CONTENT="&#169;" HEIGHT="50" HPOS="249" VPOS="654" WIDTH="50" />
<SP />
<String CONTENT="1c." CS="1" />
<SP />
<String CONTENT="July" HEIGHT="46" HPOS="419" VPOS="658" WIDTH="110" />
<SP HEIGHT="46" HPOS="530" VPOS="658" WIDTH="20" />
<String CONTENT="20," HEIGHT="46" HPOS="551" VPOS="657" WIDTH="68" />
<SP HEIGHT="45" HPOS="620" VPOS="658" WIDTH="22" />
<String CONTENT="1934;" CS="1" HEIGHT="40" HPOS="643" VPOS="657" WIDTH="114" />
<SP HEIGHT="46" HPOS="783" VPOS="658" WIDTH="25" />
<String CONTENT="A" HEIGHT="38" HPOS="809" VPOS="658" WIDTH="40" />
<SP HEIGHT="39" HPOS="850" VPOS="658" WIDTH="22" />
<String CONTENT="ad" HEIGHT="38" HPOS="873" VPOS="659" WIDTH="60" />
<SP HEIGHT="39" HPOS="934" VPOS="658" WIDTH="21" />
<String CONTENT="int." HEIGHT="39" HPOS="956" VPOS="658" WIDTH="86" />
<SP HEIGHT="38" HPOS="1043" VPOS="659" WIDTH="22" />
<String CONTENT="19171;" CS="1" HEIGHT="39" HPOS="1066" VPOS="658" WIDTH="139" />
<SP HEIGHT="36" HPOS="1233" VPOS="668" WIDTH="24" />
<String CONTENT="pubd." HEIGHT="47" HPOS="1258" VPOS="657" WIDTH="142" />
<SP HEIGHT="38" HPOS="1401" VPOS="658" WIDTH="22" />
<String CONTENT="May" HEIGHT="46" HPOS="1424" VPOS="658" WIDTH="113" />
<SP HEIGHT="47" HPOS="1538" VPOS="657" WIDTH="19" />
<String CONTENT="24;" CS="1" HEIGHT="38" HPOS="1558" VPOS="657" WIDTH="56" />
<SP HEIGHT="46" HPOS="1640" VPOS="657" WIDTH="25" />
<String CONTENT="E." HEIGHT="40" HPOS="1666" LANG="fi" VPOS="657" WIDTH="53" />
<SP HEIGHT="40" HPOS="1720" VPOS="657" WIDTH="23" />
<String CONTENT="B." HEIGHT="40" HPOS="1744" VPOS="657" WIDTH="53" />
<SP HEIGHT="41" HPOS="1798" VPOS="656" WIDTH="26" />
<String CONTENT="Smith," HEIGHT="47" HPOS="1825" VPOS="655" WIDTH="168" />
<SP HEIGHT="46" HPOS="1994" VPOS="656" WIDTH="23" />
<String CONTENT="London." HEIGHT="41" HPOS="2018" VPOS="656" WIDTH="211" />
</TextLine>
<TextLine HEIGHT="48" HPOS="329" VPOS="713" WIDTH="278">
<String CONTENT="(34-22032)" HEIGHT="48" HPOS="329" VPOS="713" WIDTH="278" />
</TextLine>
<TextLine HEIGHT="65" HPOS="242" STYLEREFS="StyleId-C17DACF4-C312-4306-9F66-77D44C4BD404-" VPOS="817" WIDTH="843">
<String CONTENT="Spencer," HEIGHT="64" HPOS="242" VPOS="818" WIDTH="270" />
<SP HEIGHT="63" HPOS="513" VPOS="819" WIDTH="32" />
<String CONTENT="Edward" HEIGHT="51" HPOS="546" VPOS="819" WIDTH="252" />
<SP HEIGHT="52" HPOS="799" VPOS="819" WIDTH="28" />
<String CONTENT="Whiton." HEIGHT="55" HPOS="828" VPOS="817" WIDTH="257" />
</TextLine>
<TextLine HEIGHT="69" HPOS="315" STYLEREFS="StyleId-2F2248E7-70CB-4820-80A9-60F39169BEA0-" VPOS="892" WIDTH="1915">
<String CONTENT="A" HEIGHT="52" HPOS="315" VPOS="894" WIDTH="54" />
<SP HEIGHT="52" HPOS="370" VPOS="894" WIDTH="40" />
<String CONTENT="manual" HEIGHT="50" HPOS="411" VPOS="897" WIDTH="230" />
<SP HEIGHT="50" HPOS="642" VPOS="897" WIDTH="42" />
<String CONTENT="of" HEIGHT="53" HPOS="685" VPOS="894" WIDTH="63" />
<SP HEIGHT="53" HPOS="749" VPOS="894" WIDTH="42" />
<String CONTENT="commercial" HEIGHT="53" HPOS="792" VPOS="894" WIDTH="353" />
<SP HEIGHT="50" HPOS="1146" VPOS="896" WIDTH="39" />
<String CONTENT="law," HEIGHT="56" HPOS="1186" VPOS="896" WIDTH="128" />
<SP HEIGHT="40" HPOS="1315" VPOS="912" WIDTH="43" />
<String CONTENT="containing" HEIGHT="68" HPOS="1359" VPOS="893" WIDTH="330" />
<SP HEIGHT="49" HPOS="1690" VPOS="912" WIDTH="43" />
<String CONTENT="a" HEIGHT="33" HPOS="1734" VPOS="912" WIDTH="29" />
<SP HEIGHT="34" HPOS="1764" VPOS="911" WIDTH="46" />
<String CONTENT="clear," HEIGHT="66" HPOS="1811" VPOS="893" WIDTH="163" />
<SP HEIGHT="48" HPOS="1975" VPOS="911" WIDTH="41" />
<String CONTENT="concise" HEIGHT="52" HPOS="2017" VPOS="892" WIDTH="213" />
</TextLine>
<TextLine CS="1" HEIGHT="147" HPOS="246" STYLEREFS="StyleId-2F2248E7-70CB-4820-80A9-60F39169BEA0-" VPOS="971" WIDTH="1985">
<String CONTENT="and" HEIGHT="51" HPOS="246" VPOS="973" WIDTH="111" />
<SP HEIGHT="51" HPOS="358" VPOS="973" WIDTH="32" />
<String CONTENT="logical" HEIGHT="68" HPOS="391" VPOS="972" WIDTH="208" />
<SP HEIGHT="50" HPOS="600" VPOS="974" WIDTH="32" />
<String CONTENT="exposition" HEIGHT="66" HPOS="633" VPOS="973" WIDTH="320" />
<SP HEIGHT="33" HPOS="954" VPOS="992" WIDTH="33" />
<String CONTENT="of" HEIGHT="52" HPOS="988" VPOS="973" WIDTH="62" />
<SP HEIGHT="51" HPOS="1051" VPOS="973" WIDTH="30" />
<String CONTENT="the" HEIGHT="51" HPOS="1082" VPOS="973" WIDTH="94" />
<SP HEIGHT="33" HPOS="1177" VPOS="991" WIDTH="32" />
<String CONTENT="rules" HEIGHT="51" HPOS="1210" VPOS="973" WIDTH="149" />
<SP HEIGHT="34" HPOS="1360" VPOS="990" WIDTH="32" />
<String CONTENT="relating" HEIGHT="66" HPOS="1393" VPOS="972" WIDTH="248" />
<SP HEIGHT="62" HPOS="1642" VPOS="976" WIDTH="31" />
<String CONTENT="to" HEIGHT="47" HPOS="1674" VPOS="976" WIDTH="57" />
<SP HEIGHT="52" HPOS="1732" VPOS="971" WIDTH="32" />
<String CONTENT="business" HEIGHT="52" HPOS="1765" VPOS="971" WIDTH="251" />
<SP HEIGHT="48" HPOS="2017" VPOS="975" WIDTH="30" />
<String CONTENT="transactions" HEIGHT="127" HPOS="246" VPOS="975" WIDTH="1959" />
<SP HEIGHT="34" HPOS="461" VPOS="1068" WIDTH="25" />
<String CONTENT="and" HEIGHT="51" HPOS="487" VPOS="1050" WIDTH="111" />
<SP HEIGHT="53" HPOS="599" VPOS="1050" WIDTH="21" />
<String CONTENT="the" HEIGHT="53" HPOS="621" VPOS="1050" WIDTH="96" />
<SP HEIGHT="33" HPOS="718" VPOS="1069" WIDTH="23" />
<String CONTENT="management" HEIGHT="62" HPOS="742" VPOS="1056" WIDTH="396" />
<SP HEIGHT="47" HPOS="1139" VPOS="1056" WIDTH="24" />
<String CONTENT="of" HEIGHT="52" HPOS="1164" VPOS="1050" WIDTH="62" />
<SP HEIGHT="52" HPOS="1227" VPOS="1050" WIDTH="26" />
<String CONTENT="affairs," HEIGHT="68" HPOS="1254" VPOS="1048" WIDTH="211" />
<SP HEIGHT="66" HPOS="1466" VPOS="1050" WIDTH="24" />
<String CONTENT="by" HEIGHT="67" HPOS="1491" VPOS="1050" WIDTH="75" />
<SP HEIGHT="68" HPOS="1567" VPOS="1049" WIDTH="23" />
<String CONTENT="Edward" HEIGHT="52" HPOS="1591" VPOS="1049" WIDTH="254" />
<SP HEIGHT="54" HPOS="1846" VPOS="1049" WIDTH="22" />
<String CONTENT="W." HEIGHT="53" HPOS="1869" VPOS="1050" WIDTH="89" />
<SP HEIGHT="54" HPOS="1959" VPOS="1049" WIDTH="26" />
<String CONTENT="Spencer" HEIGHT="67" HPOS="1986" VPOS="1049" WIDTH="245" />
</TextLine>
<TextLine CS="1" HEIGHT="69" HPOS="382" STYLEREFS="StyleId-2F2248E7-70CB-4820-80A9-60F39169BEA0-" VPOS="1127" WIDTH="1848">
<String CONTENT="&#8230;" CS="1" />
<SP />
<String CONTENT="4th" HEIGHT="50" HPOS="382" VPOS="1129" WIDTH="99" />
<SP HEIGHT="51" HPOS="482" VPOS="1129" WIDTH="32" />
<String CONTENT="ed." HEIGHT="52" HPOS="515" VPOS="1128" WIDTH="84" />
<SP HEIGHT="51" HPOS="600" VPOS="1129" WIDTH="70" />
<String CONTENT="Indianapolis," HEIGHT="68" HPOS="671" VPOS="1128" WIDTH="415" />
<SP HEIGHT="67" HPOS="1087" VPOS="1129" WIDTH="32" />
<String CONTENT="The" HEIGHT="52" HPOS="1120" VPOS="1128" WIDTH="119" />
<SP HEIGHT="50" HPOS="1240" VPOS="1129" WIDTH="34" />
<String CONTENT="Bobbs-Merrill" HEIGHT="52" HPOS="1275" VPOS="1127" WIDTH="441" />
<SP HEIGHT="50" HPOS="1717" VPOS="1129" WIDTH="32" />
<String CONTENT="company," HEIGHT="50" HPOS="1750" VPOS="1145" WIDTH="294" />
<SP HEIGHT="63" HPOS="2045" VPOS="1131" WIDTH="34" />
<String CONTENT="1934." HEIGHT="49" HPOS="2080" VPOS="1130" WIDTH="150" />
</TextLine>
<TextLine CS="1" HEIGHT="49" HPOS="316" VPOS="1198" WIDTH="717">
<String CONTENT="xviii," HEIGHT="49" HPOS="316" VPOS="1198" WIDTH="134" />
<SP HEIGHT="45" HPOS="451" VPOS="1202" WIDTH="32" />
<String CONTENT="736" HEIGHT="39" HPOS="484" VPOS="1201" WIDTH="85" />
<SP HEIGHT="46" HPOS="570" VPOS="1201" WIDTH="28" />
<String CONTENT="p." HEIGHT="36" HPOS="599" VPOS="1211" WIDTH="40" />
<SP HEIGHT="38" HPOS="640" VPOS="1201" WIDTH="61" />
<String CONTENT="illus." HEIGHT="40" HPOS="702" VPOS="1201" WIDTH="127" />
<SP HEIGHT="40" HPOS="830" VPOS="1201" WIDTH="58" />
<String CONTENT="23&#189;cm." CS="1" HEIGHT="40" HPOS="889" VPOS="1201" WIDTH="144" />
</TextLine>
<TextLine CS="1" HEIGHT="51" HPOS="247" VPOS="1254" WIDTH="1817">
<String CONTENT="&#169;" HEIGHT="51" HPOS="247" VPOS="1254" WIDTH="51" />
<SP HEIGHT="51" HPOS="299" VPOS="1254" WIDTH="30" />
<String CONTENT="July" HEIGHT="47" HPOS="330" VPOS="1258" WIDTH="115" />
<SP HEIGHT="45" HPOS="446" VPOS="1260" WIDTH="25" />
<String CONTENT="10," HEIGHT="47" HPOS="472" VPOS="1257" WIDTH="68" />
<SP HEIGHT="45" HPOS="541" VPOS="1259" WIDTH="27" />
<String CONTENT="1934;" CS="1" HEIGHT="40" HPOS="569" VPOS="1258" WIDTH="112" />
<SP HEIGHT="45" HPOS="709" VPOS="1259" WIDTH="30" />
<String CONTENT="2c." HEIGHT="39" HPOS="740" VPOS="1259" WIDTH="64" />
<SP HEIGHT="29" HPOS="805" VPOS="1269" WIDTH="30" />
<String CONTENT="and" HEIGHT="37" HPOS="836" VPOS="1261" WIDTH="94" />
<SP HEIGHT="37" HPOS="931" VPOS="1261" WIDTH="27" />
<String CONTENT="aff." HEIGHT="40" HPOS="959" VPOS="1258" WIDTH="80" />
<SP HEIGHT="39" HPOS="1040" VPOS="1259" WIDTH="30" />
<String CONTENT="July" HEIGHT="46" HPOS="1071" VPOS="1259" WIDTH="115" />
<SP HEIGHT="46" HPOS="1187" VPOS="1259" WIDTH="26" />
<String CONTENT="16;" HEIGHT="46" HPOS="1214" VPOS="1258" WIDTH="81" />
<SP HEIGHT="46" HPOS="1296" VPOS="1258" WIDTH="31" />
<String CONTENT="A" HEIGHT="38" HPOS="1328" VPOS="1258" WIDTH="41" />
<SP HEIGHT="39" HPOS="1370" VPOS="1258" WIDTH="27" />
<String CONTENT="73471;" HEIGHT="46" HPOS="1398" VPOS="1258" WIDTH="169" />
<SP HEIGHT="46" HPOS="1568" VPOS="1258" WIDTH="31" />
<String CONTENT="Bobbs-Merrill" HEIGHT="40" HPOS="1600" VPOS="1258" WIDTH="367" />
<SP HEIGHT="38" HPOS="1968" VPOS="1260" WIDTH="28" />
<String CONTENT="co." HEIGHT="30" HPOS="1997" VPOS="1268" WIDTH="67" />
</TextLine>
<TextLine HEIGHT="48" HPOS="329" VPOS="1314" WIDTH="278">
<String CONTENT="(34-21666)" HEIGHT="48" HPOS="329" VPOS="1314" WIDTH="278" />
</TextLine>
<TextLine HEIGHT="67" HPOS="239" STYLEREFS="StyleId-C17DACF4-C312-4306-9F66-77D44C4BD404-" VPOS="1417" WIDTH="1050">
<String CONTENT="Stabler," HEIGHT="67" HPOS="239" VPOS="1417" WIDTH="251" />
<SP HEIGHT="63" HPOS="491" VPOS="1421" WIDTH="33" />
<String CONTENT="Charles" HEIGHT="54" HPOS="525" VPOS="1419" WIDTH="245" />
<SP HEIGHT="52" HPOS="771" VPOS="1420" WIDTH="28" />
<String CONTENT="Norman," HEIGHT="64" HPOS="800" VPOS="1420" WIDTH="283" />
<SP HEIGHT="60" HPOS="1084" VPOS="1424" WIDTH="35" />
<String CONTENT="1901-" HEIGHT="49" HPOS="1120" VPOS="1422" WIDTH="169" />
</TextLine>
<TextLine CS="1" HEIGHT="68" HPOS="314" STYLEREFS="StyleId-2F2248E7-70CB-4820-80A9-60F39169BEA0-" VPOS="1496" WIDTH="1917">
<String CONTENT="The" HEIGHT="51" HPOS="314" VPOS="1497" WIDTH="121" />
<SP HEIGHT="52" HPOS="436" VPOS="1496" WIDTH="25" />
<String CONTENT="financial" HEIGHT="53" HPOS="462" VPOS="1496" WIDTH="268" />
<SP HEIGHT="50" HPOS="731" VPOS="1499" WIDTH="25" />
<String CONTENT="section" HEIGHT="52" HPOS="757" VPOS="1497" WIDTH="210" />
<SP HEIGHT="33" HPOS="968" VPOS="1516" WIDTH="30" />
<String CONTENT="of" HEIGHT="52" HPOS="999" VPOS="1497" WIDTH="62" />
<SP HEIGHT="52" HPOS="1062" VPOS="1497" WIDTH="29" />
<String CONTENT="a" HEIGHT="33" HPOS="1092" VPOS="1516" WIDTH="29" />
<SP HEIGHT="33" HPOS="1122" VPOS="1516" WIDTH="27" />
<String CONTENT="newspaper," HEIGHT="49" HPOS="1150" VPOS="1515" WIDTH="348" />
<SP HEIGHT="66" HPOS="1499" VPOS="1497" WIDTH="26" />
<String CONTENT="by" HEIGHT="67" HPOS="1526" VPOS="1497" WIDTH="75" />
<SP HEIGHT="68" HPOS="1602" VPOS="1496" WIDTH="26" />
<String CONTENT="C." HEIGHT="55" HPOS="1629" VPOS="1496" WIDTH="63" />
<SP HEIGHT="52" HPOS="1693" VPOS="1496" WIDTH="26" />
<String CONTENT="Norman" HEIGHT="52" HPOS="1720" VPOS="1496" WIDTH="256" />
<SP HEIGHT="54" HPOS="1977" VPOS="1496" WIDTH="29" />
<String CONTENT="Stabler" HEIGHT="54" HPOS="2007" VPOS="1496" WIDTH="224" />
</TextLine>
<TextLine CS="1" HEIGHT="68" HPOS="372" STYLEREFS="StyleId-2F2248E7-70CB-4820-80A9-60F39169BEA0-" VPOS="1574" WIDTH="1048">
<String CONTENT="&#8230;" CS="1" />
<SP />
<String CONTENT="New" HEIGHT="52" HPOS="372" VPOS="1575" WIDTH="140" />
<SP HEIGHT="51" HPOS="513" VPOS="1575" WIDTH="27" />
<String CONTENT="York," HEIGHT="68" HPOS="541" VPOS="1574" WIDTH="178" />
<SP HEIGHT="68" HPOS="720" VPOS="1574" WIDTH="28" />
<String CONTENT="Herald" HEIGHT="53" HPOS="749" VPOS="1574" WIDTH="220" />
<SP HEIGHT="51" HPOS="970" VPOS="1576" WIDTH="26" />
<String CONTENT="tribune," HEIGHT="67" HPOS="997" VPOS="1574" WIDTH="243" />
<SP HEIGHT="63" HPOS="1241" VPOS="1578" WIDTH="28" />
<String CONTENT="1933." HEIGHT="49" HPOS="1270" VPOS="1578" WIDTH="150" />
</TextLine>
<TextLine HEIGHT="48" HPOS="317" VPOS="1646" WIDTH="542">
<String CONTENT="54" HEIGHT="39" HPOS="317" VPOS="1646" WIDTH="55" />
<SP HEIGHT="47" HPOS="373" VPOS="1647" WIDTH="28" />
<String CONTENT="p." HEIGHT="37" HPOS="402" VPOS="1657" WIDTH="43" />
<SP HEIGHT="40" HPOS="446" VPOS="1648" WIDTH="58" />
<String CONTENT="diagrs." HEIGHT="47" HPOS="505" VPOS="1647" WIDTH="177" />
<SP HEIGHT="38" HPOS="683" VPOS="1648" WIDTH="59" />
<String CONTENT="26cm." HEIGHT="40" HPOS="743" VPOS="1648" WIDTH="116" />
</TextLine>
<TextLine HEIGHT="52" HPOS="248" VPOS="1701" WIDTH="1985">
<String CONTENT="&#169;" HEIGHT="50" HPOS="248" VPOS="1701" WIDTH="50" />
<SP HEIGHT="50" HPOS="299" VPOS="1701" WIDTH="37" />
<String CONTENT="Dec." HEIGHT="39" HPOS="337" VPOS="1706" WIDTH="107" />
<SP HEIGHT="38" HPOS="445" VPOS="1706" WIDTH="37" />
<String CONTENT="7," HEIGHT="46" HPOS="483" VPOS="1706" WIDTH="37" />
<SP HEIGHT="45" HPOS="521" VPOS="1707" WIDTH="34" />
<String CONTENT="1933;" HEIGHT="46" HPOS="556" VPOS="1705" WIDTH="139" />
<SP HEIGHT="46" HPOS="696" VPOS="1705" WIDTH="37" />
<String CONTENT="2c." HEIGHT="40" HPOS="734" VPOS="1705" WIDTH="65" />
<SP HEIGHT="39" HPOS="800" VPOS="1706" WIDTH="36" />
<String CONTENT="June" HEIGHT="39" HPOS="837" VPOS="1706" WIDTH="126" />
<SP HEIGHT="39" HPOS="964" VPOS="1706" WIDTH="32" />
<String CONTENT="25," HEIGHT="45" HPOS="997" VPOS="1706" WIDTH="68" />
<SP HEIGHT="44" HPOS="1066" VPOS="1707" WIDTH="35" />
<String CONTENT="1934;" HEIGHT="47" HPOS="1102" VPOS="1704" WIDTH="139" />
<SP HEIGHT="35" HPOS="1242" VPOS="1716" WIDTH="37" />
<String CONTENT="aff." HEIGHT="40" HPOS="1280" VPOS="1705" WIDTH="81" />
<SP HEIGHT="39" HPOS="1362" VPOS="1706" WIDTH="35" />
<String CONTENT="July" HEIGHT="47" HPOS="1398" VPOS="1706" WIDTH="114" />
<SP HEIGHT="47" HPOS="1513" VPOS="1706" WIDTH="33" />
<String CONTENT="21;" HEIGHT="46" HPOS="1547" VPOS="1706" WIDTH="81" />
<SP HEIGHT="47" HPOS="1629" VPOS="1705" WIDTH="37" />
<String CONTENT="A" HEIGHT="39" HPOS="1667" VPOS="1705" WIDTH="40" />
<SP HEIGHT="40" HPOS="1708" VPOS="1705" WIDTH="34" />
<String CONTENT="74295;" HEIGHT="46" HPOS="1743" VPOS="1705" WIDTH="168" />
<SP HEIGHT="45" HPOS="1912" VPOS="1706" WIDTH="39" />
<String CONTENT="New" HEIGHT="38" HPOS="1952" VPOS="1706" WIDTH="116" />
<SP HEIGHT="37" HPOS="2069" VPOS="1707" WIDTH="32" />
<String CONTENT="York" HEIGHT="38" HPOS="2102" VPOS="1707" WIDTH="131" />
</TextLine>
<TextLine HEIGHT="48" HPOS="318" VPOS="1762" WIDTH="999">
<String CONTENT="tribune," HEIGHT="46" HPOS="318" VPOS="1762" WIDTH="204" />
<SP HEIGHT="46" HPOS="523" VPOS="1762" WIDTH="26" />
<String CONTENT="inc.," HEIGHT="47" HPOS="550" VPOS="1762" WIDTH="103" />
<SP HEIGHT="46" HPOS="654" VPOS="1763" WIDTH="27" />
<String CONTENT="New" HEIGHT="38" HPOS="682" VPOS="1763" WIDTH="116" />
<SP HEIGHT="38" HPOS="799" VPOS="1763" WIDTH="24" />
<String CONTENT="York." HEIGHT="38" HPOS="824" VPOS="1763" WIDTH="144" />
<SP HEIGHT="47" HPOS="969" VPOS="1762" WIDTH="70" />
<String CONTENT="(34-21668)" HEIGHT="48" HPOS="1040" VPOS="1762" WIDTH="277" />
</TextLine>
<TextLine HEIGHT="64" HPOS="239" STYLEREFS="StyleId-C17DACF4-C312-4306-9F66-77D44C4BD404-" VPOS="1865" WIDTH="786">
<String CONTENT="Taylor," HEIGHT="64" HPOS="239" VPOS="1865" WIDTH="230" />
<SP HEIGHT="62" HPOS="470" VPOS="1866" WIDTH="28" />
<String CONTENT="Phoebe" HEIGHT="54" HPOS="499" VPOS="1866" WIDTH="232" />
<SP HEIGHT="54" HPOS="732" VPOS="1866" WIDTH="26" />
<String CONTENT="Atwood." HEIGHT="55" HPOS="759" VPOS="1866" WIDTH="266" />
</TextLine>
<TextLine CS="1" HEIGHT="69" HPOS="419" STYLEREFS="StyleId-2F2248E7-70CB-4820-80A9-60F39169BEA0-" VPOS="1941" WIDTH="1812">
<String CONTENT="&#8230;" CS="1" />
<SP />
<String CONTENT="Sandbar" HEIGHT="55" HPOS="419" VPOS="1941" WIDTH="261" />
<SP HEIGHT="32" HPOS="681" VPOS="1962" WIDTH="38" />
<String CONTENT="sinister;" HEIGHT="68" HPOS="720" VPOS="1941" WIDTH="253" />
<SP HEIGHT="48" HPOS="974" VPOS="1961" WIDTH="42" />
<String CONTENT="an" HEIGHT="33" HPOS="1017" VPOS="1961" WIDTH="71" />
<SP HEIGHT="52" HPOS="1089" VPOS="1942" WIDTH="38" />
<String CONTENT="Asey" CS="1" HEIGHT="52" HPOS="1128" LANG="fi" VPOS="1942" WIDTH="112" />
<SP HEIGHT="51" HPOS="1280" VPOS="1942" WIDTH="39" />
<String CONTENT="Mayo" HEIGHT="68" HPOS="1320" VPOS="1942" WIDTH="173" />
<SP HEIGHT="33" HPOS="1494" VPOS="1961" WIDTH="38" />
<String CONTENT="mystery." HEIGHT="64" HPOS="1533" VPOS="1946" WIDTH="266" />
<SP HEIGHT="51" HPOS="1800" VPOS="1943" WIDTH="74" />
<String CONTENT="New" HEIGHT="52" HPOS="1875" VPOS="1943" WIDTH="137" />
<SP HEIGHT="51" HPOS="2013" VPOS="1944" WIDTH="38" />
<String CONTENT="York," HEIGHT="66" HPOS="2052" VPOS="1943" WIDTH="179" />
</TextLine>
<TextLine HEIGHT="67" HPOS="241" STYLEREFS="StyleId-2F2248E7-70CB-4820-80A9-60F39169BEA0-" VPOS="2019" WIDTH="1212">
<String CONTENT="W." HEIGHT="52" HPOS="241" VPOS="2021" WIDTH="86" />
<SP HEIGHT="52" HPOS="328" VPOS="2021" WIDTH="27" />
<String CONTENT="W." HEIGHT="52" HPOS="356" VPOS="2021" WIDTH="89" />
<SP HEIGHT="51" HPOS="446" VPOS="2020" WIDTH="29" />
<String CONTENT="Norton" HEIGHT="52" HPOS="476" VPOS="2020" WIDTH="221" />
<SP HEIGHT="50" HPOS="698" VPOS="2022" WIDTH="26" />
<String CONTENT="&amp;" HEIGHT="50" HPOS="725" VPOS="2022" WIDTH="46" />
<SP HEIGHT="50" HPOS="772" VPOS="2022" WIDTH="26" />
<String CONTENT="company," HEIGHT="49" HPOS="799" VPOS="2037" WIDTH="295" />
<SP HEIGHT="60" HPOS="1095" VPOS="2019" WIDTH="26" />
<String CONTENT="inc." HEIGHT="53" HPOS="1122" VPOS="2019" WIDTH="105" />
<SP HEIGHT="33" HPOS="1228" VPOS="2053" WIDTH="34" />
<String CONTENT="[c1934]" HEIGHT="64" HPOS="1263" VPOS="2022" WIDTH="190" />
</TextLine>
<TextLine CS="1" HEIGHT="49" HPOS="311" VPOS="2093" WIDTH="371">
<String CONTENT="294" HEIGHT="40" HPOS="311" VPOS="2093" WIDTH="87" />
<SP HEIGHT="43" HPOS="399" VPOS="2099" WIDTH="33" />
<String CONTENT="p." HEIGHT="38" HPOS="433" VPOS="2104" WIDTH="43" />
<SP HEIGHT="41" HPOS="477" VPOS="2093" WIDTH="58" />
<String CONTENT="19&#189;cm." CS="1" HEIGHT="41" HPOS="536" VPOS="2093" WIDTH="146" />
</TextLine>
<TextLine HEIGHT="42" HPOS="314" VPOS="2149" WIDTH="426">
<String CONTENT="&#8220;First" HEIGHT="41" HPOS="314" VPOS="2150" WIDTH="162" />
<SP HEIGHT="39" HPOS="477" VPOS="2152" WIDTH="37" />
<String CONTENT="edition.&#8221;" HEIGHT="42" HPOS="515" VPOS="2149" WIDTH="225" />
</TextLine>
<TextLine CS="1" HEIGHT="52" HPOS="247" VPOS="2204" WIDTH="1119">
<String CONTENT="&#169;" HEIGHT="51" HPOS="247" VPOS="2204" WIDTH="51" />
<SP HEIGHT="51" HPOS="299" VPOS="2204" WIDTH="37" />
<String CONTENT="July" HEIGHT="47" HPOS="337" VPOS="2209" WIDTH="114" />
<SP HEIGHT="48" HPOS="452" VPOS="2208" WIDTH="36" />
<String CONTENT="26," HEIGHT="45" HPOS="489" VPOS="2208" WIDTH="69" />
<SP HEIGHT="44" HPOS="559" VPOS="2209" WIDTH="36" />
<String CONTENT="1934;" HEIGHT="39" HPOS="596" VPOS="2208" WIDTH="140" />
<SP HEIGHT="39" HPOS="737" VPOS="2208" WIDTH="37" />
<String CONTENT="2c." HEIGHT="40" HPOS="775" VPOS="2208" WIDTH="67" />
<SP HEIGHT="30" HPOS="843" VPOS="2218" WIDTH="37" />
<String CONTENT="and" HEIGHT="38" HPOS="881" VPOS="2209" WIDTH="95" />
<SP HEIGHT="38" HPOS="977" VPOS="2209" WIDTH="35" />
<String CONTENT="aff." HEIGHT="41" HPOS="1013" VPOS="2207" WIDTH="81" />
<SP HEIGHT="40" HPOS="1095" VPOS="2208" WIDTH="37" />
<String CONTENT="July" HEIGHT="47" HPOS="1133" VPOS="2208" WIDTH="114" />
<SP HEIGHT="47" HPOS="1248" VPOS="2208" WIDTH="36" />
<String CONTENT="31;" HEIGHT="45" HPOS="1285" VPOS="2208" WIDTH="81" />
</TextLine>
<TextLine HEIGHT="46" HPOS="1408" VPOS="2208" WIDTH="826">
<String CONTENT="A" HEIGHT="38" HPOS="1408" VPOS="2208" WIDTH="40" />
<SP HEIGHT="40" HPOS="1449" VPOS="2208" WIDTH="37" />
<String CONTENT="73674;" HEIGHT="41" HPOS="1487" VPOS="2208" WIDTH="168" />
<SP HEIGHT="40" HPOS="1656" VPOS="2209" WIDTH="39" />
<String CONTENT="P." HEIGHT="38" HPOS="1696" VPOS="2209" WIDTH="51" />
<SP HEIGHT="39" HPOS="1748" VPOS="2208" WIDTH="37" />
<String CONTENT="A." HEIGHT="40" HPOS="1786" VPOS="2208" WIDTH="53" />
<SP HEIGHT="39" HPOS="1840" VPOS="2209" WIDTH="38" />
<String CONTENT="Taylor," HEIGHT="46" HPOS="1879" VPOS="2208" WIDTH="191" />
<SP HEIGHT="44" HPOS="2071" VPOS="2210" WIDTH="40" />
<String CONTENT="East" HEIGHT="38" HPOS="2112" VPOS="2210" WIDTH="122" />
</TextLine>
<TextLine HEIGHT="48" HPOS="319" VPOS="2264" WIDTH="722">
<String CONTENT="Boston," HEIGHT="45" HPOS="319" VPOS="2266" WIDTH="195" />
<SP HEIGHT="45" HPOS="515" VPOS="2266" WIDTH="29" />
<String CONTENT="Mass." HEIGHT="38" HPOS="545" VPOS="2266" WIDTH="144" />
<SP HEIGHT="47" HPOS="690" VPOS="2265" WIDTH="74" />
<String CONTENT="(34-21695)" HEIGHT="48" HPOS="765" VPOS="2264" WIDTH="276" />
</TextLine>
<TextLine HEIGHT="65" HPOS="240" STYLEREFS="StyleId-C17DACF4-C312-4306-9F66-77D44C4BD404-" VPOS="2366" WIDTH="1041">
<String CONTENT="Thompson," HEIGHT="65" HPOS="240" VPOS="2366" WIDTH="352" />
<SP HEIGHT="62" HPOS="593" VPOS="2369" WIDTH="32" />
<String CONTENT="Edward" HEIGHT="53" HPOS="626" VPOS="2369" WIDTH="251" />
<SP HEIGHT="54" HPOS="878" VPOS="2368" WIDTH="29" />
<String CONTENT="John," HEIGHT="63" HPOS="908" VPOS="2368" WIDTH="172" />
<SP HEIGHT="59" HPOS="1081" VPOS="2372" WIDTH="31" />
<String CONTENT="1886-" HEIGHT="48" HPOS="1113" VPOS="2372" WIDTH="168" />
</TextLine>
<TextLine HEIGHT="70" HPOS="313" STYLEREFS="StyleId-2F2248E7-70CB-4820-80A9-60F39169BEA0-" VPOS="2443" WIDTH="1918">
<String CONTENT="Rise" HEIGHT="54" HPOS="313" VPOS="2443" WIDTH="133" />
<SP HEIGHT="34" HPOS="447" VPOS="2462" WIDTH="40" />
<String CONTENT="and" HEIGHT="51" HPOS="488" VPOS="2445" WIDTH="112" />
<SP HEIGHT="53" HPOS="601" VPOS="2443" WIDTH="42" />
<String CONTENT="fulfilment" HEIGHT="53" HPOS="644" VPOS="2443" WIDTH="310" />
<SP HEIGHT="47" HPOS="955" VPOS="2449" WIDTH="40" />
<String CONTENT="of" HEIGHT="53" HPOS="996" VPOS="2443" WIDTH="62" />
<SP HEIGHT="53" HPOS="1059" VPOS="2443" WIDTH="41" />
<String CONTENT="British" HEIGHT="53" HPOS="1101" VPOS="2444" WIDTH="220" />
<SP HEIGHT="52" HPOS="1322" VPOS="2444" WIDTH="41" />
<String CONTENT="rule" HEIGHT="54" HPOS="1364" VPOS="2444" WIDTH="121" />
<SP HEIGHT="53" HPOS="1486" VPOS="2445" WIDTH="41" />
<String CONTENT="in" HEIGHT="52" HPOS="1528" VPOS="2445" WIDTH="59" />
<SP HEIGHT="53" HPOS="1588" VPOS="2444" WIDTH="40" />
<String CONTENT="India," HEIGHT="68" HPOS="1629" VPOS="2444" WIDTH="190" />
<SP HEIGHT="68" HPOS="1820" VPOS="2444" WIDTH="40" />
<String CONTENT="by" HEIGHT="69" HPOS="1861" VPOS="2444" WIDTH="74" />
<SP HEIGHT="69" HPOS="1936" VPOS="2444" WIDTH="42" />
<String CONTENT="Edward" HEIGHT="53" HPOS="1979" VPOS="2444" WIDTH="252" />
</TextLine>
<TextLine CS="1" HEIGHT="69" HPOS="244" STYLEREFS="StyleId-2F2248E7-70CB-4820-80A9-60F39169BEA0-" VPOS="2520" WIDTH="1987">
<String CONTENT="Thompson" HEIGHT="69" HPOS="244" VPOS="2520" WIDTH="328" />
<SP />
<String CONTENT="&#8230;" CS="1" />
<SP HEIGHT="33" HPOS="661" VPOS="2541" WIDTH="33" />
<String CONTENT="and" HEIGHT="52" HPOS="695" VPOS="2522" WIDTH="110" />
<SP HEIGHT="54" HPOS="806" VPOS="2521" WIDTH="27" />
<String CONTENT="G." HEIGHT="54" HPOS="834" LANG="fr" VPOS="2521" WIDTH="66" />
<SP HEIGHT="52" HPOS="901" VPOS="2522" WIDTH="30" />
<String CONTENT="T." HEIGHT="52" HPOS="932" VPOS="2522" WIDTH="64" />
<SP HEIGHT="54" HPOS="997" VPOS="2521" WIDTH="27" />
<String CONTENT="Garratt." HEIGHT="54" HPOS="1025" VPOS="2521" WIDTH="254" />
<SP HEIGHT="51" HPOS="1280" VPOS="2522" WIDTH="62" />
<String CONTENT="London," HEIGHT="66" HPOS="1343" VPOS="2522" WIDTH="256" />
<SP HEIGHT="66" HPOS="1600" VPOS="2522" WIDTH="28" />
<String CONTENT="Macmillan" HEIGHT="52" HPOS="1629" VPOS="2522" WIDTH="332" />
<SP HEIGHT="34" HPOS="1962" VPOS="2540" WIDTH="29" />
<String CONTENT="and" HEIGHT="51" HPOS="1992" VPOS="2523" WIDTH="112" />
<SP HEIGHT="52" HPOS="2105" VPOS="2523" WIDTH="29" />
<String CONTENT="co.," HEIGHT="47" HPOS="2135" VPOS="2539" WIDTH="96" />
</TextLine>
<TextLine HEIGHT="68" HPOS="243" STYLEREFS="StyleId-2F2248E7-70CB-4820-80A9-60F39169BEA0-" VPOS="2598" WIDTH="424">
<String CONTENT="limited," HEIGHT="68" HPOS="243" VPOS="2598" WIDTH="239" />
<SP HEIGHT="62" HPOS="483" VPOS="2604" WIDTH="34" />
<String CONTENT="1934." HEIGHT="50" HPOS="518" VPOS="2602" WIDTH="149" />
</TextLine>
<TextLine HEIGHT="48" HPOS="313" VPOS="2671" WIDTH="978">
<String CONTENT="xii." HEIGHT="39" HPOS="313" VPOS="2671" WIDTH="83" />
<SP HEIGHT="40" HPOS="397" VPOS="2672" WIDTH="27" />
<String CONTENT="690" HEIGHT="40" HPOS="425" VPOS="2672" WIDTH="85" />
<SP HEIGHT="47" HPOS="511" VPOS="2672" WIDTH="25" />
<String CONTENT="p." HEIGHT="37" HPOS="537" VPOS="2682" WIDTH="42" />
<SP HEIGHT="30" HPOS="580" VPOS="2682" WIDTH="54" />
<String CONTENT="maps" HEIGHT="37" HPOS="635" VPOS="2681" WIDTH="135" />
<SP HEIGHT="47" HPOS="771" VPOS="2672" WIDTH="38" />
<String CONTENT="(part" HEIGHT="47" HPOS="810" VPOS="2672" WIDTH="133" />
<SP HEIGHT="40" HPOS="944" VPOS="2672" WIDTH="24" />
<String CONTENT="fold.)" HEIGHT="43" HPOS="969" VPOS="2672" WIDTH="142" />
<SP HEIGHT="44" HPOS="1112" VPOS="2671" WIDTH="63" />
<String CONTENT="23cm." HEIGHT="40" HPOS="1176" VPOS="2671" WIDTH="115" />
</TextLine>
<TextLine HEIGHT="49" HPOS="316" VPOS="2726" WIDTH="948">
<String CONTENT="&#8220;Bibliographical" HEIGHT="48" HPOS="316" VPOS="2727" WIDTH="433" />
<SP HEIGHT="38" HPOS="750" VPOS="2729" WIDTH="29" />
<String CONTENT="note&#8221;" HEIGHT="41" HPOS="780" VPOS="2727" WIDTH="139" />
<SP HEIGHT="40" HPOS="920" VPOS="2727" WIDTH="17" />
<String CONTENT=":" HEIGHT="28" HPOS="938" VPOS="2739" WIDTH="8" />
<SP HEIGHT="37" HPOS="947" VPOS="2738" WIDTH="29" />
<String CONTENT="p." HEIGHT="37" HPOS="977" VPOS="2738" WIDTH="44" />
<SP HEIGHT="40" HPOS="1022" VPOS="2728" WIDTH="27" />
<String CONTENT="665-670." HEIGHT="41" HPOS="1050" VPOS="2726" WIDTH="214" />
</TextLine>
<TextLine CS="1" HEIGHT="52" HPOS="249" VPOS="2782" WIDTH="1981">
<String CONTENT="&#169;" HEIGHT="51" HPOS="249" VPOS="2782" WIDTH="51" />
<SP />
<String CONTENT="1c." CS="1" />
<SP />
<String CONTENT="July" HEIGHT="47" HPOS="420" VPOS="2787" WIDTH="115" />
<SP HEIGHT="47" HPOS="536" VPOS="2787" WIDTH="24" />
<String CONTENT="18," HEIGHT="47" HPOS="561" VPOS="2787" WIDTH="67" />
<SP HEIGHT="46" HPOS="629" VPOS="2788" WIDTH="27" />
<String CONTENT="1934;" HEIGHT="39" HPOS="657" VPOS="2787" WIDTH="139" />
<SP HEIGHT="38" HPOS="797" VPOS="2787" WIDTH="26" />
<String CONTENT="A" HEIGHT="38" HPOS="824" VPOS="2787" WIDTH="41" />
<SP HEIGHT="39" HPOS="866" VPOS="2787" WIDTH="24" />
<String CONTENT="ad" HEIGHT="38" HPOS="891" VPOS="2788" WIDTH="60" />
<SP HEIGHT="40" HPOS="952" VPOS="2786" WIDTH="25" />
<String CONTENT="int." HEIGHT="40" HPOS="978" VPOS="2786" WIDTH="85" />
<SP HEIGHT="7" HPOS="1064" VPOS="2819" WIDTH="26" />
<String CONTENT="19159;" HEIGHT="47" HPOS="1092" VPOS="2785" WIDTH="167" />
<SP HEIGHT="37" HPOS="1260" VPOS="2796" WIDTH="26" />
<String CONTENT="pubd." HEIGHT="46" HPOS="1287" VPOS="2787" WIDTH="142" />
<SP HEIGHT="37" HPOS="1430" VPOS="2788" WIDTH="28" />
<String CONTENT="May" HEIGHT="46" HPOS="1459" VPOS="2788" WIDTH="115" />
<SP HEIGHT="46" HPOS="1575" VPOS="2788" WIDTH="20" />
<String CONTENT="23;" HEIGHT="45" HPOS="1596" VPOS="2788" WIDTH="82" />
<SP HEIGHT="45" HPOS="1679" VPOS="2788" WIDTH="29" />
<String CONTENT="Edward" HEIGHT="39" HPOS="1709" VPOS="2788" WIDTH="209" />
<SP HEIGHT="40" HPOS="1919" VPOS="2787" WIDTH="25" />
<String CONTENT="Thompson," HEIGHT="46" HPOS="1945" VPOS="2787" WIDTH="285" />
</TextLine>
<TextLine HEIGHT="49" HPOS="316" VPOS="2843" WIDTH="1916">
<String CONTENT="Oxford," HEIGHT="47" HPOS="316" VPOS="2843" WIDTH="199" />
<SP HEIGHT="45" HPOS="516" VPOS="2845" WIDTH="28" />
<String CONTENT="England," HEIGHT="46" HPOS="545" VPOS="2845" WIDTH="235" />
<SP HEIGHT="35" HPOS="781" VPOS="2854" WIDTH="30" />
<String CONTENT="and" HEIGHT="37" HPOS="812" VPOS="2845" WIDTH="95" />
<SP HEIGHT="39" HPOS="908" VPOS="2843" WIDTH="28" />
<String CONTENT="Geoffrey" HEIGHT="46" HPOS="937" VPOS="2843" WIDTH="221" />
<SP HEIGHT="45" HPOS="1159" VPOS="2844" WIDTH="28" />
<String CONTENT="Theodore" HEIGHT="39" HPOS="1188" VPOS="2844" WIDTH="248" />
<SP HEIGHT="41" HPOS="1437" VPOS="2843" WIDTH="29" />
<String CONTENT="Garratt," HEIGHT="48" HPOS="1467" VPOS="2843" WIDTH="214" />
<SP HEIGHT="46" HPOS="1682" VPOS="2845" WIDTH="30" />
<String CONTENT="Teignmouth," HEIGHT="48" HPOS="1713" VPOS="2844" WIDTH="334" />
<SP HEIGHT="45" HPOS="2048" VPOS="2844" WIDTH="32" />
<String CONTENT="South" HEIGHT="40" HPOS="2081" VPOS="2844" WIDTH="151" />
</TextLine>
<TextLine HEIGHT="48" HPOS="313" VPOS="2900" WIDTH="800">
<String CONTENT="Devon," HEIGHT="46" HPOS="313" VPOS="2901" WIDTH="179" />
<SP HEIGHT="45" HPOS="493" VPOS="2902" WIDTH="33" />
<String CONTENT="England." HEIGHT="47" HPOS="527" VPOS="2901" WIDTH="233" />
<SP HEIGHT="45" HPOS="761" VPOS="2900" WIDTH="74" />
<String CONTENT="(34-21637)" HEIGHT="47" HPOS="836" VPOS="2900" WIDTH="277" />
</TextLine>
<TextLine HEIGHT="68" HPOS="239" STYLEREFS="StyleId-C17DACF4-C312-4306-9F66-77D44C4BD404-" VPOS="3000" WIDTH="1027">
<String CONTENT="Tiltman," HEIGHT="68" HPOS="239" VPOS="3000" WIDTH="275" />
<SP HEIGHT="64" HPOS="515" VPOS="3004" WIDTH="34" />
<String CONTENT="Hubert" HEIGHT="54" HPOS="550" VPOS="3003" WIDTH="229" />
<SP HEIGHT="52" HPOS="780" VPOS="3005" WIDTH="32" />
<String CONTENT="Hessell," HEIGHT="63" HPOS="813" VPOS="3004" WIDTH="246" />
<SP HEIGHT="58" HPOS="1060" VPOS="3009" WIDTH="35" />
<String CONTENT="1897-" HEIGHT="54" HPOS="1096" VPOS="3003" WIDTH="170" />
</TextLine>
<TextLine HEIGHT="67" HPOS="310" STYLEREFS="StyleId-2F2248E7-70CB-4820-80A9-60F39169BEA0-" VPOS="3081" WIDTH="1917">
<String CONTENT="Peasant" HEIGHT="52" HPOS="310" VPOS="3081" WIDTH="244" />
<SP HEIGHT="50" HPOS="555" VPOS="3083" WIDTH="30" />
<String CONTENT="Europe," HEIGHT="65" HPOS="586" VPOS="3083" WIDTH="246" />
<SP HEIGHT="65" HPOS="833" VPOS="3082" WIDTH="26" />
<String CONTENT="by" HEIGHT="66" HPOS="860" VPOS="3082" WIDTH="75" />
<SP HEIGHT="66" HPOS="936" VPOS="3082" WIDTH="24" />
<String CONTENT="H." HEIGHT="51" HPOS="961" VPOS="3082" WIDTH="76" />
<SP HEIGHT="51" HPOS="1038" VPOS="3082" WIDTH="28" />
<String CONTENT="Hessell" HEIGHT="51" HPOS="1067" VPOS="3082" WIDTH="223" />
<SP HEIGHT="52" HPOS="1291" VPOS="3082" WIDTH="28" />
<String CONTENT="Tiltman." HEIGHT="52" HPOS="1320" VPOS="3082" WIDTH="269" />
<SP HEIGHT="50" HPOS="1590" VPOS="3083" WIDTH="73" />
<String CONTENT="London," HEIGHT="65" HPOS="1664" VPOS="3082" WIDTH="255" />
<SP HEIGHT="64" HPOS="1920" VPOS="3083" WIDTH="27" />
<String CONTENT="Jarrolds," HEIGHT="55" HPOS="1948" VPOS="3082" WIDTH="279" />
</TextLine>
<TextLine HEIGHT="67" HPOS="247" STYLEREFS="StyleId-2F2248E7-70CB-4820-80A9-60F39169BEA0-" VPOS="3157" WIDTH="414">
<String CONTENT="limited," HEIGHT="67" HPOS="247" VPOS="3157" WIDTH="234" />
<SP HEIGHT="59" HPOS="482" VPOS="3165" WIDTH="31" />
<String CONTENT="1934." HEIGHT="49" HPOS="514" VPOS="3164" WIDTH="147" />
</TextLine>
<TextLine CS="1" HEIGHT="49" HPOS="317" VPOS="3231" WIDTH="1371">
<String CONTENT="X" HEIGHT="27" HPOS="317" VPOS="3241" WIDTH="32" />
<SP HEIGHT="47" HPOS="350" VPOS="3231" WIDTH="26" />
<String CONTENT="(i." HEIGHT="47" HPOS="377" VPOS="3231" WIDTH="51" />
<SP HEIGHT="29" HPOS="429" VPOS="3242" WIDTH="28" />
<String CONTENT="e." HEIGHT="29" HPOS="458" VPOS="3242" WIDTH="35" />
<SP HEIGHT="27" HPOS="494" VPOS="3243" WIDTH="27" />
<String CONTENT="xi)," HEIGHT="45" HPOS="522" VPOS="3232" WIDTH="97" />
<SP HEIGHT="44" HPOS="620" VPOS="3233" WIDTH="27" />
<String CONTENT="13-282" HEIGHT="40" HPOS="648" VPOS="3231" WIDTH="172" />
<SP HEIGHT="48" HPOS="821" VPOS="3232" WIDTH="25" />
<String CONTENT="p." HEIGHT="36" HPOS="847" VPOS="3244" WIDTH="42" />
<SP HEIGHT="40" HPOS="890" VPOS="3232" WIDTH="58" />
<String CONTENT="front.," HEIGHT="46" HPOS="949" VPOS="3232" WIDTH="161" />
<SP HEIGHT="37" HPOS="1111" VPOS="3242" WIDTH="27" />
<String CONTENT="plates," HEIGHT="47" HPOS="1139" VPOS="3232" WIDTH="168" />
<SP HEIGHT="36" HPOS="1308" VPOS="3243" WIDTH="27" />
<String CONTENT="ports." HEIGHT="45" HPOS="1336" VPOS="3234" WIDTH="147" />
<SP HEIGHT="39" HPOS="1484" VPOS="3232" WIDTH="58" />
<String CONTENT="23&#189;cm." CS="1" HEIGHT="40" HPOS="1543" VPOS="3232" WIDTH="145" />
</TextLine>
<TextLine HEIGHT="50" HPOS="316" VPOS="3286" WIDTH="614">
<String CONTENT="Maps" HEIGHT="47" HPOS="316" VPOS="3286" WIDTH="140" />
<SP HEIGHT="29" HPOS="457" VPOS="3299" WIDTH="26" />
<String CONTENT="on" HEIGHT="29" HPOS="484" VPOS="3299" WIDTH="59" />
<SP HEIGHT="38" HPOS="544" VPOS="3290" WIDTH="25" />
<String CONTENT="lining-papers." HEIGHT="47" HPOS="570" VPOS="3289" WIDTH="360" />
</TextLine>
<TextLine HEIGHT="49" HPOS="318" VPOS="3344" WIDTH="1188">
<String CONTENT="Error" HEIGHT="40" HPOS="318" VPOS="3344" WIDTH="151" />
<SP HEIGHT="38" HPOS="470" VPOS="3346" WIDTH="20" />
<String CONTENT="in" HEIGHT="38" HPOS="491" VPOS="3346" WIDTH="49" />
<SP HEIGHT="37" HPOS="541" VPOS="3354" WIDTH="21" />
<String CONTENT="paging" HEIGHT="47" HPOS="563" VPOS="3346" WIDTH="179" />
<SP HEIGHT="37" HPOS="743" VPOS="3356" WIDTH="14" />
<String CONTENT=":" HEIGHT="27" HPOS="758" VPOS="3357" WIDTH="8" />
<SP HEIGHT="36" HPOS="767" VPOS="3357" WIDTH="27" />
<String CONTENT="p." HEIGHT="36" HPOS="795" VPOS="3357" WIDTH="41" />
<SP HEIGHT="31" HPOS="837" VPOS="3357" WIDTH="24" />
<String CONTENT="xi" HEIGHT="39" HPOS="862" VPOS="3346" WIDTH="51" />
<SP HEIGHT="39" HPOS="914" VPOS="3346" WIDTH="24" />
<String CONTENT="wrongly" HEIGHT="47" HPOS="939" VPOS="3346" WIDTH="213" />
<SP HEIGHT="35" HPOS="1153" VPOS="3357" WIDTH="22" />
<String CONTENT="numbered" HEIGHT="39" HPOS="1176" VPOS="3346" WIDTH="261" />
<SP HEIGHT="37" HPOS="1438" VPOS="3348" WIDTH="22" />
<String CONTENT="x." HEIGHT="29" HPOS="1461" VPOS="3358" WIDTH="45" />
</TextLine>
<TextLine CS="1" HEIGHT="54" HPOS="247" VPOS="3398" WIDTH="1980">
<String CONTENT="&#169;" HEIGHT="51" HPOS="247" VPOS="3398" WIDTH="51" />
<SP />
<String CONTENT="1c." CS="1" />
<SP />
<String CONTENT="June" HEIGHT="39" HPOS="432" VPOS="3403" WIDTH="126" />
<SP HEIGHT="38" HPOS="559" VPOS="3404" WIDTH="31" />
<String CONTENT="23," HEIGHT="45" HPOS="591" VPOS="3404" WIDTH="68" />
<SP HEIGHT="44" HPOS="660" VPOS="3405" WIDTH="34" />
<String CONTENT="1934;" HEIGHT="46" HPOS="695" VPOS="3403" WIDTH="139" />
<SP HEIGHT="45" HPOS="835" VPOS="3404" WIDTH="35" />
<String CONTENT="A" HEIGHT="38" HPOS="871" VPOS="3404" WIDTH="40" />
<SP HEIGHT="39" HPOS="912" VPOS="3404" WIDTH="32" />
<String CONTENT="ad" HEIGHT="38" HPOS="945" VPOS="3405" WIDTH="61" />
<SP HEIGHT="39" HPOS="1007" VPOS="3404" WIDTH="32" />
<String CONTENT="int." HEIGHT="39" HPOS="1040" VPOS="3404" WIDTH="84" />
<SP HEIGHT="37" HPOS="1125" VPOS="3405" WIDTH="35" />
<String CONTENT="19095:" HEIGHT="41" HPOS="1161" VPOS="3402" WIDTH="167" />
<SP HEIGHT="36" HPOS="1329" VPOS="3415" WIDTH="37" />
<String CONTENT="pubd." HEIGHT="47" HPOS="1367" VPOS="3404" WIDTH="141" />
<SP HEIGHT="40" HPOS="1509" VPOS="3404" WIDTH="33" />
<String CONTENT="Apr." HEIGHT="48" HPOS="1543" VPOS="3404" WIDTH="112" />
<SP HEIGHT="39" HPOS="1656" VPOS="3405" WIDTH="32" />
<String CONTENT="27;" HEIGHT="46" HPOS="1689" VPOS="3405" WIDTH="81" />
<SP HEIGHT="46" HPOS="1771" VPOS="3405" WIDTH="37" />
<String CONTENT="H," HEIGHT="39" HPOS="1809" LANG="fi" VPOS="3405" WIDTH="59" />
<SP HEIGHT="39" HPOS="1869" VPOS="3405" WIDTH="35" />
<String CONTENT="H." HEIGHT="39" HPOS="1905" VPOS="3405" WIDTH="60" />
<SP HEIGHT="40" HPOS="1966" VPOS="3404" WIDTH="34" />
<String CONTENT="Tiltman," HEIGHT="47" HPOS="2001" VPOS="3404" WIDTH="226" />
</TextLine>
<TextLine HEIGHT="47" HPOS="314" VPOS="3460" WIDTH="559">
<String CONTENT="London." HEIGHT="39" HPOS="314" VPOS="3460" WIDTH="210" />
<SP HEIGHT="47" HPOS="525" VPOS="3460" WIDTH="70" />
<String CONTENT="(34-22386)" HEIGHT="47" HPOS="596" VPOS="3460" WIDTH="277" />
</TextLine>
<TextLine HEIGHT="66" HPOS="238" STYLEREFS="StyleId-C17DACF4-C312-4306-9F66-77D44C4BD404-" VPOS="3561" WIDTH="1135">
<String CONTENT="Toudouze," HEIGHT="64" HPOS="238" VPOS="3561" WIDTH="323" />
<SP HEIGHT="60" HPOS="562" VPOS="3565" WIDTH="33" />
<String CONTENT="Georges" HEIGHT="61" HPOS="596" VPOS="3565" WIDTH="258" />
<SP HEIGHT="53" HPOS="855" VPOS="3565" WIDTH="33" />
<String CONTENT="Gustave," HEIGHT="62" HPOS="889" VPOS="3565" WIDTH="279" />
<SP HEIGHT="58" HPOS="1169" VPOS="3569" WIDTH="33" />
<String CONTENT="1877-" HEIGHT="52" HPOS="1203" VPOS="3565" WIDTH="170" />
</TextLine>
<TextLine CS="1" HEIGHT="146" HPOS="245" STYLEREFS="StyleId-2F2248E7-70CB-4820-80A9-60F39169BEA0-" VPOS="3641" WIDTH="1977">
<String CONTENT="Le" HEIGHT="53" HPOS="313" VPOS="3641" WIDTH="77" />
<SP HEIGHT="48" HPOS="391" VPOS="3659" WIDTH="25" />
<String CONTENT="petit" HEIGHT="64" HPOS="417" VPOS="3643" WIDTH="144" />
<SP HEIGHT="46" HPOS="562" VPOS="3647" WIDTH="25" />
<String CONTENT="roi" HEIGHT="50" HPOS="588" VPOS="3643" WIDTH="84" />
<SP HEIGHT="51" HPOS="673" VPOS="3643" WIDTH="26" />
<String CONTENT="d&#8217;Ys." CS="1" HEIGHT="53" HPOS="700" VPOS="3643" WIDTH="156" />
<SP HEIGHT="49" HPOS="857" VPOS="3661" WIDTH="28" />
<String CONTENT="par" HEIGHT="49" HPOS="886" VPOS="3661" WIDTH="105" />
<SP HEIGHT="53" HPOS="992" VPOS="3643" WIDTH="25" />
<String CONTENT="Georges" HEIGHT="67" HPOS="1018" VPOS="3643" WIDTH="245" />
<SP HEIGHT="54" HPOS="1264" VPOS="3643" WIDTH="25" />
<String CONTENT="G.-Toudouze" HEIGHT="54" HPOS="1290" VPOS="3643" WIDTH="400" />
<SP />
<String CONTENT="&#8230;" CS="1" />
<SP HEIGHT="55" HPOS="1777" VPOS="3653" WIDTH="81" />
<String CONTENT="&lt;An" HEIGHT="66" HPOS="1859" VPOS="3642" WIDTH="128" />
<SP HEIGHT="33" HPOS="1988" VPOS="3661" WIDTH="27" />
<String CONTENT="adventure" HEIGHT="129" HPOS="245" VPOS="3643" WIDTH="1951" />
<SP HEIGHT="33" HPOS="371" VPOS="3739" WIDTH="27" />
<String CONTENT="story" HEIGHT="63" HPOS="399" VPOS="3724" WIDTH="157" />
<SP HEIGHT="50" HPOS="557" VPOS="3737" WIDTH="26" />
<String CONTENT="written" HEIGHT="52" HPOS="584" VPOS="3720" WIDTH="228" />
<SP HEIGHT="51" HPOS="813" VPOS="3721" WIDTH="26" />
<String CONTENT="by" HEIGHT="65" HPOS="840" VPOS="3721" WIDTH="76" />
<SP HEIGHT="46" HPOS="917" VPOS="3740" WIDTH="31" />
<String CONTENT="a" HEIGHT="32" HPOS="949" VPOS="3740" WIDTH="30" />
<SP HEIGHT="50" HPOS="980" VPOS="3722" WIDTH="28" />
<String CONTENT="living" HEIGHT="68" HPOS="1009" VPOS="3719" WIDTH="182" />
<SP HEIGHT="64" HPOS="1192" VPOS="3723" WIDTH="27" />
<String CONTENT="French" HEIGHT="51" HPOS="1220" VPOS="3722" WIDTH="220" />
<SP HEIGHT="50" HPOS="1441" VPOS="3722" WIDTH="32" />
<String CONTENT="author" HEIGHT="52" HPOS="1474" VPOS="3722" WIDTH="203" />
<SP HEIGHT="51" HPOS="1678" VPOS="3721" WIDTH="30" />
<String CONTENT="for" HEIGHT="51" HPOS="1709" VPOS="3721" WIDTH="93" />
<SP HEIGHT="50" HPOS="1803" VPOS="3722" WIDTH="31" />
<String CONTENT="French" HEIGHT="51" HPOS="1835" VPOS="3721" WIDTH="223" />
<SP HEIGHT="51" HPOS="2059" VPOS="3720" WIDTH="25" />
<String CONTENT="boys" HEIGHT="66" HPOS="2085" VPOS="3720" WIDTH="137" />
</TextLine>
<TextLine HEIGHT="68" HPOS="247" STYLEREFS="StyleId-2F2248E7-70CB-4820-80A9-60F39169BEA0-" VPOS="3797" WIDTH="1973">
<String CONTENT="and" HEIGHT="52" HPOS="247" VPOS="3798" WIDTH="112" />
<SP HEIGHT="66" HPOS="360" VPOS="3798" WIDTH="47" />
<String CONTENT="girls" HEIGHT="67" HPOS="408" VPOS="3797" WIDTH="141" />
<SP HEIGHT="34" HPOS="550" VPOS="3816" WIDTH="46" />
<String CONTENT="aged" HEIGHT="66" HPOS="597" VPOS="3799" WIDTH="135" />
<SP HEIGHT="51" HPOS="733" VPOS="3799" WIDTH="54" />
<String CONTENT="twelve" HEIGHT="51" HPOS="788" VPOS="3799" WIDTH="198" />
<SP HEIGHT="46" HPOS="987" VPOS="3804" WIDTH="46" />
<String CONTENT="to" HEIGHT="47" HPOS="1034" VPOS="3804" WIDTH="57" />
<SP HEIGHT="33" HPOS="1092" VPOS="3818" WIDTH="47" />
<String CONTENT="sixteen," HEIGHT="56" HPOS="1140" VPOS="3798" WIDTH="229" />
<SP HEIGHT="37" HPOS="1370" VPOS="3817" WIDTH="49" />
<String CONTENT="and" HEIGHT="51" HPOS="1420" VPOS="3800" WIDTH="111" />
<SP HEIGHT="51" HPOS="1532" VPOS="3800" WIDTH="45" />
<String CONTENT="here" HEIGHT="51" HPOS="1578" VPOS="3801" WIDTH="129" />
<SP HEIGHT="34" HPOS="1708" VPOS="3818" WIDTH="47" />
<String CONTENT="simplified" HEIGHT="68" HPOS="1756" VPOS="3797" WIDTH="303" />
<SP HEIGHT="51" HPOS="2060" VPOS="3799" WIDTH="48" />
<String CONTENT="and" HEIGHT="51" HPOS="2109" VPOS="3799" WIDTH="111" />
</TextLine>
<TextLine HEIGHT="70" HPOS="246" STYLEREFS="StyleId-2F2248E7-70CB-4820-80A9-60F39169BEA0-" VPOS="3874" WIDTH="1976">
<String CONTENT="abridged" HEIGHT="69" HPOS="246" VPOS="3874" WIDTH="274" />
<SP HEIGHT="56" HPOS="521" VPOS="3874" WIDTH="28" />
<String CONTENT="for" HEIGHT="54" HPOS="550" VPOS="3874" WIDTH="93" />
<SP HEIGHT="32" HPOS="644" VPOS="3895" WIDTH="27" />
<String CONTENT="rapid" HEIGHT="66" HPOS="672" VPOS="3875" WIDTH="167" />
<SP HEIGHT="53" HPOS="840" VPOS="3876" WIDTH="28" />
<String CONTENT="inferential" HEIGHT="53" HPOS="869" VPOS="3876" WIDTH="331" />
<SP HEIGHT="51" HPOS="1201" VPOS="3877" WIDTH="27" />
<String CONTENT="reading" HEIGHT="68" HPOS="1229" VPOS="3876" WIDTH="238" />
<SP HEIGHT="67" HPOS="1468" VPOS="3877" WIDTH="26" />
<String CONTENT="by" HEIGHT="63" HPOS="1495" VPOS="3877" WIDTH="74" />
<SP HEIGHT="62" HPOS="1570" VPOS="3878" WIDTH="27" />
<String CONTENT="English" HEIGHT="62" HPOS="1598" VPOS="3876" WIDTH="243" />
<SP HEIGHT="52" HPOS="1842" VPOS="3877" WIDTH="28" />
<String CONTENT="children" HEIGHT="56" HPOS="1871" VPOS="3875" WIDTH="255" />
<SP HEIGHT="35" HPOS="2127" VPOS="3894" WIDTH="31" />
<String CONTENT="of" HEIGHT="54" HPOS="2159" VPOS="3874" WIDTH="63" />
</TextLine>
</TextBlock>
</PrintSpace>
</Page>
</Layout>
</alto>