2350 4196
1144 4080 93 47 141

167 439 331 61 Patterson,
530 433 173 55 Caleb
733 435 204 61 Perry,
970 434 171 49 1880-

231 514 55 51 A
322 513 133 52 civil
489 515 373 65 government
895 508 65 53 of
994 509 183 51 Texas
1213 508 112 51 and
1363 505 64 54 of
1462 506 98 52 the
1593 505 218 53 United
1852 504 206 67 States,
2091 504 75 68 by

163 583 1980 154 Caleb Perry Patterson … and James B. Hubbard … Indianapolis,
397 670 137 51 New
567 668 179 66 York,
780 667 123 52 The
934 664 446 54 Bobbs-Merrill
1414 679 297 51 company,
1748 665 149 49 1934.

231 736 1182 55 8 p. l., 464 p. incl. front., illus., diagrs. 19½cm.
231 800 133 41 With
393 799 98 40 this
517 798 40 40 is
583 799 188 39 bound:
802 797 101 39 The
930 794 331 43 Constitution
1288 793 51 40 of
1366 795 82 39 the
1474 792 180 42 United
1683 793 177 45 States,
1887 792 64 40 its
1978 791 182 49 history

163 858 93 40 nnd
286 856 237 47 meaning,
554 855 60 47 by
644 854 216 40 Richard
891 853 219 40 Wasson.
1173 849 349 49 Indianapolis,
1554 848 129 42 1934.

232 913 234 39 Previous
492 911 183 40 edition
701 911 89 39 has
819 909 135 41 title:
984 909 41 39 A
1050 908 114 40 civil
1190 908 314 48 government
1533 905 53 41 of
1611 906 174 40 Texas.

168 970 1996 61 © Jan. 31, 1934; 2c. and aff. Feb. 7; A 70154; Bobbs-Merrill co. [©
234 1050 104 29 new
367 1042 178 37 matter
574 1040 95 38 and
699 1037 225 48 revision]
1002 1035 249 48 (34-2396)

171 1153 225 67 Philby,
423 1156 201 63 Harry
650 1156 86 54 St.
763 1155 154 53 John
946 1153 269 65 Bridger,
1247 1156 171 50 1885-

236 1228 1935 72 Harun al Rashid, by H. St. John Philby … New York,
166 1308 257 64 London,
460 1310 71 52 D.
571 1308 584 69 Appleton-Century
1193 1325 299 51 company,
1532 1306 421 69 incorporated,
1995 1313 17 21 c
2018 1309 149 50 1934.

237 1392 76 35 xv,
347 1384 97 49 140,
480 1385 55 48 [1]
568 1393 43 37 p.
672 1382 148 40 front.
881 1381 56 41 19½
970 1384 43 21 cm
1018 1414 8 8 .
1091 1381 252 50 [Appleton
1374 1380 325 50 biographies]

241 1439 164 41 “First
431 1439 261 49 printing.”

172 1508 1997 51 © Feb. 6, 1934; 2c. and aff. Feb. 8; A 70161; D. Appleton-Century co.,
237 1569 90 40 inc.
399 1569 249 48 (34-2503)

172 1687 132 64 Poe,
337 1688 200 63 Edgar
566 1687 191 64 Allan,
790 1690 323 50 1809-1849.

244 1765 199 68 Edgar
481 1766 176 52 Allan
697 1768 115 52 Poe
852 1767 111 51 and
1004 1767 95 52 the
1139 1766 408 68 Philadelphia
1590 1767 291 68 Saturday
1921 1767 245 65 courier;

182 1842 274 54 facsimile
487 1844 431 67 reproductions
947 1844 64 52 of
1039 1845 95 52 the
1164 1846 123 52 first
1314 1851 147 46 texts
1493 1845 63 53 of
1586 1846 161 52 Poe’s
1778 1846 226 53 earliest
2032 1847 139 51 tales

176 1924 111 51 and
321 1921 276 69 “Raising
629 1924 96 51 the
757 1923 216 64 wind”;
1009 1924 140 51 with
1182 1940 70 35 an
1286 1924 391 52 introduction
1708 1924 75 66 by
1814 1925 154 54 John
2004 1925 168 54 Grier

174 1999 1831 70 Varner … Charlottesville, University of Virginia, 1933.
243 2073 1596 50 2 p. l., iii-xi p., 2 l., 3-85 p. front., facsims. (1 fold.) 23½cm.
249 2131 93 40 “Of
376 2132 97 39 this
508 2132 122 39 book
663 2131 91 40 five
790 2132 221 40 hundred
1048 2132 157 48 copies
1241 2133 125 39 have
1401 2133 119 40 been
1556 2132 207 49 printed.
1829 2131 117 42 This
1983 2133 42 41 is
2061 2142 118 38 copy

170 2188 200 39 number
397 2188 129 40 217.”

243 2244 376 49 Bibliography:
651 2257 41 37 p.
724 2245 128 40 x-xi.

179 2311 2000 57 © Dec. 29, 1933; 2c. Dec. 28; aff. Jan. 17, 1934; A 68911; University of
245 2372 235 48 Virginia.
546 2370 67 52 [©
649 2374 345 48 introduction,
1031 2377 321 46 explanatory
1387 2379 180 37 matter
1603 2379 95 38 and
1734 2381 151 45 notes]

257 2429 249 47 (34-2492)

179 2542 300 67 Poincaré,
508 2549 326 65 Raymond,
861 2568 146 49 pres.
1035 2552 236 67 France,
1302 2555 171 49 1860-

250 2622 93 53 Au
395 2626 209 53 service
656 2626 68 52 de
771 2630 55 49 la
877 2629 432 52 France—neuf
1360 2649 202 34 années
1612 2632 68 51 de
1728 2633 307 53 souvenirs,
2122 2651 55 36 x.

182 2700 1997 75 Victoire et armistice, 1918. Par Raymond Poincaré … Avec
185 2784 63 48 10
275 2798 272 50 gravures
574 2783 132 54 hors
735 2789 167 48 texte.
978 2786 184 67 Paris,
1189 2786 148 53 Plon
1371 2821 11 32 [
1389 2794 17 20 c
1412 2791 132 49 1933
1552 2821 11 32 ]

252 2856 1062 50 3 p. l., 467 p., 1 l. front., plates. 23 cm .
185 2918 1915 60 © Dec. 1, 1933; 1c. Jan. 30, 1934; A-Foreign 23577; Librairie Plon.
183 3041 160 64 Post,
375 3042 296 54 Chandler
697 3045 286 57 Rathfon.

255 3119 55 52 A
343 3118 223 69 history
601 3121 63 52 of
701 3122 249 68 Spanish
986 3125 286 69 painting,
1307 3128 74 64 by
1420 3128 290 54 Chandler
1747 3131 263 52 Rathfon
2044 3134 142 50 Post

344 3196 244 54 Volume
643 3218 47 33 v.
749 3200 121 53 The
923 3203 549 67 Hispano-Flemish
1528 3209 146 65 style
1727 3208 61 52 in
1844 3209 338 53 Andalusia.

189 3272 362 71 Cambridge,
591 3278 190 66 Mass.,
822 3281 269 52 Harvard
1138 3283 250 53 universi
1394 3289 25 47 ty
1498 3304 175 49 press,
1717 3289 148 50 1934.

252 3357 76 32 xv,
357 3348 84 40 357
469 3361 41 35 p.
569 3350 125 40 illus.
753 3353 55 38 24½
842 3356 43 20 cm
892 3387 7 7 .

187 3412 50 51 ©
263 3417 106 39 Jan.
395 3417 68 48 19,
488 3419 114 40 1934;
654 3421 66 39 2c.
745 3421 109 40 Jan.
879 3423 81 47 24;
988 3424 81 40 aff.
1094 3425 108 39 Jan.
1226 3426 82 47 25;
1335 3427 41 40 A
1400 3427 169 48 68995;
1598 3429 255 40 President
1878 3432 94 39 and
1996 3430 192 41 fellows

257 3474 49 38 of
338 3475 230 40 Harvard
601 3478 191 47 college,
828 3480 301 49 Cambridge,
1164 3484 146 39 Mass.

191 3589 120 53 The
362 3592 420 62 practitioners
833 3597 219 70 library
1104 3601 64 53 of
1216 3602 279 54 medicine
1546 3606 111 51 and
1709 3625 254 50 surgery.
261 3607 1903 115 Volume
496 3715 8 8 VI.

552 3672 315 56 Obstetrics
915 3678 111 52 and
1072 3682 367 67 gynecology.
1522 3684 138 52 New
1706 3684 178 66 York,
1930 3685 257 69 London,

261 3746 72 53 D.
368 3749 541 67 Appleton-Century
981 3773 296 53 company,
1311 3759 403 68 incorporated
1795 3765 151 63 [c1934]

260 3822 94 45 xlv,
385 3821 85 39 960
500 3833 40 36 p.
601 3824 125 39 illus.
758 3825 134 48 (part
922 3828 112 48 col.)
1074 3830 177 48 diagrs.
1311 3832 56 39 25½
1400 3835 44 21 cm
1450 3865 7 7 .

259 3876 250 42 Associate
540 3880 156 40 editor:
757 3883 183 41 Luther
972 3884 58 42 K.
1064 3887 310 42 Musselman.

197 3940 49 51 ©
277 3945 109 41 Jan.
415 3948 68 47 31,
513 3949 140 48 1934;
685 3951 67 42 2c.
782 3954 95 39 and
907 3954 80 40 aff.
1019 3955 110 41 Feb.
1159 3958 24 38 2;
1243 3958 40 38 A
1313 3958 141 42 69273;
1516 3961 56 40 D.
1603 3960 475 52 Appleton-Century
2109 3975 81 36 co.,

263 4001 88 41 inc.
