2350 4196
1081 4045 131 54 1739

160 360 217 62 Grand,
407 359 253 56 Gordon.

230 433 116 55 Old
374 453 132 34 man
535 436 111 51 and
676 435 161 52 other
867 433 233 55 Colonel
1127 431 409 54 Weatherford
1567 433 218 67 stories,
1816 432 73 69 by
1921 431 235 54 Gordon

158 510 200 54 Grand;
413 513 295 67 paintings
731 513 73 67 by
827 511 259 54 William
1110 510 54 53 J.
1189 510 180 68 Hays,
1433 510 137 52 New
1594 510 179 67 York,
1796 510 121 52 The
157 511 1973 130 Derrydale
312 608 173 49 press,
516 592 151 51 1934.

228 661 1137 51 7 p. l., 238, [2] p. col. front., plates. 24 cm .
229 721 207 39 “Eleven
480 721 217 39 hundred
743 721 94 39 and
881 720 110 47 fifty
1036 720 157 47 copies
1241 751 46 8 ...
1333 719 192 48 printed
1574 752 44 7 ...
1666 722 54 37 at
1763 721 79 38 the
1884 719 270 48 Derrydale

155 777 178 49 press.”

159 843 1994 51 © Dec. 5 , 1934; 2c. Dec. 12; aff. Dec. 11; А 77615; Derrvdale press, inc.
236 903 220 49 (35-139)

162 1004 274 66 [Gribble,
465 1007 266 52 Leonard
760 1005 304 67 Reginald]
1101 1011 158 49 1908-

227 1082 122 52 The
386 1083 185 67 signet
612 1084 61 51 of
713 1084 187 66 death,
940 1084 72 66 by
1053 1084 172 51 Louis
1265 1084 151 65 Grey
1484 1084 190 65 [pseud.]
1800 1085 236 51 [London]
2142 1127 7 8 I.

157 1160 305 53 Nicholson
492 1165 45 50 &
564 1162 256 62 Watson,
848 1162 118 66 ltd.,
997 1165 149 49 1934.

229 1231 98 48 255,
363 1233 53 48 [1]
452 1244 40 36 p.
555 1233 55 40 19
613 1236 42 20 cm
663 1267 6 6 .

228 1290 161 40 “First
418 1290 226 41 edition.”

158 1357 1994 51 © 1c . Nov. 23, 1934; A ad int. 19641; pubd. Sept. 27; Leonard Reginald
226 1418 208 47 Cribble,
469 1420 340 40 Sandersfead,
845 1422 190 43 Surrey,
1069 1419 231 44 England.
1374 1417 221 48 (35-201)

179 1522 272 65 [Hannay,
479 1523 206 53 James
710 1523 177 53 Owen]
943 1528 168 49 1865-

225 1601 136 50 Two
411 1599 164 55 fools,
624 1601 70 65 by
742 1600 220 68 George
1009 1602 67 51 A.
1128 1600 397 67 Birmingham
1600 1601 193 65 [pseud.]
1894 1602 255 51 London.

153 1678 271 52 Methuen
453 1682 44 49 &
525 1697 96 47 со.,
648 1680 122 59 ltd.,
801 1683 148 49 1934.

229 1750 657 49 2 p. l., 283, [1] p. 19½ cm .
158 1793 1993 63 © 1c. Dec. 21, 1934; A ad int. 19777; pubd. Oct. 25; J. O. Hannny.
225 1866 210 38 London.
508 1866 220 42 (35-566)

179 1966 286 65 [Harding,
494 1968 218 65 Harry]
750 1971 166 49 1885-

225 2045 118 51 The
373 2063 161 36 caves
563 2045 63 51 of
655 2045 321 56 Blackscar,
1006 2045 72 66 by
1108 2047 245 63 Haydon
1387 2047 157 50 Dean
1601 2047 189 64 [pseud.]
1895 2046 254 51 London.

155 2123 48 53 I.
231 2121 309 55 Nicholson
567 2124 112 52 and
705 2125 255 65 Watson,
987 2123 236 66 limited,
1254 2127 147 50 1934.

227 2194 584 49 2 p. l., 7-288 p. 19cm.
227 2253 160 39 “First
418 2253 226 39 edition.”

157 2306 1995 52 © 1c . Nov. 22, 1934; A ad int. 19627; pubd. Oct. 2; Harry Harding.
225 2367 192 48 Slough,
449 2368 170 41 Bucks,
650 2368 232 45 England.
957 2367 218 47 (35-263)

153 2470 170 65 Hess,
351 2470 195 54 Julius
574 2472 184 63 Hays,
792 2474 167 50 1876-

222 2546 122 52 The
376 2546 257 68 physical
668 2548 112 51 and
815 2548 211 51 mental
1061 2548 221 68 growth
1318 2547 63 53 of
1418 2548 383 69 prematurely
1835 2549 139 51 born
153 2547 1972 141 children,
334 2624 72 68 by

432 2624 192 52 Julius
652 2624 76 52 H.
757 2625 146 51 Hess
934 2667 55 8 ...
1022 2624 219 69 George
1268 2626 55 53 J.
1351 2625 170 52 Mohr
1554 2669 55 9 ...
1665 2624 131 66 [and]
1829 2624 227 69 Phyllis
2085 2625 63 51 F.

157 2701 283 53 Bartelme
481 2745 55 8 ...
615 2701 270 68 Chicago.
923 2702 112 67 Ill.,
1073 2703 118 52 The
1227 2703 336 68 University
1601 2702 64 53 of
1702 2702 252 66 Chicago
1996 2720 153 49 press

155 2780 154 64 [1934]

224 2853 1924 50 xxiii, 449 p. illus., diagrs. 23 ½cm . (Half-title; Behavior research
155 2912 132 38 fund.
350 2911 348 47 Monographs)

225 2968 194 40 Studies
455 2968 145 38 based
639 2977 58 29 on
733 2968 113 38 data
887 2968 224 39 obtained
1147 2972 48 36 at
1236 2971 80 40 the
1354 2970 287 40 Premature
1679 2970 159 39 infant
1880 2969 181 39 station
2100 2970 51 38 of

156 3027 78 36 the
269 3025 153 40 Sarah
463 3024 175 39 Morris
673 3024 209 47 hospital
921 3025 75 39 for
1032 3025 215 39 children
1283 3027 51 39 of
1371 3027 80 39 the
1489 3026 206 40 Michael
1734 3026 151 40 Reese
1922 3024 227 48 hospital.

152 3080 221 49 Chicago,
461 3082 32 46 cf.
525 3081 128 40 Pref.

226 3138 345 47 Bibliography
599 3140 46 36 at
676 3139 88 37 end
793 3138 50 38 of
867 3148 129 28 some
1021 3139 50 39 of
1098 3139 79 39 the
1204 3140 226 46 chapters
1456 3139 53 40 of
1535 3143 109 43 part
1737 3174 6 6 III.

501 3195 131 46 CONTENTS.—pt.
669 3200 31 33 I.
737 3195 38 37 A
814 3194 190 40 clinical
1043 3196 157 46 study,
1239 3197 58 46 by
1338 3196 40 41 J.
1417 3197 58 38 H.
1517 3196 275 48 Hess.—pt.
1872 3226 10 9 II.
153 3196 1980 95 Developmental
360 3253 186 38 studies
575 3251 50 38 of

655 3252 326 46 prematurely
1012 3252 117 39 born
1160 3252 230 45 children,
1419 3253 61 47 by
1511 3253 52 38 G.
1595 3253 42 41 J.
1669 3253 138 39 Mohr
1838 3253 93 39 and
1963 3251 186 47 Phyllis

158 3308 45 42 F.
228 3308 393 48 Bartelme.—pt.
688 3313 30 33 III.
748 3307 185 47 Special
961 3309 185 39 studies
1172 3310 186 39 carried
1386 3313 82 37 out
1497 3311 46 37 in
1570 3312 81 37 the
1676 3310 285 39 Premature
1988 3310 156 39 infant

151 3366 196 39 station.

154 3418 52 51 ©
235 3423 109 38 Dec.
377 3424 66 39 11,
476 3421 112 38 1934;
647 3422 64 37 2c.
746 3422 108 38 Dec.
887 3419 53 40 15;
1002 3421 79 40 aff.
1115 3424 108 37 Dec.
1256 3422 53 39 13;
1375 3424 35 37 A
1443 3423 136 40 77701;
1649 3423 279 47 University
1960 3424 51 37 of
220 3423 1908 101 Chicago.
381 3479 221 44 Chicago.
676 3478 219 44 (35-144)

153 3579 305 64 Hornung,
488 3579 192 64 Philip
708 3580 172 64 John,
912 3585 170 49 1908-

227 3700 54 8 ...
311 3655 366 52 Penicillium
702 3655 214 52 zukalii
940 3656 266 68 Biourge,
1232 3677 27 32 a
1289 3659 170 65 study
1484 3658 62 52 of
1570 3658 74 52 its
1669 3656 343 69 physiology
2036 3657 113 52 and

153 3734 401 66 biochemistry
587 3776 54 8 ...
673 3733 74 68 by
775 3734 198 66 Philip
1002 3734 54 54 J.
1087 3735 286 69 Hornung
1405 3780 54 7 ...
1538 3734 401 69 Washington,
1965 3736 71 52 D.
2068 3735 81 68 C.,

151 3812 119 52 The
304 3810 261 55 Catholic
598 3811 314 66 university
945 3812 63 51 of
1040 3813 280 65 America,
1354 3816 150 49 1934.

225 3885 66 44 iii,
329 3884 114 40 5-27
479 3895 40 36 p.
582 3884 151 47 diagr.
794 3885 54 39 23
853 3887 43 21 cm
903 3918 7 6 .
981 3885 362 48 (Contribution
1380 3886 127 39 from
1546 3888 80 39 the
1662 3886 263 48 Biological
156 3887 1975 101 laboratory

289 3940 51 39 of
365 3941 80 39 the
474 3940 220 40 Catholic
721 3941 270 47 university
1016 3942 53 40 of
1094 3941 235 49 America,
1355 3953 75 30 no.
1458 3943 81 46 17)
