<alto xmlns="http://www.loc.gov/standards/alto/ns-v3#" xmlns:xsi="http://www.w3.org/2001/XMLSchema-instance" xsi:schemaLocation="http://www.loc.gov/standards/alto/ns-v3# http://www.loc.gov/alto/v3/alto-3-0.xsd"><Description>
<MeasurementUnit>pixel</MeasurementUnit>
<sourceImageInformation>
<fileName>1934_v1_Part1.pdf</fileName>
</sourceImageInformation>
<OCRProcessing ID="IdOcr">
<ocrProcessingStep>
<processingDateTime>2019-01-10</processingDateTime>
<processingSoftware>
<softwareCreator>ABBYY</softwareCreator>
<softwareName>ABBYY Recognition Server</softwareName>
<softwareVersion>4.0</softwareVersion>
</processingSoftware>
</ocrProcessingStep>
</OCRProcessing>
</Description>
<Styles>
<ParagraphStyle ALIGN="Left" FIRSTLINE="0." ID="StyleId-FFFFFFFF-FFFF-FFFF-FFFF-FFFFFFFFFFFF-" LEFT="0." RIGHT="0." />
<ParagraphStyle ALIGN="Right" FIRSTLINE="0." ID="StyleId-521E1FC6-FE7E-43A4-90E6-A9B61626A263-" LEFT="0." LINESPACE="13.30000019" RIGHT="0." />
<ParagraphStyle ALIGN="Left" FIRSTLINE="-27." ID="StyleId-639B624E-F6F5-47B6-BB1D-34E64B53022F-" LEFT="0." LINESPACE="13.43999958" RIGHT="0." />
<ParagraphStyle ALIGN="Left" FIRSTLINE="0." ID="StyleId-100905F9-D385-406B-A5BD-ED5B8FD85431-" LEFT="0." RIGHT="0." />
<ParagraphStyle ALIGN="Left" FIRSTLINE="-27." ID="StyleId-7C9F9BA2-EF3A-4B7F-8486-CCC7B7F49B39-" LEFT="0." LINESPACE="18.71999931" RIGHT="0." />
<ParagraphStyle ALIGN="Block" FIRSTLINE="-27." ID="StyleId-350780E3-60F2-4605-88F5-BB54F9B87091-" LEFT="0." LINESPACE="18.71999931" RIGHT="0." />
<ParagraphStyle ALIGN="Left" FIRSTLINE="0." ID="StyleId-90B16C58-D795-4C77-9B89-30378C515D40-" LEFT="0." LINESPACE="14.39999962" RIGHT="0." />
<ParagraphStyle ALIGN="Right" FIRSTLINE="-27." ID="StyleId-17090E09-AFAF-4086-BD9B-4E99FAE6B057-" LEFT="0." LINESPACE="14.39999962" RIGHT="0." />
<ParagraphStyle ALIGN="Left" FIRSTLINE="-27." ID="StyleId-8B87B633-89DB-4D72-B1FC-26E4ABD680BC-" LEFT="0." LINESPACE="18.47999954" RIGHT="0." />
<ParagraphStyle ALIGN="Left" FIRSTLINE="0." ID="StyleId-42DA7417-CA90-4D71-A57B-06556C38D752-" LEFT="0." LINESPACE="13.30000019" RIGHT="0." />
<ParagraphStyle ALIGN="Block" FIRSTLINE="0." ID="StyleId-D8EE2A7E-42AE-4E35-98DB-F0F935637AA0-" LEFT="0." LINESPACE="6.599999905" RIGHT="0." />
<ParagraphStyle ALIGN="Left" FIRSTLINE="0." ID="StyleId-33CD3121-D4F5-43B6-BA96-6382D166E6B8-" LEFT="0." LINESPACE="15.5" RIGHT="0." />
<ParagraphStyle ALIGN="Block" FIRSTLINE="-21." ID="StyleId-1CE52AFA-C319-4DD9-B4B1-F0EBFA2B3F0B-" LEFT="0." LINESPACE="18.71999931" RIGHT="0." />
<ParagraphStyle ALIGN="Left" FIRSTLINE="0." ID="StyleId-B74F1B65-92F1-49C5-A5FA-D20442F031F2-" LEFT="0." LINESPACE="17.70006076" RIGHT="0." />
<ParagraphStyle ALIGN="Center" FIRSTLINE="0." ID="StyleId-79E2924A-215C-40B7-B577-7236BFBAA25E-" LEFT="0." LINESPACE="7.199999809" RIGHT="0." />
</Styles>
<Layout>
<Page HEIGHT="4196" ID="Page18" PHYSICAL_IMG_NR="18" WIDTH="2350">
<TopMargin HEIGHT="330" HPOS="0" VPOS="0" WIDTH="2350">
</TopMargin>
<LeftMargin HEIGHT="3715" HPOS="0" VPOS="330" WIDTH="142">
</LeftMargin>
<RightMargin HEIGHT="3715" HPOS="2282" VPOS="330" WIDTH="68">
</RightMargin>
<BottomMargin HEIGHT="151" HPOS="0" VPOS="4045" WIDTH="2350">
</BottomMargin>
<PrintSpace HEIGHT="3715" HPOS="142" VPOS="330" WIDTH="2140">
<TextBlock HEIGHT="60" HPOS="1173" ID="Page18_Block1" LANG="en-US" STYLEREFS="StyleId-B388BAF9-EF3F-4E87-935A-8A1338C93066-" VPOS="3985" WIDTH="75">
<TextLine HEIGHT="48" HPOS="1179" VPOS="3991" WIDTH="63">
<String CONTENT="18" HEIGHT="48" HPOS="1179" VPOS="3991" WIDTH="63" />
</TextLine>
</TextBlock>
<TextBlock CS="1" HEIGHT="3656" HPOS="142" ID="Page18_Block2" LANG="en-US" STYLEREFS="StyleId-54AD1116-1C8E-4218-99C8-7A15C1F2E3C5-" VPOS="330" WIDTH="2140">
<TextLine CS="1" HEIGHT="50" HPOS="279" VPOS="435" WIDTH="741">
<String CONTENT="5" HEIGHT="40" HPOS="279" VPOS="437" WIDTH="26" />
<SP HEIGHT="48" HPOS="306" VPOS="437" WIDTH="26" />
<String CONTENT="p." HEIGHT="37" HPOS="333" VPOS="448" WIDTH="44" />
<SP />
<String CONTENT="l.," CS="1" HEIGHT="15" HPOS="443" VPOS="468" WIDTH="8" />
<SP HEIGHT="48" HPOS="452" VPOS="435" WIDTH="28" />
<String CONTENT="394" HEIGHT="40" HPOS="481" VPOS="435" WIDTH="86" />
<SP HEIGHT="47" HPOS="568" VPOS="437" WIDTH="24" />
<String CONTENT="p." HEIGHT="37" HPOS="593" VPOS="447" WIDTH="44" />
<SP HEIGHT="40" HPOS="638" VPOS="436" WIDTH="57" />
<String CONTENT="front." HEIGHT="40" HPOS="696" VPOS="436" WIDTH="148" />
<SP HEIGHT="40" HPOS="845" VPOS="436" WIDTH="59" />
<String CONTENT="22" HEIGHT="38" HPOS="905" VPOS="436" WIDTH="55" />
<String CONTENT="cm" HEIGHT="21" HPOS="964" STYLE="superscript" VPOS="438" WIDTH="43" />
<String CONTENT="." HEIGHT="8" HPOS="1012" VPOS="468" WIDTH="8" />
</TextLine>
<TextLine HEIGHT="50" HPOS="284" VPOS="492" WIDTH="796">
<String CONTENT="&#8220;Bibliographies&#8221;:" HEIGHT="50" HPOS="284" VPOS="492" WIDTH="469" />
<SP HEIGHT="37" HPOS="754" VPOS="505" WIDTH="34" />
<String CONTENT="p." HEIGHT="37" HPOS="789" VPOS="505" WIDTH="43" />
<SP HEIGHT="41" HPOS="833" VPOS="493" WIDTH="30" />
<String CONTENT="387-388." HEIGHT="41" HPOS="864" VPOS="492" WIDTH="216" />
</TextLine>
<TextLine CS="1" HEIGHT="50" HPOS="213" VPOS="549" WIDTH="1703">
<String CONTENT="&#169;" HEIGHT="50" HPOS="213" VPOS="549" WIDTH="50" />
<SP HEIGHT="50" HPOS="264" VPOS="549" WIDTH="30" />
<String CONTENT="Jan." HEIGHT="39" HPOS="295" VPOS="553" WIDTH="108" />
<SP HEIGHT="39" HPOS="404" VPOS="553" WIDTH="29" />
<String CONTENT="9." HEIGHT="39" HPOS="434" VPOS="553" WIDTH="38" />
<SP HEIGHT="39" HPOS="473" VPOS="553" WIDTH="30" />
<String CONTENT="1934;" HEIGHT="39" HPOS="504" VPOS="552" WIDTH="139" />
<SP HEIGHT="39" HPOS="644" VPOS="552" WIDTH="31" />
<String CONTENT="2c." HEIGHT="39" HPOS="676" VPOS="552" WIDTH="66" />
<SP HEIGHT="27" HPOS="743" VPOS="564" WIDTH="31" />
<String CONTENT="and" HEIGHT="37" HPOS="775" VPOS="554" WIDTH="93" />
<SP HEIGHT="37" HPOS="869" VPOS="554" WIDTH="30" />
<String CONTENT="aff." HEIGHT="39" HPOS="900" VPOS="552" WIDTH="80" />
<SP HEIGHT="38" HPOS="981" VPOS="552" WIDTH="31" />
<String CONTENT="Jan." HEIGHT="38" HPOS="1013" VPOS="552" WIDTH="106" />
<SP HEIGHT="37" HPOS="1120" VPOS="553" WIDTH="32" />
<String CONTENT="10:" HEIGHT="39" HPOS="1153" VPOS="551" WIDTH="79" />
<SP HEIGHT="38" HPOS="1233" VPOS="552" WIDTH="33" />
<String CONTENT="A" HEIGHT="37" HPOS="1267" VPOS="552" WIDTH="38" />
<SP HEIGHT="39" HPOS="1306" VPOS="550" WIDTH="30" />
<String CONTENT="67907;" HEIGHT="46" HPOS="1337" VPOS="550" WIDTH="168" />
<SP HEIGHT="44" HPOS="1506" VPOS="552" WIDTH="34" />
<String CONTENT="Macmillan" HEIGHT="39" HPOS="1541" VPOS="550" WIDTH="279" />
<SP HEIGHT="29" HPOS="1821" VPOS="561" WIDTH="29" />
<String CONTENT="co." HEIGHT="29" HPOS="1851" VPOS="561" WIDTH="65" />
</TextLine>
<TextLine HEIGHT="49" HPOS="289" VPOS="608" WIDTH="248">
<String CONTENT="(34-1130)" HEIGHT="49" HPOS="289" VPOS="608" WIDTH="248" />
</TextLine>
<TextLine HEIGHT="65" HPOS="211" STYLEREFS="StyleId-D67A28BB-24CF-4AAD-A968-8539FE4610B3-" VPOS="725" WIDTH="995">
<String CONTENT="Beaven," HEIGHT="63" HPOS="211" VPOS="727" WIDTH="251" />
<SP HEIGHT="63" HPOS="463" VPOS="727" WIDTH="30" />
<String CONTENT="Albert" HEIGHT="54" HPOS="494" VPOS="726" WIDTH="208" />
<SP HEIGHT="53" HPOS="703" VPOS="727" WIDTH="27" />
<String CONTENT="William," HEIGHT="64" HPOS="731" VPOS="725" WIDTH="273" />
<SP HEIGHT="58" HPOS="1005" VPOS="731" WIDTH="30" />
<String CONTENT="1881-" HEIGHT="49" HPOS="1036" VPOS="730" WIDTH="170" />
</TextLine>
<TextLine CS="1" HEIGHT="69" HPOS="283" STYLEREFS="StyleId-D3EF9DFE-1646-413E-B515-C5EBE62C9629-" VPOS="801" WIDTH="1856">
<String CONTENT="Sermons" HEIGHT="53" HPOS="283" VPOS="802" WIDTH="262" />
<SP HEIGHT="51" HPOS="546" VPOS="802" WIDTH="32" />
<String CONTENT="for" HEIGHT="52" HPOS="579" VPOS="802" WIDTH="92" />
<SP HEIGHT="35" HPOS="672" VPOS="821" WIDTH="28" />
<String CONTENT="everyday" HEIGHT="66" HPOS="701" VPOS="803" WIDTH="282" />
<SP HEIGHT="66" HPOS="984" VPOS="803" WIDTH="29" />
<String CONTENT="living," HEIGHT="69" HPOS="1014" VPOS="801" WIDTH="199" />
<SP HEIGHT="68" HPOS="1214" VPOS="802" WIDTH="31" />
<String CONTENT="by" HEIGHT="67" HPOS="1246" VPOS="802" WIDTH="73" />
<SP HEIGHT="67" HPOS="1320" VPOS="802" WIDTH="31" />
<String CONTENT="Albert" HEIGHT="52" HPOS="1352" VPOS="802" WIDTH="202" />
<SP HEIGHT="51" HPOS="1555" VPOS="802" WIDTH="28" />
<String CONTENT="William" HEIGHT="51" HPOS="1584" VPOS="802" WIDTH="256" />
<SP HEIGHT="50" HPOS="1841" VPOS="801" WIDTH="34" />
<String CONTENT="Beaven" HEIGHT="53" HPOS="1876" VPOS="801" WIDTH="223" />
<SP HEIGHT="35" HPOS="2100" VPOS="818" WIDTH="39" />
<String CONTENT="&#8230;" CS="1" />
</TextLine>
<TextLine HEIGHT="68" HPOS="214" STYLEREFS="StyleId-D3EF9DFE-1646-413E-B515-C5EBE62C9629-" VPOS="879" WIDTH="1628">
<String CONTENT="Philadelphia," HEIGHT="67" HPOS="214" VPOS="880" WIDTH="420" />
<SP HEIGHT="65" HPOS="635" VPOS="881" WIDTH="29" />
<String CONTENT="Boston" HEIGHT="52" HPOS="665" VPOS="881" WIDTH="214" />
<SP HEIGHT="48" HPOS="880" VPOS="899" WIDTH="34" />
<String CONTENT="[" HEIGHT="32" HPOS="915" VPOS="915" WIDTH="10" />
<String CONTENT="etc.]" HEIGHT="62" HPOS="933" VPOS="884" WIDTH="118" />
<SP HEIGHT="66" HPOS="1052" VPOS="880" WIDTH="33" />
<String CONTENT="The" HEIGHT="51" HPOS="1086" VPOS="879" WIDTH="117" />
<SP HEIGHT="52" HPOS="1204" VPOS="880" WIDTH="28" />
<String CONTENT="Judson" HEIGHT="52" HPOS="1233" VPOS="880" WIDTH="219" />
<SP HEIGHT="48" HPOS="1453" VPOS="898" WIDTH="29" />
<String CONTENT="press" HEIGHT="48" HPOS="1483" VPOS="898" WIDTH="151" />
<SP HEIGHT="46" HPOS="1635" VPOS="901" WIDTH="36" />
<String CONTENT="[1933]" HEIGHT="64" HPOS="1672" VPOS="883" WIDTH="170" />
</TextLine>
<TextLine CS="1" HEIGHT="51" HPOS="280" VPOS="951" WIDTH="1696">
<String CONTENT="6" HEIGHT="40" HPOS="280" VPOS="951" WIDTH="26" />
<SP HEIGHT="48" HPOS="307" VPOS="951" WIDTH="23" />
<String CONTENT="p." HEIGHT="37" HPOS="331" LANG="la" VPOS="962" WIDTH="40" />
<SP />
<String CONTENT="l." CS="1" LANG="la" />
<String CONTENT="," HEIGHT="12" HPOS="434" VPOS="984" WIDTH="7" />
<SP HEIGHT="43" HPOS="442" VPOS="953" WIDTH="25" />
<String CONTENT="3-138" HEIGHT="40" HPOS="468" VPOS="953" WIDTH="143" />
<SP HEIGHT="47" HPOS="612" VPOS="953" WIDTH="24" />
<String CONTENT="p." HEIGHT="37" HPOS="637" VPOS="963" WIDTH="41" />
<SP HEIGHT="39" HPOS="679" VPOS="953" WIDTH="53" />
<String CONTENT="20" HEIGHT="40" HPOS="733" VPOS="952" WIDTH="54" />
<String CONTENT="cm" HEIGHT="20" HPOS="791" STYLE="superscript" VPOS="955" WIDTH="43" />
<String CONTENT="." HEIGHT="6" HPOS="841" VPOS="986" WIDTH="7" />
<SP HEIGHT="45" HPOS="849" VPOS="953" WIDTH="63" />
<String CONTENT="(Half-title:" HEIGHT="49" HPOS="913" VPOS="953" WIDTH="297" />
<SP HEIGHT="40" HPOS="1211" VPOS="953" WIDTH="23" />
<String CONTENT="The" HEIGHT="38" HPOS="1235" VPOS="953" WIDTH="100" />
<SP HEIGHT="39" HPOS="1336" VPOS="953" WIDTH="25" />
<String CONTENT="Judson" HEIGHT="39" HPOS="1362" VPOS="953" WIDTH="185" />
<SP HEIGHT="37" HPOS="1548" VPOS="964" WIDTH="25" />
<String CONTENT="press" HEIGHT="37" HPOS="1574" VPOS="964" WIDTH="135" />
<SP HEIGHT="29" HPOS="1710" VPOS="964" WIDTH="25" />
<String CONTENT="sermons)" HEIGHT="44" HPOS="1736" VPOS="955" WIDTH="240" />
</TextLine>
<TextLine CS="1" HEIGHT="51" HPOS="215" VPOS="1023" WIDTH="1822">
<String CONTENT="&#169;" HEIGHT="50" HPOS="215" VPOS="1023" WIDTH="50" />
<SP HEIGHT="50" HPOS="266" VPOS="1023" WIDTH="27" />
<String CONTENT="Nov." HEIGHT="39" HPOS="294" VPOS="1027" WIDTH="115" />
<SP HEIGHT="38" HPOS="410" VPOS="1028" WIDTH="27" />
<String CONTENT="21." HEIGHT="38" HPOS="438" VPOS="1028" WIDTH="67" />
<SP HEIGHT="37" HPOS="506" VPOS="1029" WIDTH="28" />
<String CONTENT="1933;" HEIGHT="39" HPOS="535" VPOS="1027" WIDTH="138" />
<SP HEIGHT="39" HPOS="674" VPOS="1027" WIDTH="29" />
<String CONTENT="2c." HEIGHT="39" HPOS="704" VPOS="1027" WIDTH="65" />
<SP HEIGHT="27" HPOS="770" VPOS="1039" WIDTH="28" />
<String CONTENT="and" HEIGHT="37" HPOS="799" VPOS="1028" WIDTH="94" />
<SP HEIGHT="37" HPOS="894" VPOS="1028" WIDTH="27" />
<String CONTENT="aff." CS="1" HEIGHT="38" HPOS="922" VPOS="1026" WIDTH="79" />
<SP HEIGHT="37" HPOS="1002" VPOS="1027" WIDTH="29" />
<String CONTENT="Jan." HEIGHT="37" HPOS="1032" VPOS="1027" WIDTH="107" />
<SP HEIGHT="37" HPOS="1140" VPOS="1027" WIDTH="27" />
<String CONTENT="3." HEIGHT="38" HPOS="1168" VPOS="1027" WIDTH="38" />
<SP HEIGHT="38" HPOS="1207" VPOS="1027" WIDTH="28" />
<String CONTENT="1934;" HEIGHT="47" HPOS="1236" VPOS="1025" WIDTH="138" />
<SP HEIGHT="45" HPOS="1375" VPOS="1027" WIDTH="30" />
<String CONTENT="A" HEIGHT="37" HPOS="1406" VPOS="1027" WIDTH="39" />
<SP HEIGHT="38" HPOS="1446" VPOS="1026" WIDTH="28" />
<String CONTENT="68722:" HEIGHT="40" HPOS="1475" VPOS="1026" WIDTH="167" />
<SP HEIGHT="39" HPOS="1643" VPOS="1027" WIDTH="31" />
<String CONTENT="Judson" HEIGHT="38" HPOS="1675" VPOS="1027" WIDTH="185" />
<SP HEIGHT="36" HPOS="1861" VPOS="1038" WIDTH="28" />
<String CONTENT="press." HEIGHT="37" HPOS="1890" VPOS="1037" WIDTH="147" />
</TextLine>
<TextLine HEIGHT="47" HPOS="292" VPOS="1083" WIDTH="247">
<String CONTENT="(34-1081)" HEIGHT="47" HPOS="292" VPOS="1083" WIDTH="247" />
</TextLine>
<TextLine HEIGHT="66" HPOS="214" STYLEREFS="StyleId-D67A28BB-24CF-4AAD-A968-8539FE4610B3-" VPOS="1198" WIDTH="843">
<String CONTENT="Berthier," HEIGHT="65" HPOS="214" VPOS="1198" WIDTH="292" />
<SP HEIGHT="63" HPOS="507" VPOS="1200" WIDTH="29" />
<String CONTENT="Jean," HEIGHT="64" HPOS="537" VPOS="1200" WIDTH="164" />
<SP HEIGHT="60" HPOS="702" VPOS="1204" WIDTH="32" />
<String CONTENT="1810-1908." HEIGHT="49" HPOS="735" VPOS="1202" WIDTH="322" />
</TextLine>
<TextLine CS="1" HEIGHT="129" HPOS="215" STYLEREFS="StyleId-D3EF9DFE-1646-413E-B515-C5EBE62C9629-" VPOS="1277" WIDTH="1962">
<String CONTENT="A" HEIGHT="51" HPOS="285" VPOS="1278" WIDTH="55" />
<SP HEIGHT="51" HPOS="341" VPOS="1278" WIDTH="39" />
<String CONTENT="compendium" HEIGHT="67" HPOS="381" VPOS="1277" WIDTH="396" />
<SP HEIGHT="32" HPOS="778" VPOS="1297" WIDTH="40" />
<String CONTENT="of" HEIGHT="51" HPOS="819" VPOS="1278" WIDTH="61" />
<SP HEIGHT="50" HPOS="881" VPOS="1278" WIDTH="41" />
<String CONTENT="theology," HEIGHT="67" HPOS="923" VPOS="1278" WIDTH="283" />
<SP HEIGHT="40" HPOS="1207" VPOS="1297" WIDTH="43" />
<String CONTENT="comprising" HEIGHT="67" HPOS="1251" VPOS="1278" WIDTH="347" />
<SP HEIGHT="63" HPOS="1599" VPOS="1282" WIDTH="37" />
<String CONTENT="the" HEIGHT="50" HPOS="1637" VPOS="1279" WIDTH="94" />
<SP HEIGHT="33" HPOS="1732" VPOS="1297" WIDTH="39" />
<String CONTENT="essential" HEIGHT="53" HPOS="1772" VPOS="1277" WIDTH="262" />
<SP HEIGHT="51" HPOS="2035" VPOS="1277" WIDTH="40" />
<String CONTENT="doctrinal" HEIGHT="129" HPOS="215" VPOS="1277" WIDTH="1962" />
</TextLine>
<TextLine HEIGHT="68" HPOS="427" STYLEREFS="StyleId-D3EF9DFE-1646-413E-B515-C5EBE62C9629-" VPOS="1355" WIDTH="1775">
<String CONTENT="points" HEIGHT="65" HPOS="427" VPOS="1356" WIDTH="191" />
<SP HEIGHT="33" HPOS="619" VPOS="1374" WIDTH="37" />
<String CONTENT="of" HEIGHT="51" HPOS="657" VPOS="1356" WIDTH="61" />
<SP HEIGHT="51" HPOS="719" VPOS="1356" WIDTH="37" />
<String CONTENT="both" HEIGHT="51" HPOS="757" VPOS="1356" WIDTH="134" />
<SP HEIGHT="50" HPOS="892" VPOS="1356" WIDTH="39" />
<String CONTENT="dogmatic" HEIGHT="68" HPOS="932" VPOS="1355" WIDTH="284" />
<SP HEIGHT="34" HPOS="1217" VPOS="1374" WIDTH="38" />
<String CONTENT="and" HEIGHT="52" HPOS="1256" VPOS="1356" WIDTH="111" />
<SP HEIGHT="51" HPOS="1368" VPOS="1356" WIDTH="33" />
<String CONTENT="moral" HEIGHT="50" HPOS="1402" VPOS="1357" WIDTH="183" />
<SP HEIGHT="49" HPOS="1586" VPOS="1357" WIDTH="35" />
<String CONTENT="theology," HEIGHT="67" HPOS="1622" VPOS="1356" WIDTH="284" />
<SP HEIGHT="62" HPOS="1907" VPOS="1360" WIDTH="35" />
<String CONTENT="together" HEIGHT="67" HPOS="1943" VPOS="1356" WIDTH="259" />
</TextLine>
<TextLine CS="1" HEIGHT="132" HPOS="216" STYLEREFS="StyleId-D3EF9DFE-1646-413E-B515-C5EBE62C9629-" VPOS="1432" WIDTH="1961">
<String CONTENT="with" HEIGHT="51" HPOS="218" VPOS="1432" WIDTH="138" />
<SP HEIGHT="51" HPOS="357" VPOS="1433" WIDTH="37" />
<String CONTENT="the" HEIGHT="49" HPOS="395" VPOS="1435" WIDTH="93" />
<SP HEIGHT="32" HPOS="489" VPOS="1452" WIDTH="35" />
<String CONTENT="more" HEIGHT="34" HPOS="525" VPOS="1451" WIDTH="151" />
<SP HEIGHT="51" HPOS="677" VPOS="1434" WIDTH="37" />
<String CONTENT="important" HEIGHT="66" HPOS="715" VPOS="1434" WIDTH="314" />
<SP HEIGHT="46" HPOS="1030" VPOS="1439" WIDTH="35" />
<String CONTENT="notions" HEIGHT="51" HPOS="1066" VPOS="1435" WIDTH="224" />
<SP HEIGHT="33" HPOS="1291" VPOS="1453" WIDTH="35" />
<String CONTENT="of" HEIGHT="53" HPOS="1327" VPOS="1433" WIDTH="63" />
<SP HEIGHT="53" HPOS="1391" VPOS="1433" WIDTH="34" />
<String CONTENT="canon" HEIGHT="34" HPOS="1426" VPOS="1452" WIDTH="178" />
<SP HEIGHT="49" HPOS="1605" VPOS="1436" WIDTH="35" />
<String CONTENT="law," HEIGHT="65" HPOS="1641" VPOS="1436" WIDTH="126" />
<SP HEIGHT="67" HPOS="1768" VPOS="1434" WIDTH="35" />
<String CONTENT="liturgy," HEIGHT="67" HPOS="1804" VPOS="1434" WIDTH="237" />
<SP HEIGHT="48" HPOS="2042" VPOS="1452" WIDTH="33" />
<String CONTENT="pastoral" HEIGHT="113" HPOS="216" VPOS="1451" WIDTH="1961" />
</TextLine>
<TextLine HEIGHT="68" HPOS="395" STYLEREFS="StyleId-D3EF9DFE-1646-413E-B515-C5EBE62C9629-" VPOS="1511" WIDTH="1807">
<String CONTENT="and" HEIGHT="51" HPOS="395" VPOS="1512" WIDTH="112" />
<SP HEIGHT="51" HPOS="508" VPOS="1512" WIDTH="27" />
<String CONTENT="mystical" HEIGHT="67" HPOS="536" VPOS="1511" WIDTH="261" />
<SP HEIGHT="49" HPOS="798" VPOS="1513" WIDTH="28" />
<String CONTENT="theology," HEIGHT="67" HPOS="827" VPOS="1512" WIDTH="284" />
<SP HEIGHT="48" HPOS="1112" VPOS="1530" WIDTH="32" />
<String CONTENT="and" HEIGHT="50" HPOS="1145" VPOS="1513" WIDTH="109" />
<SP HEIGHT="53" HPOS="1255" VPOS="1513" WIDTH="33" />
<String CONTENT="Christian" HEIGHT="54" HPOS="1289" VPOS="1512" WIDTH="295" />
<SP HEIGHT="49" HPOS="1585" VPOS="1530" WIDTH="26" />
<String CONTENT="philosophy," HEIGHT="67" HPOS="1612" VPOS="1512" WIDTH="362" />
<SP HEIGHT="67" HPOS="1975" VPOS="1512" WIDTH="27" />
<String CONTENT="by" HEIGHT="67" HPOS="2003" VPOS="1512" WIDTH="75" />
<SP HEIGHT="63" HPOS="2079" VPOS="1516" WIDTH="28" />
<String CONTENT="the" HEIGHT="53" HPOS="2108" VPOS="1511" WIDTH="94" />
</TextLine>
<TextLine CS="1" HEIGHT="67" HPOS="215" STYLEREFS="StyleId-D3EF9DFE-1646-413E-B515-C5EBE62C9629-" VPOS="1588" WIDTH="1989">
<String CONTENT="Very" HEIGHT="66" HPOS="215" VPOS="1589" WIDTH="153" />
<SP HEIGHT="65" HPOS="369" VPOS="1590" WIDTH="38" />
<String CONTENT="Reverend" HEIGHT="52" HPOS="408" VPOS="1589" WIDTH="294" />
<SP HEIGHT="56" HPOS="703" VPOS="1589" WIDTH="37" />
<String CONTENT="J." HEIGHT="53" HPOS="741" VPOS="1592" WIDTH="54" />
<SP HEIGHT="49" HPOS="796" VPOS="1592" WIDTH="40" />
<String CONTENT="Berthier" HEIGHT="52" HPOS="837" VPOS="1589" WIDTH="263" />
<SP HEIGHT="31" HPOS="1101" VPOS="1609" WIDTH="42" />
<String CONTENT="&#8230;" CS="1" />
<SP HEIGHT="50" HPOS="1198" VPOS="1591" WIDTH="78" />
<String CONTENT="Authorized" HEIGHT="51" HPOS="1277" VPOS="1590" WIDTH="354" />
<SP HEIGHT="51" HPOS="1632" VPOS="1590" WIDTH="37" />
<String CONTENT="translation" HEIGHT="50" HPOS="1670" VPOS="1591" WIDTH="342" />
<SP HEIGHT="53" HPOS="2013" VPOS="1588" WIDTH="38" />
<String CONTENT="from" HEIGHT="54" HPOS="2052" VPOS="1588" WIDTH="152" />
</TextLine>
<TextLine CS="1" HEIGHT="70" HPOS="217" STYLEREFS="StyleId-D3EF9DFE-1646-413E-B515-C5EBE62C9629-" VPOS="1665" WIDTH="1925">
<String CONTENT="the" HEIGHT="51" HPOS="217" VPOS="1668" WIDTH="93" />
<SP HEIGHT="54" HPOS="311" VPOS="1665" WIDTH="36" />
<String CONTENT="fifth" HEIGHT="53" HPOS="348" VPOS="1665" WIDTH="135" />
<SP HEIGHT="50" HPOS="484" VPOS="1668" WIDTH="37" />
<String CONTENT="French" HEIGHT="51" HPOS="522" VPOS="1668" WIDTH="221" />
<SP HEIGHT="50" HPOS="744" VPOS="1669" WIDTH="39" />
<String CONTENT="edition," HEIGHT="66" HPOS="784" VPOS="1668" WIDTH="232" />
<SP HEIGHT="65" HPOS="1017" VPOS="1669" WIDTH="36" />
<String CONTENT="by" HEIGHT="66" HPOS="1054" VPOS="1669" WIDTH="73" />
<SP HEIGHT="61" HPOS="1128" VPOS="1674" WIDTH="33" />
<String CONTENT="the" HEIGHT="51" HPOS="1162" VPOS="1669" WIDTH="95" />
<SP HEIGHT="50" HPOS="1258" VPOS="1670" WIDTH="35" />
<String CONTENT="Rev." HEIGHT="51" HPOS="1294" VPOS="1670" WIDTH="136" />
<SP HEIGHT="53" HPOS="1431" VPOS="1668" WIDTH="41" />
<String CONTENT="Sidney" HEIGHT="66" HPOS="1473" VPOS="1668" WIDTH="213" />
<SP HEIGHT="66" HPOS="1687" VPOS="1668" WIDTH="34" />
<String CONTENT="A." HEIGHT="52" HPOS="1722" VPOS="1668" WIDTH="71" />
<SP HEIGHT="51" HPOS="1794" VPOS="1669" WIDTH="36" />
<String CONTENT="Raemers" HEIGHT="52" HPOS="1831" VPOS="1669" WIDTH="266" />
<SP HEIGHT="32" HPOS="2098" VPOS="1689" WIDTH="44" />
<String CONTENT="&#8230;" CS="1" />
</TextLine>
<TextLine HEIGHT="66" HPOS="217" STYLEREFS="StyleId-D3EF9DFE-1646-413E-B515-C5EBE62C9629-" VPOS="1745" WIDTH="1986">
<String CONTENT="Volume" HEIGHT="52" HPOS="217" VPOS="1746" WIDTH="240" />
<SP HEIGHT="32" HPOS="458" VPOS="1765" WIDTH="34" />
<String CONTENT="iv." HEIGHT="32" HPOS="493" VPOS="1765" WIDTH="70" />
<SP HEIGHT="54" HPOS="564" VPOS="1745" WIDTH="78" />
<String CONTENT="St." HEIGHT="54" HPOS="643" VPOS="1745" WIDTH="81" />
<SP HEIGHT="50" HPOS="725" VPOS="1748" WIDTH="33" />
<String CONTENT="Louis," HEIGHT="54" HPOS="759" VPOS="1748" WIDTH="190" />
<SP HEIGHT="54" HPOS="950" VPOS="1748" WIDTH="32" />
<String CONTENT="Mo." HEIGHT="50" HPOS="983" VPOS="1748" WIDTH="114" />
<SP HEIGHT="32" HPOS="1098" VPOS="1765" WIDTH="37" />
<String CONTENT="and" HEIGHT="51" HPOS="1136" VPOS="1746" WIDTH="109" />
<SP HEIGHT="52" HPOS="1246" VPOS="1746" WIDTH="33" />
<String CONTENT="London," HEIGHT="60" HPOS="1280" VPOS="1747" WIDTH="256" />
<SP HEIGHT="58" HPOS="1537" VPOS="1749" WIDTH="32" />
<String CONTENT="B." HEIGHT="49" HPOS="1570" VPOS="1749" WIDTH="66" />
<SP HEIGHT="51" HPOS="1637" VPOS="1747" WIDTH="31" />
<String CONTENT="Herder" HEIGHT="52" HPOS="1669" VPOS="1746" WIDTH="225" />
<SP HEIGHT="51" HPOS="1895" VPOS="1746" WIDTH="32" />
<String CONTENT="book" HEIGHT="52" HPOS="1928" VPOS="1745" WIDTH="145" />
<SP HEIGHT="52" HPOS="2074" VPOS="1745" WIDTH="31" />
<String CONTENT="co.," HEIGHT="49" HPOS="2106" VPOS="1762" WIDTH="97" />
</TextLine>
<TextLine HEIGHT="48" HPOS="218" STYLEREFS="StyleId-D3EF9DFE-1646-413E-B515-C5EBE62C9629-" VPOS="1826" WIDTH="148">
<String CONTENT="1931." HEIGHT="48" HPOS="218" VPOS="1826" WIDTH="148" />
</TextLine>
<TextLine CS="1" HEIGHT="47" HPOS="286" VPOS="1898" WIDTH="525">
<String CONTENT="3" HEIGHT="34" HPOS="286" VPOS="1901" WIDTH="25" />
<SP HEIGHT="44" HPOS="312" VPOS="1901" WIDTH="27" />
<String CONTENT="p." HEIGHT="35" HPOS="340" VPOS="1910" WIDTH="41" />
<SP HEIGHT="36" HPOS="382" VPOS="1900" WIDTH="29" />
<String CONTENT="l.," CS="1" />
<SP HEIGHT="37" HPOS="455" VPOS="1900" WIDTH="29" />
<String CONTENT="378" HEIGHT="37" HPOS="485" VPOS="1900" WIDTH="84" />
<SP HEIGHT="45" HPOS="570" VPOS="1900" WIDTH="27" />
<String CONTENT="p." HEIGHT="36" HPOS="598" VPOS="1909" WIDTH="41" />
<SP HEIGHT="39" HPOS="640" VPOS="1898" WIDTH="57" />
<String CONTENT="21" HEIGHT="37" HPOS="698" VPOS="1898" WIDTH="48" />
<String CONTENT="cm" HEIGHT="20" HPOS="756" STYLE="superscript" VPOS="1900" WIDTH="43" />
<String CONTENT="." HEIGHT="6" HPOS="805" VPOS="1929" WIDTH="6" />
</TextLine>
<TextLine CS="1" HEIGHT="50" HPOS="219" VPOS="1964" WIDTH="1986">
<String CONTENT="&#169;" HEIGHT="50" HPOS="219" VPOS="1964" WIDTH="50" />
<SP HEIGHT="50" HPOS="270" VPOS="1964" WIDTH="31" />
<String CONTENT="Jan." HEIGHT="39" HPOS="302" VPOS="1969" WIDTH="107" />
<SP HEIGHT="36" HPOS="410" VPOS="1972" WIDTH="30" />
<String CONTENT="8." HEIGHT="35" HPOS="441" VPOS="1972" WIDTH="38" />
<SP HEIGHT="37" HPOS="480" VPOS="1970" WIDTH="31" />
<String CONTENT="1934;" HEIGHT="39" HPOS="512" VPOS="1968" WIDTH="138" />
<SP HEIGHT="38" HPOS="651" VPOS="1969" WIDTH="31" />
<String CONTENT="2c." HEIGHT="38" HPOS="683" VPOS="1969" WIDTH="64" />
<SP HEIGHT="38" HPOS="748" VPOS="1969" WIDTH="32" />
<String CONTENT="Jan." HEIGHT="38" HPOS="781" VPOS="1969" WIDTH="106" />
<SP HEIGHT="37" HPOS="888" VPOS="1969" WIDTH="32" />
<String CONTENT="10:" HEIGHT="39" HPOS="921" VPOS="1967" WIDTH="79" />
<SP HEIGHT="27" HPOS="1001" VPOS="1979" WIDTH="35" />
<String CONTENT="aff." CS="1" HEIGHT="27" HPOS="1037" VPOS="1979" WIDTH="79" />
<SP HEIGHT="38" HPOS="1117" VPOS="1968" WIDTH="33" />
<String CONTENT="Jan." HEIGHT="38" HPOS="1151" VPOS="1968" WIDTH="107" />
<SP HEIGHT="38" HPOS="1259" VPOS="1968" WIDTH="30" />
<String CONTENT="11;" HEIGHT="40" HPOS="1290" VPOS="1968" WIDTH="80" />
<SP HEIGHT="40" HPOS="1371" VPOS="1968" WIDTH="33" />
<String CONTENT="A" HEIGHT="37" HPOS="1405" VPOS="1968" WIDTH="39" />
<SP HEIGHT="39" HPOS="1445" VPOS="1966" WIDTH="30" />
<String CONTENT="68846;" HEIGHT="47" HPOS="1476" VPOS="1965" WIDTH="167" />
<SP HEIGHT="45" HPOS="1644" VPOS="1967" WIDTH="35" />
<String CONTENT="B." HEIGHT="38" HPOS="1680" VPOS="1967" WIDTH="52" />
<SP HEIGHT="39" HPOS="1733" VPOS="1966" WIDTH="30" />
<String CONTENT="Herder" HEIGHT="39" HPOS="1764" VPOS="1966" WIDTH="190" />
<SP HEIGHT="38" HPOS="1955" VPOS="1965" WIDTH="29" />
<String CONTENT="book" HEIGHT="38" HPOS="1985" VPOS="1965" WIDTH="121" />
<SP HEIGHT="38" HPOS="2107" VPOS="1965" WIDTH="31" />
<String CONTENT="co." HEIGHT="29" HPOS="2139" VPOS="1973" WIDTH="66" />
</TextLine>
<TextLine HEIGHT="67" HPOS="217" STYLEREFS="StyleId-D67A28BB-24CF-4AAD-A968-8539FE4610B3-" VPOS="2084" WIDTH="950">
<String CONTENT="Blachly," HEIGHT="66" HPOS="217" VPOS="2084" WIDTH="261" />
<SP HEIGHT="62" HPOS="479" VPOS="2088" WIDTH="31" />
<String CONTENT="Clarence" HEIGHT="54" HPOS="511" VPOS="2086" WIDTH="276" />
<SP HEIGHT="51" HPOS="788" VPOS="2088" WIDTH="29" />
<String CONTENT="Dan," HEIGHT="63" HPOS="818" VPOS="2088" WIDTH="148" />
<SP HEIGHT="59" HPOS="967" VPOS="2092" WIDTH="31" />
<String CONTENT="1881-" HEIGHT="49" HPOS="999" VPOS="2090" WIDTH="168" />
</TextLine>
<TextLine CS="1" HEIGHT="73" HPOS="290" STYLEREFS="StyleId-D3EF9DFE-1646-413E-B515-C5EBE62C9629-" VPOS="2158" WIDTH="1917">
<String CONTENT="One" HEIGHT="53" HPOS="290" VPOS="2160" WIDTH="120" />
<SP HEIGHT="50" HPOS="411" VPOS="2180" WIDTH="30" />
<String CONTENT="year," HEIGHT="50" HPOS="442" VPOS="2180" WIDTH="150" />
<SP HEIGHT="66" HPOS="593" VPOS="2163" WIDTH="30" />
<String CONTENT="by" HEIGHT="66" HPOS="624" VPOS="2163" WIDTH="72" />
<SP HEIGHT="68" HPOS="697" VPOS="2161" WIDTH="33" />
<String CONTENT="Clarence" HEIGHT="54" HPOS="731" VPOS="2161" WIDTH="266" />
<SP HEIGHT="51" HPOS="998" VPOS="2163" WIDTH="33" />
<String CONTENT="Dan" HEIGHT="51" HPOS="1032" VPOS="2163" WIDTH="126" />
<SP HEIGHT="50" HPOS="1159" VPOS="2163" WIDTH="32" />
<String CONTENT="Blachly," HEIGHT="68" HPOS="1192" VPOS="2163" WIDTH="258" />
<SP HEIGHT="51" HPOS="1451" VPOS="2180" WIDTH="31" />
<String CONTENT="PH." CS="1" HEIGHT="9" HPOS="1571" VPOS="2205" WIDTH="9" />
<SP HEIGHT="34" HPOS="1581" VPOS="2180" WIDTH="31" />
<String CONTENT="D." CS="1" HEIGHT="9" HPOS="1651" VPOS="2203" WIDTH="9" />
<SP HEIGHT="33" HPOS="1661" VPOS="2195" WIDTH="73" />
<String CONTENT="[Takoma" CS="1" HEIGHT="51" HPOS="1753" VPOS="2160" WIDTH="249" />
<SP HEIGHT="51" HPOS="2003" VPOS="2159" WIDTH="31" />
<String CONTENT="Park," HEIGHT="68" HPOS="2035" VPOS="2158" WIDTH="172" />
</TextLine>
<TextLine CS="1" HEIGHT="69" HPOS="217" STYLEREFS="StyleId-D3EF9DFE-1646-413E-B515-C5EBE62C9629-" VPOS="2240" WIDTH="1205">
<String CONTENT="Md.," HEIGHT="67" HPOS="217" VPOS="2240" WIDTH="138" />
<SP HEIGHT="67" HPOS="356" VPOS="2240" WIDTH="36" />
<String CONTENT="Washington" HEIGHT="67" HPOS="393" VPOS="2240" WIDTH="379" />
<SP HEIGHT="33" HPOS="773" VPOS="2258" WIDTH="37" />
<String CONTENT="college" HEIGHT="66" HPOS="811" VPOS="2242" WIDTH="207" />
<SP HEIGHT="49" HPOS="1019" VPOS="2260" WIDTH="38" />
<String CONTENT="press," HEIGHT="50" HPOS="1058" VPOS="2259" WIDTH="171" />
<SP HEIGHT="59" HPOS="1230" VPOS="2248" WIDTH="38" />
<String CONTENT="c" HEIGHT="20" HPOS="1269" STYLE="superscript" VPOS="2248" WIDTH="17" />
<String CONTENT="1933]" CS="1" HEIGHT="47" HPOS="1293" VPOS="2244" WIDTH="129" />
</TextLine>
<TextLine CS="1" HEIGHT="48" HPOS="285" VPOS="2311" WIDTH="338">
<String CONTENT="103" HEIGHT="40" HPOS="285" VPOS="2311" WIDTH="83" />
<SP HEIGHT="47" HPOS="369" VPOS="2312" WIDTH="32" />
<String CONTENT="p." HEIGHT="37" HPOS="402" VPOS="2322" WIDTH="43" />
<SP HEIGHT="39" HPOS="446" VPOS="2313" WIDTH="62" />
<String CONTENT="15" CS="1" HEIGHT="38" HPOS="539" VPOS="2312" WIDTH="24" />
<String CONTENT="cm" HEIGHT="21" HPOS="566" STYLE="superscript" VPOS="2314" WIDTH="43" />
<String CONTENT="." HEIGHT="8" HPOS="615" VPOS="2344" WIDTH="8" />
</TextLine>
<TextLine HEIGHT="40" HPOS="287" VPOS="2369" WIDTH="183">
<String CONTENT="Poems." HEIGHT="40" HPOS="287" VPOS="2369" WIDTH="183" />
</TextLine>
<TextLine HEIGHT="50" HPOS="222" VPOS="2427" WIDTH="1984">
<String CONTENT="&#169;" HEIGHT="50" HPOS="222" VPOS="2427" WIDTH="49" />
<SP HEIGHT="50" HPOS="272" VPOS="2427" WIDTH="24" />
<String CONTENT="Nov." HEIGHT="38" HPOS="297" VPOS="2431" WIDTH="115" />
<SP HEIGHT="37" HPOS="413" VPOS="2432" WIDTH="25" />
<String CONTENT="15." HEIGHT="39" HPOS="439" VPOS="2431" WIDTH="67" />
<SP HEIGHT="38" HPOS="507" VPOS="2432" WIDTH="25" />
<String CONTENT="1933" HEIGHT="39" HPOS="533" VPOS="2430" WIDTH="111" />
<SP HEIGHT="38" HPOS="645" VPOS="2432" WIDTH="18" />
<String CONTENT=":" HEIGHT="29" HPOS="664" VPOS="2441" WIDTH="7" />
<SP HEIGHT="40" HPOS="672" VPOS="2430" WIDTH="26" />
<String CONTENT="2c." HEIGHT="39" HPOS="699" VPOS="2430" WIDTH="64" />
<SP HEIGHT="38" HPOS="764" VPOS="2431" WIDTH="28" />
<String CONTENT="Jan." HEIGHT="38" HPOS="793" VPOS="2431" WIDTH="106" />
<SP HEIGHT="38" HPOS="900" VPOS="2431" WIDTH="25" />
<String CONTENT="2." HEIGHT="38" HPOS="926" VPOS="2431" WIDTH="38" />
<SP HEIGHT="37" HPOS="965" VPOS="2432" WIDTH="24" />
<String CONTENT="1934;" HEIGHT="46" HPOS="990" VPOS="2430" WIDTH="138" />
<SP HEIGHT="45" HPOS="1129" VPOS="2431" WIDTH="28" />
<String CONTENT="A" HEIGHT="38" HPOS="1158" VPOS="2431" WIDTH="38" />
<SP HEIGHT="38" HPOS="1197" VPOS="2431" WIDTH="23" />
<String CONTENT="67831;" HEIGHT="38" HPOS="1221" VPOS="2431" WIDTH="168" />
<SP HEIGHT="40" HPOS="1390" VPOS="2430" WIDTH="29" />
<String CONTENT="C." HEIGHT="40" HPOS="1420" VPOS="2430" WIDTH="46" />
<SP HEIGHT="38" HPOS="1467" VPOS="2432" WIDTH="27" />
<String CONTENT="D." HEIGHT="37" HPOS="1495" VPOS="2432" WIDTH="54" />
<SP HEIGHT="37" HPOS="1550" VPOS="2431" WIDTH="27" />
<String CONTENT="Blackly," HEIGHT="46" HPOS="1578" VPOS="2430" WIDTH="215" />
<SP HEIGHT="46" HPOS="1794" VPOS="2430" WIDTH="27" />
<String CONTENT="Takoma" HEIGHT="38" HPOS="1822" VPOS="2430" WIDTH="212" />
<SP HEIGHT="38" HPOS="2035" VPOS="2430" WIDTH="27" />
<String CONTENT="Park," HEIGHT="45" HPOS="2063" VPOS="2428" WIDTH="143" />
</TextLine>
<TextLine HEIGHT="47" HPOS="291" VPOS="2486" WIDTH="385">
<String CONTENT="Md." HEIGHT="37" HPOS="291" VPOS="2489" WIDTH="94" />
<SP HEIGHT="44" HPOS="386" VPOS="2489" WIDTH="70" />
<String CONTENT="(34-988)" HEIGHT="47" HPOS="457" VPOS="2486" WIDTH="219" />
</TextLine>
<TextLine HEIGHT="65" HPOS="219" STYLEREFS="StyleId-D67A28BB-24CF-4AAD-A968-8539FE4610B3-" VPOS="2605" WIDTH="846">
<String CONTENT="Bogert," HEIGHT="63" HPOS="219" VPOS="2605" WIDTH="238" />
<SP HEIGHT="62" HPOS="458" VPOS="2606" WIDTH="29" />
<String CONTENT="Lotta" HEIGHT="51" HPOS="488" VPOS="2606" WIDTH="178" />
<SP HEIGHT="52" HPOS="667" VPOS="2606" WIDTH="28" />
<String CONTENT="Jean," HEIGHT="64" HPOS="696" VPOS="2606" WIDTH="164" />
<SP HEIGHT="60" HPOS="861" VPOS="2610" WIDTH="33" />
<String CONTENT="1888-" HEIGHT="49" HPOS="895" VPOS="2609" WIDTH="170" />
</TextLine>
<TextLine HEIGHT="71" HPOS="289" STYLEREFS="StyleId-D3EF9DFE-1646-413E-B515-C5EBE62C9629-" VPOS="2681" WIDTH="1917">
<String CONTENT="Diet" HEIGHT="53" HPOS="289" VPOS="2681" WIDTH="138" />
<SP HEIGHT="44" HPOS="428" VPOS="2690" WIDTH="26" />
<String CONTENT="and" HEIGHT="50" HPOS="455" VPOS="2684" WIDTH="110" />
<SP HEIGHT="65" HPOS="566" VPOS="2684" WIDTH="29" />
<String CONTENT="personality;" HEIGHT="67" HPOS="596" VPOS="2684" WIDTH="378" />
<SP HEIGHT="58" HPOS="975" VPOS="2682" WIDTH="34" />
<String CONTENT="fitting" HEIGHT="70" HPOS="1010" VPOS="2682" WIDTH="192" />
<SP HEIGHT="68" HPOS="1203" VPOS="2684" WIDTH="29" />
<String CONTENT="food" HEIGHT="53" HPOS="1233" VPOS="2684" WIDTH="137" />
<SP HEIGHT="50" HPOS="1371" VPOS="2686" WIDTH="29" />
<String CONTENT="to" HEIGHT="48" HPOS="1401" VPOS="2690" WIDTH="56" />
<SP HEIGHT="49" HPOS="1458" VPOS="2689" WIDTH="29" />
<String CONTENT="type" HEIGHT="62" HPOS="1488" VPOS="2689" WIDTH="134" />
<SP HEIGHT="32" HPOS="1623" VPOS="2703" WIDTH="31" />
<String CONTENT="and" HEIGHT="51" HPOS="1655" VPOS="2684" WIDTH="111" />
<SP HEIGHT="52" HPOS="1767" VPOS="2684" WIDTH="29" />
<String CONTENT="environment," HEIGHT="65" HPOS="1797" VPOS="2684" WIDTH="409" />
</TextLine>
<TextLine CS="1" HEIGHT="67" HPOS="222" STYLEREFS="StyleId-D3EF9DFE-1646-413E-B515-C5EBE62C9629-" VPOS="2761" WIDTH="1982">
<String CONTENT="by" HEIGHT="67" HPOS="222" VPOS="2761" WIDTH="73" />
<SP HEIGHT="65" HPOS="296" VPOS="2763" WIDTH="27" />
<String CONTENT="L." HEIGHT="50" HPOS="324" VPOS="2763" WIDTH="63" />
<SP HEIGHT="53" HPOS="388" VPOS="2762" WIDTH="30" />
<String CONTENT="Jean" HEIGHT="53" HPOS="419" VPOS="2762" WIDTH="146" />
<SP HEIGHT="49" HPOS="566" VPOS="2764" WIDTH="30" />
<String CONTENT="Bogert" HEIGHT="64" HPOS="597" VPOS="2764" WIDTH="216" />
<SP HEIGHT="47" HPOS="814" VPOS="2767" WIDTH="34" />
<String CONTENT="&#8230;" CS="1" />
<SP HEIGHT="52" HPOS="903" VPOS="2764" WIDTH="78" />
<String CONTENT="With" HEIGHT="54" HPOS="982" VPOS="2762" WIDTH="161" />
<SP HEIGHT="52" HPOS="1144" VPOS="2762" WIDTH="31" />
<String CONTENT="an" HEIGHT="33" HPOS="1176" VPOS="2781" WIDTH="70" />
<SP HEIGHT="51" HPOS="1247" VPOS="2762" WIDTH="30" />
<String CONTENT="introduction" HEIGHT="52" HPOS="1278" VPOS="2762" WIDTH="387" />
<SP HEIGHT="51" HPOS="1666" VPOS="2762" WIDTH="29" />
<String CONTENT="by" HEIGHT="64" HPOS="1696" VPOS="2762" WIDTH="73" />
<SP HEIGHT="64" HPOS="1770" VPOS="2762" WIDTH="30" />
<String CONTENT="Lafayette" CS="1" HEIGHT="51" HPOS="1801" VPOS="2761" WIDTH="309" />
<SP HEIGHT="49" HPOS="2111" VPOS="2762" WIDTH="26" />
<String CONTENT="B." HEIGHT="49" HPOS="2138" VPOS="2762" WIDTH="66" />
</TextLine>
<TextLine CS="1" HEIGHT="68" HPOS="221" STYLEREFS="StyleId-D3EF9DFE-1646-413E-B515-C5EBE62C9629-" VPOS="2838" WIDTH="1809">
<String CONTENT="Mendel" HEIGHT="52" HPOS="221" VPOS="2838" WIDTH="229" />
<SP HEIGHT="49" HPOS="451" VPOS="2841" WIDTH="42" />
<String CONTENT="&#8230;" CS="1" />
<SP HEIGHT="51" HPOS="549" VPOS="2840" WIDTH="76" />
<String CONTENT="New" HEIGHT="51" HPOS="626" VPOS="2840" WIDTH="139" />
<SP HEIGHT="51" HPOS="766" VPOS="2841" WIDTH="38" />
<String CONTENT="York," HEIGHT="54" HPOS="805" VPOS="2839" WIDTH="177" />
<SP HEIGHT="50" HPOS="983" VPOS="2843" WIDTH="37" />
<String CONTENT="The" HEIGHT="51" HPOS="1021" VPOS="2842" WIDTH="119" />
<SP HEIGHT="49" HPOS="1141" VPOS="2844" WIDTH="34" />
<String CONTENT="Macmillan" HEIGHT="52" HPOS="1176" VPOS="2841" WIDTH="334" />
<SP HEIGHT="35" HPOS="1511" VPOS="2859" WIDTH="36" />
<String CONTENT="company," HEIGHT="49" HPOS="1548" VPOS="2857" WIDTH="294" />
<SP HEIGHT="61" HPOS="1843" VPOS="2843" WIDTH="39" />
<String CONTENT="1934." HEIGHT="48" HPOS="1883" VPOS="2841" WIDTH="147" />
</TextLine>
<TextLine CS="1" HEIGHT="48" HPOS="288" VPOS="2912" WIDTH="641">
<String CONTENT="ix" HEIGHT="39" HPOS="288" VPOS="2913" WIDTH="49" />
<SP HEIGHT="35" HPOS="338" VPOS="2925" WIDTH="26" />
<String CONTENT="p.." HEIGHT="35" HPOS="365" LANG="la" VPOS="2925" WIDTH="56" />
<SP HEIGHT="40" HPOS="422" VPOS="2913" WIDTH="27" />
<String CONTENT="1" HEIGHT="37" HPOS="450" VPOS="2913" WIDTH="23" />
<SP />
<String CONTENT="l.." CS="1" HEIGHT="9" HPOS="539" VPOS="2944" WIDTH="7" />
<SP HEIGHT="40" HPOS="547" VPOS="2913" WIDTH="27" />
<String CONTENT="223" HEIGHT="40" HPOS="575" VPOS="2912" WIDTH="83" />
<SP HEIGHT="46" HPOS="659" VPOS="2913" WIDTH="27" />
<String CONTENT="p." HEIGHT="36" HPOS="687" VPOS="2923" WIDTH="41" />
<SP HEIGHT="39" HPOS="729" VPOS="2912" WIDTH="55" />
<String CONTENT="20&#189;" CS="1" HEIGHT="40" HPOS="785" VPOS="2912" WIDTH="58" />
<String CONTENT="cm" HEIGHT="20" HPOS="873" STYLE="superscript" VPOS="2915" WIDTH="42" />
<String CONTENT="." HEIGHT="6" HPOS="923" VPOS="2946" WIDTH="6" />
</TextLine>
<TextLine CS="1" HEIGHT="50" HPOS="223" VPOS="2966" WIDTH="1712">
<String CONTENT="&#169;" HEIGHT="50" HPOS="223" VPOS="2966" WIDTH="51" />
<SP HEIGHT="50" HPOS="275" VPOS="2966" WIDTH="28" />
<String CONTENT="Jan." CS="1" HEIGHT="28" HPOS="337" VPOS="2980" WIDTH="75" />
<SP HEIGHT="37" HPOS="413" VPOS="2971" WIDTH="27" />
<String CONTENT="16." HEIGHT="39" HPOS="441" VPOS="2970" WIDTH="67" />
<SP HEIGHT="38" HPOS="509" VPOS="2971" WIDTH="29" />
<String CONTENT="1934;" HEIGHT="39" HPOS="539" VPOS="2969" WIDTH="138" />
<SP HEIGHT="38" HPOS="678" VPOS="2969" WIDTH="30" />
<String CONTENT="2c." HEIGHT="39" HPOS="709" VPOS="2969" WIDTH="66" />
<SP HEIGHT="27" HPOS="776" VPOS="2980" WIDTH="28" />
<String CONTENT="and" HEIGHT="37" HPOS="805" VPOS="2971" WIDTH="94" />
<SP HEIGHT="37" HPOS="900" VPOS="2971" WIDTH="28" />
<String CONTENT="aff." CS="1" HEIGHT="38" HPOS="929" VPOS="2970" WIDTH="79" />
<SP HEIGHT="38" HPOS="1009" VPOS="2971" WIDTH="30" />
<String CONTENT="Jan." HEIGHT="38" HPOS="1040" VPOS="2971" WIDTH="105" />
<SP HEIGHT="36" HPOS="1146" VPOS="2972" WIDTH="30" />
<String CONTENT="17" HEIGHT="36" HPOS="1177" VPOS="2972" WIDTH="54" />
<SP HEIGHT="36" HPOS="1232" VPOS="2972" WIDTH="17" />
<String CONTENT=":" HEIGHT="27" HPOS="1250" VPOS="2981" WIDTH="7" />
<SP HEIGHT="36" HPOS="1258" VPOS="2972" WIDTH="31" />
<String CONTENT="A" HEIGHT="36" HPOS="1290" VPOS="2972" WIDTH="40" />
<SP HEIGHT="38" HPOS="1331" VPOS="2971" WIDTH="26" />
<String CONTENT="69022:" HEIGHT="41" HPOS="1358" VPOS="2969" WIDTH="168" />
<SP HEIGHT="40" HPOS="1527" VPOS="2970" WIDTH="32" />
<String CONTENT="Macmillan" HEIGHT="40" HPOS="1560" VPOS="2968" WIDTH="281" />
<SP HEIGHT="29" HPOS="1842" VPOS="2977" WIDTH="27" />
<String CONTENT="co." HEIGHT="30" HPOS="1870" VPOS="2977" WIDTH="65" />
</TextLine>
<TextLine HEIGHT="48" HPOS="299" VPOS="3025" WIDTH="220">
<String CONTENT="(34-955)" HEIGHT="48" HPOS="299" VPOS="3025" WIDTH="220" />
</TextLine>
<TextLine HEIGHT="64" HPOS="221" STYLEREFS="StyleId-D67A28BB-24CF-4AAD-A968-8539FE4610B3-" VPOS="3143" WIDTH="584">
<String CONTENT="Bonnell," HEIGHT="64" HPOS="221" VPOS="3143" WIDTH="258" />
<SP HEIGHT="62" HPOS="480" VPOS="3145" WIDTH="30" />
<String CONTENT="Clarence." HEIGHT="55" HPOS="511" VPOS="3143" WIDTH="294" />
</TextLine>
<TextLine HEIGHT="75" HPOS="292" STYLEREFS="StyleId-D3EF9DFE-1646-413E-B515-C5EBE62C9629-" VPOS="3212" WIDTH="1915">
<String CONTENT="Each" HEIGHT="52" HPOS="292" VPOS="3218" WIDTH="157" />
<SP HEIGHT="51" HPOS="450" VPOS="3218" WIDTH="27" />
<String CONTENT="in" HEIGHT="51" HPOS="478" VPOS="3218" WIDTH="59" />
<SP HEIGHT="33" HPOS="538" VPOS="3237" WIDTH="29" />
<String CONTENT="a" HEIGHT="33" HPOS="568" VPOS="3237" WIDTH="31" />
<SP HEIGHT="51" HPOS="600" VPOS="3220" WIDTH="28" />
<String CONTENT="day;" HEIGHT="66" HPOS="629" VPOS="3220" WIDTH="138" />
<SP HEIGHT="64" HPOS="768" VPOS="3220" WIDTH="33" />
<String CONTENT="being" HEIGHT="70" HPOS="802" VPOS="3217" WIDTH="164" />
<SP HEIGHT="49" HPOS="967" VPOS="3238" WIDTH="27" />
<String CONTENT="guides" HEIGHT="65" HPOS="995" VPOS="3222" WIDTH="197" />
<SP HEIGHT="53" HPOS="1193" VPOS="3221" WIDTH="28" />
<String CONTENT="for" HEIGHT="54" HPOS="1222" VPOS="3221" WIDTH="91" />
<SP HEIGHT="37" HPOS="1314" VPOS="3238" WIDTH="30" />
<String CONTENT="making" HEIGHT="67" HPOS="1345" VPOS="3220" WIDTH="234" />
<SP HEIGHT="50" HPOS="1580" VPOS="3237" WIDTH="28" />
<String CONTENT="one" HEIGHT="33" HPOS="1609" VPOS="3238" WIDTH="101" />
<SP HEIGHT="54" HPOS="1711" VPOS="3217" WIDTH="29" />
<String CONTENT="day" HEIGHT="68" HPOS="1741" VPOS="3217" WIDTH="109" />
<SP HEIGHT="50" HPOS="1851" VPOS="3235" WIDTH="28" />
<String CONTENT="round-trip" HEIGHT="69" HPOS="1880" VPOS="3212" WIDTH="327" />
</TextLine>
<TextLine CS="1" HEIGHT="228" HPOS="217" STYLEREFS="StyleId-D3EF9DFE-1646-413E-B515-C5EBE62C9629-" VPOS="3292" WIDTH="1970">
<String CONTENT="journeys" HEIGHT="68" HPOS="217" VPOS="3295" WIDTH="265" />
<SP HEIGHT="54" HPOS="483" VPOS="3297" WIDTH="23" />
<String CONTENT="from" HEIGHT="50" HPOS="507" VPOS="3297" WIDTH="149" />
<SP HEIGHT="50" HPOS="657" VPOS="3297" WIDTH="22" />
<String CONTENT="Harrisburg," HEIGHT="71" HPOS="680" VPOS="3296" WIDTH="371" />
<SP HEIGHT="68" HPOS="1052" VPOS="3299" WIDTH="24" />
<String CONTENT="Illinois," HEIGHT="67" HPOS="1077" VPOS="3299" WIDTH="240" />
<SP HEIGHT="59" HPOS="1318" VPOS="3307" WIDTH="21" />
<String CONTENT="to" HEIGHT="45" HPOS="1340" VPOS="3307" WIDTH="56" />
<SP HEIGHT="48" HPOS="1397" VPOS="3317" WIDTH="21" />
<String CONTENT="places" HEIGHT="66" HPOS="1419" VPOS="3299" WIDTH="184" />
<SP HEIGHT="34" HPOS="1604" VPOS="3315" WIDTH="21" />
<String CONTENT="of" HEIGHT="51" HPOS="1626" VPOS="3297" WIDTH="62" />
<SP HEIGHT="50" HPOS="1689" VPOS="3297" WIDTH="21" />
<String CONTENT="natural" HEIGHT="51" HPOS="1711" VPOS="3296" WIDTH="227" />
<SP HEIGHT="49" HPOS="1939" VPOS="3296" WIDTH="23" />
<String CONTENT="and" HEIGHT="53" HPOS="1963" VPOS="3292" WIDTH="111" />
<SP HEIGHT="51" HPOS="2075" VPOS="3292" WIDTH="21" />
<String CONTENT="historic" HEIGHT="134" HPOS="223" VPOS="3292" WIDTH="1961" />
<SP HEIGHT="52" HPOS="366" VPOS="3374" WIDTH="39" />
<String CONTENT="interest" HEIGHT="53" HPOS="406" VPOS="3374" WIDTH="232" />
<SP HEIGHT="46" HPOS="639" VPOS="3381" WIDTH="45" />
<String CONTENT="&#8230;" CS="1" />
<SP HEIGHT="54" HPOS="741" VPOS="3374" WIDTH="84" />
<String CONTENT="Copyright" HEIGHT="69" HPOS="826" VPOS="3374" WIDTH="321" />
<SP HEIGHT="51" HPOS="1148" VPOS="3376" WIDTH="40" />
<String CONTENT="by" HEIGHT="68" HPOS="1189" VPOS="3376" WIDTH="72" />
<SP HEIGHT="69" HPOS="1262" VPOS="3375" WIDTH="44" />
<String CONTENT="Clarence" HEIGHT="54" HPOS="1307" VPOS="3375" WIDTH="266" />
<SP HEIGHT="54" HPOS="1574" VPOS="3374" WIDTH="44" />
<String CONTENT="Bonnell." HEIGHT="55" HPOS="1619" VPOS="3371" WIDTH="256" />
<SP HEIGHT="34" HPOS="1876" VPOS="3405" WIDTH="84" />
<String CONTENT="[Harrisburg," HEIGHT="151" HPOS="221" VPOS="3368" WIDTH="1966" />
<SP HEIGHT="67" HPOS="382" VPOS="3452" WIDTH="34" />
<String CONTENT="Ill.]" HEIGHT="67" HPOS="417" VPOS="3452" WIDTH="110" />
<SP HEIGHT="66" HPOS="528" VPOS="3453" WIDTH="41" />
<String CONTENT="Register" HEIGHT="67" HPOS="570" VPOS="3453" WIDTH="259" />
<SP HEIGHT="49" HPOS="830" VPOS="3471" WIDTH="33" />
<String CONTENT="print," HEIGHT="67" HPOS="864" VPOS="3453" WIDTH="174" />
<SP HEIGHT="59" HPOS="1039" VPOS="3461" WIDTH="35" />
<String CONTENT="c" HEIGHT="20" HPOS="1075" STYLE="superscript" VPOS="3461" WIDTH="17" />
<String CONTENT="1933." HEIGHT="48" HPOS="1098" VPOS="3457" WIDTH="146" />
</TextLine>
<TextLine HEIGHT="51" HPOS="287" STYLEREFS="StyleId-D3EF9DFE-1646-413E-B515-C5EBE62C9629-" VPOS="3523" WIDTH="703">
<String CONTENT="cover-title," HEIGHT="49" HPOS="287" VPOS="3523" WIDTH="283" />
<SP HEIGHT="30" HPOS="571" VPOS="3544" WIDTH="45" />
<String CONTENT="[103]" HEIGHT="50" HPOS="617" VPOS="3524" WIDTH="111" />
<SP HEIGHT="37" HPOS="729" VPOS="3536" WIDTH="43" />
<String CONTENT="p." HEIGHT="36" HPOS="773" VPOS="3536" WIDTH="41" />
<SP HEIGHT="40" HPOS="815" VPOS="3524" WIDTH="59" />
<String CONTENT="21" HEIGHT="39" HPOS="875" VPOS="3524" WIDTH="53" />
<String CONTENT="cm" HEIGHT="21" HPOS="933" STYLE="superscript" VPOS="3527" WIDTH="44" />
<String CONTENT="." HEIGHT="8" HPOS="983" VPOS="3557" WIDTH="7" />
</TextLine>
<TextLine HEIGHT="41" HPOS="291" VPOS="3580" WIDTH="596">
<String CONTENT="Illustration" HEIGHT="41" HPOS="291" VPOS="3580" WIDTH="307" />
<SP HEIGHT="28" HPOS="599" VPOS="3592" WIDTH="37" />
<String CONTENT="on" HEIGHT="28" HPOS="637" VPOS="3592" WIDTH="58" />
<SP HEIGHT="29" HPOS="696" VPOS="3592" WIDTH="39" />
<String CONTENT="cover." HEIGHT="30" HPOS="736" VPOS="3591" WIDTH="151" />
</TextLine>
<TextLine HEIGHT="52" HPOS="292" VPOS="3635" WIDTH="1916">
<String CONTENT="Running" HEIGHT="48" HPOS="292" VPOS="3638" WIDTH="226" />
<SP HEIGHT="44" HPOS="519" VPOS="3642" WIDTH="28" />
<String CONTENT="title" HEIGHT="39" HPOS="548" VPOS="3639" WIDTH="105" />
<SP HEIGHT="28" HPOS="654" VPOS="3649" WIDTH="18" />
<String CONTENT=":" HEIGHT="26" HPOS="673" VPOS="3650" WIDTH="7" />
<SP HEIGHT="37" HPOS="681" VPOS="3640" WIDTH="31" />
<String CONTENT="Little" HEIGHT="40" HPOS="713" VPOS="3639" WIDTH="147" />
<SP HEIGHT="45" HPOS="861" VPOS="3639" WIDTH="25" />
<String CONTENT="journeys" HEIGHT="45" HPOS="887" VPOS="3639" WIDTH="230" />
<SP HEIGHT="38" HPOS="1118" VPOS="3640" WIDTH="26" />
<String CONTENT="from" HEIGHT="39" HPOS="1145" VPOS="3640" WIDTH="125" />
<SP HEIGHT="38" HPOS="1271" VPOS="3641" WIDTH="30" />
<String CONTENT="Harrisburg," HEIGHT="48" HPOS="1302" VPOS="3639" WIDTH="313" />
<SP HEIGHT="45" HPOS="1616" VPOS="3641" WIDTH="27" />
<String CONTENT="by" HEIGHT="46" HPOS="1644" VPOS="3641" WIDTH="58" />
<SP HEIGHT="47" HPOS="1703" VPOS="3640" WIDTH="31" />
<String CONTENT="Clarence" HEIGHT="40" HPOS="1735" VPOS="3640" WIDTH="229" />
<SP HEIGHT="38" HPOS="1965" VPOS="3640" WIDTH="28" />
<String CONTENT="Bonnell." HEIGHT="42" HPOS="1994" VPOS="3635" WIDTH="214" />
</TextLine>
<TextLine HEIGHT="51" HPOS="289" VPOS="3693" WIDTH="1920">
<String CONTENT="&#8220;Series" HEIGHT="40" HPOS="289" VPOS="3695" WIDTH="189" />
<SP HEIGHT="29" HPOS="479" VPOS="3706" WIDTH="28" />
<String CONTENT="of" HEIGHT="40" HPOS="508" VPOS="3695" WIDTH="52" />
<SP HEIGHT="41" HPOS="561" VPOS="3695" WIDTH="27" />
<String CONTENT="directions" HEIGHT="40" HPOS="589" VPOS="3696" WIDTH="261" />
<SP HEIGHT="40" HPOS="851" VPOS="3696" WIDTH="28" />
<String CONTENT="for" HEIGHT="39" HPOS="880" VPOS="3696" WIDTH="77" />
<SP HEIGHT="38" HPOS="958" VPOS="3696" WIDTH="29" />
<String CONTENT="fifty-two" HEIGHT="47" HPOS="988" VPOS="3696" WIDTH="226" />
<SP HEIGHT="29" HPOS="1215" VPOS="3707" WIDTH="32" />
<String CONTENT="one" HEIGHT="29" HPOS="1248" VPOS="3707" WIDTH="88" />
<SP HEIGHT="39" HPOS="1337" VPOS="3698" WIDTH="28" />
<String CONTENT="day" HEIGHT="45" HPOS="1366" VPOS="3698" WIDTH="94" />
<SP HEIGHT="46" HPOS="1461" VPOS="3698" WIDTH="29" />
<String CONTENT="journeys" HEIGHT="46" HPOS="1491" VPOS="3698" WIDTH="230" />
<SP HEIGHT="41" HPOS="1722" VPOS="3696" WIDTH="27" />
<String CONTENT="from" HEIGHT="40" HPOS="1750" VPOS="3696" WIDTH="127" />
<SP HEIGHT="39" HPOS="1878" VPOS="3696" WIDTH="31" />
<String CONTENT="Harrisburg" HEIGHT="48" HPOS="1910" VPOS="3693" WIDTH="299" />
</TextLine>
<TextLine HEIGHT="51" HPOS="223" VPOS="3750" WIDTH="1983">
<String CONTENT="which" HEIGHT="39" HPOS="223" VPOS="3752" WIDTH="156" />
<SP HEIGHT="38" HPOS="380" VPOS="3753" WIDTH="38" />
<String CONTENT="have" HEIGHT="39" HPOS="419" VPOS="3753" WIDTH="120" />
<SP HEIGHT="29" HPOS="540" VPOS="3763" WIDTH="36" />
<String CONTENT="appeared" HEIGHT="46" HPOS="577" VPOS="3754" WIDTH="240" />
<SP HEIGHT="39" HPOS="818" VPOS="3753" WIDTH="36" />
<String CONTENT="in" HEIGHT="39" HPOS="855" VPOS="3753" WIDTH="48" />
<SP HEIGHT="36" HPOS="904" VPOS="3756" WIDTH="36" />
<String CONTENT="the" HEIGHT="38" HPOS="941" VPOS="3754" WIDTH="80" />
<SP HEIGHT="39" HPOS="1022" VPOS="3753" WIDTH="34" />
<String CONTENT="Harrisburg" HEIGHT="48" HPOS="1057" VPOS="3752" WIDTH="303" />
<SP HEIGHT="45" HPOS="1361" VPOS="3755" WIDTH="35" />
<String CONTENT="daily" HEIGHT="46" HPOS="1397" VPOS="3754" WIDTH="131" />
<SP HEIGHT="36" HPOS="1529" VPOS="3764" WIDTH="38" />
<String CONTENT="register" HEIGHT="48" HPOS="1568" VPOS="3753" WIDTH="202" />
<SP HEIGHT="28" HPOS="1771" VPOS="3764" WIDTH="36" />
<String CONTENT="each" HEIGHT="39" HPOS="1808" VPOS="3754" WIDTH="115" />
<SP HEIGHT="39" HPOS="1924" VPOS="3753" WIDTH="41" />
<String CONTENT="Saturday" HEIGHT="46" HPOS="1966" VPOS="3750" WIDTH="240" />
</TextLine>
<TextLine HEIGHT="48" HPOS="219" VPOS="3808" WIDTH="899">
<String CONTENT="during" HEIGHT="48" HPOS="219" VPOS="3808" WIDTH="176" />
<SP HEIGHT="44" HPOS="396" VPOS="3812" WIDTH="29" />
<String CONTENT="the" HEIGHT="39" HPOS="426" VPOS="3810" WIDTH="80" />
<SP HEIGHT="36" HPOS="507" VPOS="3820" WIDTH="32" />
<String CONTENT="year" HEIGHT="36" HPOS="540" VPOS="3820" WIDTH="116" />
<SP HEIGHT="28" HPOS="657" VPOS="3821" WIDTH="31" />
<String CONTENT="of" HEIGHT="40" HPOS="689" VPOS="3809" WIDTH="50" />
<SP HEIGHT="39" HPOS="740" VPOS="3809" WIDTH="29" />
<String CONTENT="1933.&#8221;&#8212;Pref." HEIGHT="40" HPOS="770" VPOS="3809" WIDTH="348" />
</TextLine>
<TextLine CS="1" HEIGHT="110" HPOS="222" VPOS="3864" WIDTH="1972">
<String CONTENT="&#169;" HEIGHT="51" HPOS="222" VPOS="3865" WIDTH="51" />
<SP HEIGHT="51" HPOS="274" VPOS="3865" WIDTH="30" />
<String CONTENT="Dec." HEIGHT="38" HPOS="305" VPOS="3871" WIDTH="108" />
<SP HEIGHT="38" HPOS="414" VPOS="3871" WIDTH="28" />
<String CONTENT="30." HEIGHT="40" HPOS="443" VPOS="3870" WIDTH="68" />
<SP HEIGHT="38" HPOS="512" VPOS="3872" WIDTH="28" />
<String CONTENT="1933;" HEIGHT="39" HPOS="541" VPOS="3870" WIDTH="138" />
<SP HEIGHT="39" HPOS="680" VPOS="3870" WIDTH="30" />
<String CONTENT="2c." HEIGHT="40" HPOS="711" VPOS="3870" WIDTH="66" />
<SP HEIGHT="29" HPOS="778" VPOS="3881" WIDTH="28" />
<String CONTENT="and" HEIGHT="38" HPOS="807" VPOS="3871" WIDTH="93" />
<SP HEIGHT="38" HPOS="901" VPOS="3871" WIDTH="28" />
<String CONTENT="aff." CS="1" HEIGHT="40" HPOS="930" VPOS="3869" WIDTH="80" />
<SP HEIGHT="40" HPOS="1011" VPOS="3869" WIDTH="29" />
<String CONTENT="Jan." HEIGHT="39" HPOS="1041" VPOS="3869" WIDTH="108" />
<SP HEIGHT="39" HPOS="1150" VPOS="3869" WIDTH="29" />
<String CONTENT="9." HEIGHT="39" HPOS="1180" VPOS="3869" WIDTH="37" />
<SP HEIGHT="38" HPOS="1218" VPOS="3870" WIDTH="29" />
<String CONTENT="1934;" HEIGHT="47" HPOS="1248" VPOS="3868" WIDTH="138" />
<SP HEIGHT="46" HPOS="1387" VPOS="3869" WIDTH="32" />
<String CONTENT="A" HEIGHT="37" HPOS="1420" VPOS="3869" WIDTH="40" />
<SP HEIGHT="38" HPOS="1461" VPOS="3869" WIDTH="27" />
<String CONTENT="68785;" HEIGHT="46" HPOS="1489" VPOS="3869" WIDTH="169" />
<SP HEIGHT="46" HPOS="1659" VPOS="3869" WIDTH="32" />
<String CONTENT="C." HEIGHT="40" HPOS="1692" VPOS="3869" WIDTH="47" />
<SP HEIGHT="38" HPOS="1740" VPOS="3870" WIDTH="30" />
<String CONTENT="Bonnell." CS="1" HEIGHT="39" HPOS="1771" VPOS="3869" WIDTH="215" />
<SP HEIGHT="40" HPOS="1987" VPOS="3867" WIDTH="30" />
<String CONTENT="Harrisburg," HEIGHT="109" HPOS="289" VPOS="3864" WIDTH="1905" />
<SP HEIGHT="44" HPOS="423" VPOS="3928" WIDTH="30" />
<String CONTENT="Ill." HEIGHT="37" HPOS="454" VPOS="3928" WIDTH="74" />
<SP HEIGHT="47" HPOS="529" VPOS="3927" WIDTH="72" />
<String CONTENT="(34-1157)" HEIGHT="48" HPOS="602" VPOS="3926" WIDTH="249" />
</TextLine>
</TextBlock>
</PrintSpace>
</Page>
</Layout>
</alto>