2350 4196
1139 4008 98 48 468

270 380 329 65 [Destouches,
629 381 177 53 Louis
837 382 350 65 Ferdmand]

265 455 254 69 Journey
550 463 57 45 to
638 456 93 53 the
762 457 107 52 end
897 456 62 52 of
988 457 93 54 the
1111 457 182 68 night,
1323 457 70 67 by
1426 456 530 53 Louis-Ferdinand
1991 455 190 55 Celine

204 533 193 68 [pseud.]
483 534 309 53 translated
838 534 149 51 from
1031 535 93 51 the
1168 535 217 51 French
1429 535 71 66 by
1544 534 154 53 John
1739 534 74 50 H.
1859 534 63 56 P.
1968 534 210 54 Marks.

197 610 227 69 Boston,
454 611 191 68 Little,
679 612 221 67 Brown,
931 613 109 52 and
1070 630 291 50 company,
1395 615 148 48 1934.

272 685 635 49 5 p. l., [3]-509 p. 21½c m .
200 751 49 51 ©
281 757 112 46 Apr.
424 756 68 45 23,
524 756 112 40 1934;
696 757 64 39 2c.
795 758 94 38 and
994 788 6 7 aff.
1033 757 111 47 Apr.
1177 757 54 39 24;
1293 757 40 38 A
1366 757 139 39 71373;
1570 756 161 47 Little,
1766 758 189 46 Brown,
1989 758 96 39 and
2117 767 66 30 co.

280 812 247 48 (34-9617)

196 920 303 65 Donnelly,
531 922 243 54 Francis
807 920 254 67 Patrick,
1095 925 168 49 1869-

264 998 319 67 Principles
628 998 63 53 of
735 999 187 53 Jesuit
967 999 296 52 education
1308 998 59 52 in
1412 1000 263 66 practice,
1719 999 74 66 by
1839 998 235 54 Francis
2120 1000 66 51 P.

195 1076 1722 67 Donnelly … New York, P. J. Kenedy & sons [ c 1934]
268 1149 655 47 xiii p., 1 l., 205 p. 21 cm .
202 1214 1903 53 © Mar. 24, 1934; 2c. and aff. Apr. 17; A 71268: P. J. Kenedy & sons.
279 1276 248 46 (34-9878)

198 1376 304 64 Douglass,
536 1379 242 64 Aubrey
811 1379 329 64 Augustus,
1177 1379 168 52 1887-

269 1456 119 52 The
435 1454 305 54 American
786 1456 188 53 school
1022 1461 233 62 system;
1306 1475 30 32 a
1382 1472 204 50 survey
1632 1454 63 52 of
1739 1454 96 53 the
1882 1454 307 68 principles

199 1532 1990 69 and practices of education, by Aubrey A. Douglass … New
199 1610 178 67 York,
405 1610 214 52 Farrar
647 1612 45 50 &
722 1611 295 67 Rinehart,
1046 1612 123 65 inc.,
1201 1612 148 50 1934.

268 1682 1454 49 xii p., 2 l., 3-491 p. illus. (incl. map) diagrs. 23½ cm .
269 1740 347 47 Bibliography
645 1742 50 37 at
725 1740 90 39 end
845 1740 50 39 of
923 1741 117 38 each
1069 1740 210 46 chapter.

204 1799 50 51 ©
282 1804 112 46 Apr.
422 1804 39 39 3.
489 1803 138 43 1934;
658 1803 66 39 2c.
752 1803 112 47 Apr.
893 1803 25 39 6;
976 1802 78 40 aff.
1086 1803 110 46 Apr.
1225 1803 52 43 4;
1309 1803 41 38 A
1377 1802 168 45 71216;
1577 1803 54 40 A.

1662 1803 52 38 A.
1744 1803 254 47 Douglass,
271 1802 1900 102 Claremont,
448 1859 141 41 Calif.
662 1858 249 48 (34-9875)

202 1960 241 65 Dutton,
474 1961 242 54 Charles
743 1962 243 63 Judson,
1015 1964 165 49 1888-

274 2036 178 54 Black
478 2037 101 67 fog
606 2037 107 68 [by]
746 2035 233 55 Charles
1002 2037 54 53 J.
1081 2037 234 52 Dutton.
1376 2036 134 52 New
1538 2036 178 67 York,
1742 2036 187 67 Dodd,
1954 2036 168 51 Mead
2144 2037 45 50 &

204 2132 291 50 company,
532 2117 148 49 1934.

273 2182 460 52 3 p. l., 309 p. 19½cm.
207 2248 1984 52 © Apr. 25, 1934; 2c. Apr. 26; aff. Apr. 28; A 71436; C. J. Dutton, Des
273 2309 199 39 Moines.
546 2308 248 47 (34-9914)

207 2410 266 66 Embree,
504 2410 205 54 Edwin
739 2413 243 63 Rogers,
1016 2415 166 48 1883-

275 2487 196 52 Island
500 2487 169 52 India
699 2505 129 50 goes
855 2493 58 47 to
941 2489 205 65 school,
1173 2489 72 67 by
1274 2488 207 52 Edwin
1511 2488 68 52 R.
1610 2488 257 66 Embree,
1897 2487 294 68 Margaret

206 2562 243 70 Sargent
494 2564 197 54 Simon
757 2566 129 65 [and]
934 2565 88 53 W.
1068 2566 223 67 Bryant
1332 2564 313 53 Mumford.
1732 2564 287 69 [Chicago]
2071 2564 119 52 The

204 2642 333 67 University
566 2641 63 53 of
659 2641 250 69 Chicago
940 2660 155 49 press
1131 2645 168 63 [1934]

273 2713 1392 48 4 p. l., 120 p., 1 l. col. front., plates, diagr. 23½ cm .
270 2769 139 48 Maps
436 2781 60 28 on
525 2771 356 47 lining-papers.

208 2830 50 51 ©
295 2835 109 39 Feb.
440 2834 68 46 27,
544 2834 138 41 1934;
720 2834 64 39 2c.
823 2835 111 47 Apr.
969 2835 52 42 4;
1061 2833 80 42 aff.
1179 2836 114 46 May
1327 2835 50 44 5;
1417 2836 39 38 A
1493 2836 168 45 71147;
1702 2836 160 39 Julius
1901 2835 286 39 Rosenwald

272 2891 136 41 fund,
446 2891 221 47 Chicago.
738 2890 249 48 (34-7789)

206 2994 241 62 Feeney,
477 2994 282 64 Leonard,
789 2993 170 54 1897-

334 3071 1720 67 … Fish on Friday. [New York] Sheed & Ward, 1934.
273 3143 574 49 5 p. l., 3-214 p. 20 cm .
272 3200 275 40 Half-title:
577 3200 116 40 Fish
721 3211 57 29 on
806 3200 194 47 Friday,
1029 3202 95 38 and
1150 3201 135 39 other
1314 3202 232 39 sketches.

206 3260 50 51 ©
283 3264 112 47 Apr.
424 3264 37 45 5,
490 3262 138 42 1934;
657 3264 66 39 2c.
751 3265 94 38 and
873 3263 80 40 aff.
982 3263 112 48 Apr.
1121 3264 79 40 11;
1231 3264 39 37 A
1299 3263 167 43 70992;
1501 3264 151 40 Sheed
1682 3264 34 40 &
1745 3264 161 46 Ward,
1936 3263 89 40 inc.

288 3320 247 47 (34-9643)

200 3421 226 64 Fisher,
455 3420 252 55 William
735 3423 198 64 Arms,
965 3427 167 51 1861-

270 3499 184 53 Music
495 3498 257 54 festivals
790 3500 60 51 in
890 3500 96 51 the
1023 3499 214 54 United
1280 3499 214 65 States;
1539 3519 70 33 an
1649 3497 292 54 historical
1980 3496 209 65 sketch,

200 3574 1990 70 by William Arms Fisher … [Boston] The American choral
200 3652 1020 67 and festival alliance, inc. [ c 1934]
274 3727 59 46 iv,
361 3727 58 40 86
443 3738 40 36 p.
541 3726 54 40 23
599 3728 43 21 cm
648 3757 8 8 .

273 3783 103 40 List
408 3783 50 40 of
490 3783 108 39 first
628 3783 359 46 performances
1021 3784 50 37 of
1102 3783 255 40 American
1392 3784 165 39 choral
1592 3783 158 40 works:
1813 3793 40 37 p.
1890 3779 155 42 84-86.

206 3840 1982 53 © Mar. 31, 1934; 2c. Apr. 4; aff. Apr. 3; A 71133; Amer. choral and
271 3901 200 42 festival
502 3900 218 44 alliance,
752 3901 87 39 inc.
912 3900 248 48 (34-9592)
