2350 4196
1063 4050 123 49 1491

226 467 288 40 “Published
546 479 59 29 on
642 469 80 40 the
754 469 232 49 Kingsley
1020 472 128 36 trust
1181 468 295 41 association
1510 467 297 49 publication
1842 469 121 39 fund
154 470 1980 94 established
335 524 58 47 by
421 524 81 41 the
531 523 152 42 Scroll
708 527 96 38 and
832 525 89 47 key
949 525 181 46 society
1156 525 51 39 of
1234 524 116 41 Yale
1377 525 222 49 college.”

224 581 180 41 Poems.

157 635 52 51 ©
238 639 98 39 Oct.
398 639 38 39 30.
469 637 110 40 1934;
639 640 65 38 2c.
735 639 115 39 Nov.
881 639 24 37 8;
964 637 80 39 aff.
1075 638 114 38 Nov.
1223 639 22 37 7;
1307 638 40 37 A
1376 636 141 41 78013;
1579 638 118 38 Yale
1730 639 126 38 univ.
1891 649 148 37 press.

234 696 278 46 (34-87457)

155 799 374 64 Greenwood,
561 800 227 55 Edwin.

226 873 143 54 Skin
411 877 45 48 &
499 874 154 68 bone,
697 875 70 69 by
809 875 206 51 Edwin
1059 873 380 67 Greenwood;
1486 874 283 52 foreword
1812 873 71 68 by
1928 874 224 52 Arthur

155 951 252 53 Machen.
473 952 255 68 London,
756 950 344 69 Skeffington
1130 953 45 50 &
1201 969 116 50 son,
1343 951 103 53 ltd.
1482 954 174 66 [1934]

218 1021 89 41 288
329 1032 42 38 p.
427 1021 57 41 19
485 1024 16 22 cm
536 1055 7 8 .

154 1078 1996 53 © 1c. Nov. 9, 1934; A ad int. 19569; pubd. Sept. 15; E. Greenwood.
220 1140 300 42 Amersham,
552 1140 174 44 Bucks,
760 1141 232 46 England.
1066 1140 278 47 (34-38530)

151 1227 376 67 Greenwood,
560 1231 243 65 Walter,
836 1233 172 50 1903-

219 1305 111 53 His
365 1305 272 68 Worship
676 1307 96 54 the
808 1324 223 50 mayor:
1070 1326 79 47 or,
1184 1306 121 51 ‘It's
1343 1306 131 66 only
1511 1307 214 50 human
1761 1313 200 46 nature
1999 1305 148 53 after

152 1382 1730 71 all’, by Walter Greenwood … London, J. Cape [1934]
221 1454 571 61 2 p. l., 7-380 p., 20 cm .
151 1511 1998 52 © 1c. Nov. 9, 1934; A ad int. 19575; pubd. Sept. 17; Doubleday, Doran &
221 1583 80 36 co.,
329 1573 76 38 inc.,
464 1574 193 38 Garden
687 1573 123 47 City.
840 1574 53 37 N.
926 1574 49 37 Y.
1049 1573 278 47 (34-38521)

148 1662 283 63 Haldane,
465 1665 138 51 Mrs.
640 1663 307 54 Charlotte
979 1663 336 65 (Franken)

221 1738 194 52 Youth
440 1741 49 51 is
511 1758 32 34 a
567 1740 189 66 crime,
782 1738 72 69 by
880 1737 295 56 Charlotte
1197 1739 282 53 Haldane.
1542 1738 256 66 London,
1826 1738 183 51 Faber
2033 1739 111 54 and

149 1816 200 67 Faber,
376 1814 223 56 limited
651 1819 152 65 [1934]

216 1886 605 48 2 p. l., 7-339 p. 19½ cm .
151 1944 1997 51 © 1c. Nov. 9. 1934; A ad int. 19571; pubd. Sept. 20; Charlotte Haldane,
218 2005 209 39 London.
500 2004 279 47 (34-38531)

147 2094 288 65 Hocking,
466 2096 191 56 Anne.

215 2170 1927 70 The hunt is up, by Anne Hocking … London. S. Paul &
148 2268 95 49 co.,
269 2248 104 54 ltd.
409 2252 173 65 [1934]

213 2320 610 48 4 p. l., 13-288 p. 19 cm .
151 2377 1995 52 © 1c. Nov. 10. 1934; A ad int. 19562; pubd. Sept. 14; Mona Naomi
217 2440 194 38 Messer.
445 2439 282 41 Wadhurst,
765 2437 192 42 Sussex.
992 2439 233 45 England.
1300 2438 279 48 (34-88528)

145 2528 219 65 James,
400 2530 224 63 Henry,
663 2534 324 50 1843-1916.

208 2606 127 52 The
361 2612 90 47 art
476 2606 63 52 of
565 2606 96 54 the
683 2606 184 66 novel,
893 2606 219 53 critical
1142 2608 256 65 prefaces
1424 2609 74 64 by
1526 2608 202 64 Henry
1753 2607 223 64 James;
2006 2607 138 52 with

146 2701 69 33 an
255 2683 392 53 introduction
683 2684 75 66 by
796 2683 255 54 Richard
1091 2686 65 51 P.
1196 2685 328 52 Blackmur.
1599 2685 140 52 New
1779 2684 179 64 York,
145 2685 1976 138 London,
304 2761 63 55 C.
399 2759 316 56 Scribner’s
744 2779 146 47 sons,
923 2765 150 49 1934.

217 2833 81 43 xli,
329 2832 86 41 348
446 2844 42 38 p.
550 2833 54 40 21
609 2835 43 21 cm
657 2865 8 8 .

218 2890 209 40 Written
469 2889 79 41 for
590 2890 81 41 the
712 2890 198 40 various
950 2892 215 39 volumes
1206 2891 50 39 of
1297 2892 81 40 the
1419 2891 114 40 New
1577 2892 129 39 York
1747 2892 182 39 edition
1972 2891 50 39 of
2065 2892 79 39 the

146 2947 216 40 author’s
393 2947 160 39 works.
655 2947 33 46 cf.
720 2947 184 40 Introd.

149 3000 54 52 ©
228 3005 119 39 Nov.
380 3005 38 39 2.
452 3004 138 40 1934;
627 3005 65 39 2c.
727 3005 92 37 and
854 3003 81 39 aff.
969 3004 115 37 Nov.
1117 3004 51 40 9;
1203 3006 40 36 A
1276 3003 168 46 78002;
1482 3004 204 40 Charles
1722 3003 263 39 Scribner's
2020 3014 125 30 sons.

217 3062 279 48 [Copyright
527 3062 40 37 is
595 3061 202 38 claimed
830 3072 59 27 on
920 3061 343 47 introduction]
1337 3060 280 47 (34-37463)

150 3150 209 65 Keyes,
397 3153 137 50 Mrs.
575 3152 260 51 Frances
871 3149 329 54 Parkinson
1248 3150 330 65 (Wheeler)
1627 3156 170 49 1885-

212 3228 121 52 The
361 3228 122 53 safe
513 3229 217 66 bridge,
759 3228 74 67 by
865 3230 245 52 Frances
1141 3228 321 53 Parkinson
1494 3229 201 66 Keyes.
1797 3229 82 50 [New
1966 3228 177 51 York.

143 3305 54 54 J.
225 3308 270 54 Messner,
525 3306 87 51 inc.,
679 3311 149 60 1934]

216 3378 742 49 5 p. l., 321 p. illus. 20½ cm .
217 3435 282 40 Illustrated
536 3436 360 47 lining-papers.

150 3490 54 50 ©
232 3495 99 38 Oct.
361 3495 68 39 17.
467 3495 106 38 1934;
632 3493 63 39 2c.
728 3494 117 40 Nov.
877 3494 53 37 12;
991 3493 80 39 aff.
1104 3493 99 40 Oct.
1234 3495 53 37 27;
1347 3495 39 37 A
1417 3494 141 38 78043;
1621 3493 48 37 F.
1704 3493 46 36 P.
1786 3492 172 44 Keyes,
1989 3492 155 38 North

216 3552 269 39 Haverhill.
516 3552 54 37 N.
598 3552 57 36 H.
729 3550 279 47 (34-37438)

145 3640 256 66 Kotany,
432 3640 266 66 Ludwig,
733 3646 324 50 1860-1930.

214 3713 1930 73 The science of economy, by Ludwig Kotany … New York,
145 3791 255 70 London,
427 3794 68 54 G.
524 3795 64 52 P.
617 3795 297 54 Putnam’s
943 3813 146 49 sons,
1118 3798 148 52 1934.

220 3867 45 38 vi
290 3877 59 39 p.,
376 3868 24 38 1
448 3899 23 10 l.,
499 3867 175 41 11-719
698 3877 44 37 p.
802 3868 154 46 diagr.
1017 3866 55 40 22½
1107 3869 44 22 cm
1155 3900 8 7 .

152 3921 49 51 ©
268 3929 91 44 Sept.
386 3927 69 41 28.
487 3925 112 40 1934;
658 3926 64 39 2c.
756 3927 100 39 Oct.
886 3928 52 39 4;
970 3927 81 40 aff.
1083 3927 99 39 Oct.
1213 3927 24 38 6;
1299 3928 37 37 A
1367 3926 142 39 75647;
1572 3925 49 38 G.
1655 3925 48 38 P.
1737 3923 250 40 Putnam's
2018 3933 125 32 sons.

228 3983 278 47 (34-37421)
