2350 4296
1081 3989 132 51 1641

141 360 185 66 Allen,
357 360 256 66 Hervey,
647 365 169 49 1889-

206 436 228 68 Israfel,
470 438 95 54 the
601 436 103 52 life
740 438 108 52 and
887 436 163 54 times
1085 434 63 52 of
1183 435 200 67 Edgar
1418 435 175 53 Allan
1628 436 132 65 Poe,
1793 435 74 66 by
1903 436 230 65 Hervey

134 514 183 54 Allen.
395 515 138 52 New
567 514 179 67 York,
779 515 215 52 Farrar
1026 517 45 50 &
1100 510 296 66 Rinehart,
1429 512 125 66 inc.,
1586 516 149 49 1934.

207 587 98 46 xix,
337 587 86 40 748
456 598 40 36 p.
528 585 110 43 incl.
670 587 170 47 plates,
871 584 218 43 facsims.
1147 584 164 47 front.,
1344 585 171 47 plates,
1548 588 163 44 ports.,
1743 584 216 41 facsims.
2021 584 115 40 22cm.

207 643 300 49 “Originally
533 644 162 40 issued
721 644 49 38 in
797 654 27 29 a
854 642 307 41 two-volume
1185 640 421 44 edition.”—Pref.

143 694 1993 56 © Dec. 1, 1934; 2c. and aff. Dec. 3; A 78399; H. Allen. Oxford, Md.
211 767 280 49 [Copyright
517 769 41 38 is
585 767 205 40 claimed
817 777 62 28 on
905 776 106 30 new
1039 766 193 48 matter]
1305 763 281 50 (34-40848)

139 853 187 67 Allen,
355 855 191 53 Jessie
574 854 201 67 Edith,
810 856 169 53 1867-

208 926 1930 73 En route, by Jessie E. Allen … and Madeleine Deschamps-
141 1002 2000 76 Monpeurt … illustrated by Agnes C. Lehman. New York,
140 1082 331 57 Cincinnati
500 1089 137 65 [etc.]
670 1085 307 53 American
1003 1084 147 53 book
1175 1101 280 53 company
1487 1087 177 64 [c1934]

212 1158 96 48 xiv,
334 1158 85 40 222
447 1168 42 38 p.
518 1158 108 42 incl.
654 1158 163 48 front.,
845 1158 126 40 illus.
1036 1157 144 40 19½cm.

212 1213 234 42 Contains
477 1216 166 40 music.

143 1265 1726 58 © Oct. 25, 1934; 2c. and aff. Oct. 29; A 76772; Amer. book co.
219 1330 281 48 (34-40853)

140 1419 315 56 American
493 1423 109 51 law
639 1423 110 50 and
787 1421 323 69 procedure.
1184 1421 245 54 Volume
1549 1463 8 9 VII.
1633 1421 291 68 Prepared
1960 1420 181 52 under

210 1495 1569 73 the editorial supervision of James Parker Hall …
211 1498 1929 151 Negotiable instruments, by William Underhill Moore … Guaranty
212 1652 1930 76 and suretyship, by James Wiggins Simonton … Insurance,
211 1729 1934 77 by Harry Augustus Bigelow … Banks, banking, and trust
212 1808 1930 78 companies, by James De Witte Andrews … [Chicago, Ill.,
210 1891 252 52 Wallace
488 1909 175 50 press]
699 1895 148 50 1934.

212 1963 807 51 1 p. l., xviii, 487, 49 p. 23½cm.
144 2013 1999 63 © Nov. 25, 1934; 2c. and aff. Dec. 19; A 77740; LaSalle extension univ.,
213 2078 221 49 Chicago.
501 2078 280 50 [Copyright
819 2080 42 39 is
895 2078 206 42 claimed
1137 2089 60 30 on
1232 2090 106 29 new
1373 2080 228 40 material
1640 2081 93 38 and
1772 2078 251 50 revisions]

144 2225 315 56 American
489 2226 227 65 society
745 2227 95 52 for
870 2226 229 66 testing
1128 2227 324 55 materials.

216 2303 367 68 Symposium
605 2322 72 33 on
698 2303 95 53 the
817 2302 241 53 outdoor
1080 2299 351 72 weathering
1452 2302 64 55 of
1536 2304 201 52 metals
1761 2303 111 52 and
1895 2301 250 56 metallic

144 2382 273 68 coatings,
452 2380 383 70 Washington
871 2379 255 70 regional
1161 2379 265 70 meeting,
1462 2379 307 54 American
1804 2380 211 68 society
2052 2382 93 53 for

144 2460 212 69 testing
392 2459 308 68 materials,
736 2457 402 70 Washington,
1173 2459 69 53 D.
1283 2457 81 70 C.,
1398 2459 202 52 March
1636 2459 47 66 7,
1724 2461 150 50 1934.
144 2458 1976 148 Philadelphia,
424 2539 120 65 Pa.,
574 2536 307 55 American
908 2535 211 70 society
1150 2535 92 54 for
1270 2536 215 69 testing
1510 2536 292 54 materials
1837 2540 171 64 [1934]

215 2609 926 51 3 p. l ., 113 p. illus., diagrs. 23cm.
148 2660 2002 62 © Oct. 5, 1934; 2c. Nov. 5; aff. Oct. 20; A 77099; Amer. soc. for testing
214 2725 267 41 materials.
553 2725 280 50 (34-41039)

146 2806 263 66 Anrand,
439 2807 256 52 Ammon
722 2806 260 64 Monroe,
1013 2811 171 49 1895-

213 2884 175 54 Notes
416 2884 112 54 and
555 2882 247 70 queries:
829 2882 313 69 historical,
1168 2882 397 71 biographical
1592 2885 112 52 and
1731 2886 388 67 genealogical:

146 2964 247 65 relating
436 2960 204 68 chiefly
684 2966 57 48 to
787 2960 240 53 interior
1070 2961 442 66 Pennsylvania.
1609 2962 324 52 1878-1900.
2027 2964 119 51 The

150 3039 180 52 works
361 3039 62 52 of
454 3039 103 51 Dr.
587 3038 262 54 William
880 3037 203 68 Henry
1113 3038 162 66 Egle.
1343 3038 317 54 Historical
1691 3039 267 66 register:
1989 3045 159 48 notes

147 3117 111 52 and
288 3115 217 67 queries:
563 3115 296 54 historical
892 3115 112 53 and
1034 3115 402 66 genealogical.
1505 3117 326 52 1883-1884.
1897 3116 53 52 A
147 3116 1975 145 bibliography,
463 3194 75 66 by
577 3192 72 54 A.
689 3192 239 53 Monroe

965 3191 261 69 Aurand,
1265 3193 72 66 jr.
1413 3191 377 68 Harrisburg,
1829 3194 120 65 Pa.,
1991 3195 157 51 Priv.

150 3269 191 69 print.,
371 3271 96 52 the
499 3270 244 53 Aurand
775 3287 176 50 press,
983 3272 152 50 1934.

216 3343 56 39 64
303 3354 42 38 p.
406 3342 146 41 23½cm.

218 3399 237 41 “Limited
487 3397 184 43 edition:
733 3398 83 40 160
846 3397 201 50 copies.”

217 3456 281 40 Half-title:
540 3456 39 38 A
617 3454 336 49 bibliography
994 3454 50 40 of
1083 3453 146 43 Notes
1266 3455 96 40 and
1399 3454 218 49 queries;
1657 3456 82 39 the
1778 3457 159 40 works
1974 3458 51 40 of
2067 3459 80 40 Dr.

149 3513 114 50 Egle;
324 3512 269 41 Historical
625 3512 205 48 register;
889 3510 74 41 &c.

153 3563 1996 61 © Nov. 9, 1934; 2c. Nov. 12; aff. Nov. 22; A 77318; A. M. Aurand, jr.,
219 3628 316 46 Harrisburg,
569 3626 82 40 Pa.
722 3622 280 49 (34-40892)

156 3706 207 64 Ayres,
391 3703 174 62 Ruby
593 3699 269 66 Mildred,
895 3704 169 50 1883-

219 3780 101 52 All
356 3797 132 35 over
525 3776 172 70 again
738 3775 92 70 [by]
890 3773 170 72 Ruby
1095 3774 80 54 M.
1211 3774 202 70 Ayres.
1487 3773 231 57 Garden
1759 3775 153 66 City,
1949 3779 69 53 N.
2058 3780 92 67 Y.,

156 3858 350 63 Doubleday,
533 3854 195 53 Doran
758 3854 45 51 &
829 3869 298 54 company,
1152 3853 124 53 inc.,
1315 3855 141 52 1934.

220 3912 523 65 5 p. l., 306 p. 20cm.
