2350 4196
1128 4018 96 49 653

176 361 143 53 New
369 360 179 53 York.
625 360 229 63 College
903 358 59 52 of
1013 358 102 53 the
1164 356 120 64 city
1333 356 62 53 of
1443 357 144 51 New
1635 356 181 52 York.
1891 357 170 66 Dept.
2110 356 62 67 of

245 439 254 68 geology.

356 525 1814 72 … Geological excursions in New York city and vicinity.
174 608 142 68 Trip
357 625 37 33 I.
471 608 137 51 New
650 607 162 52 York
852 612 58 46 to
953 608 149 50 Bear
1143 608 97 49 mi.
1283 604 161 68 park.
1523 604 292 67 Prepared
1857 605 180 52 under
2079 605 94 54 the

174 682 1998 70 direction of Daniel T. O’Connell … New York, City college
173 763 381 70 co-operative
584 770 165 61 store,
782 767 148 48 1934.

248 834 1101 53 1 p. l. , 30 p. illus., maps, diagrs. 21½cm.
248 897 64 39 At
347 896 122 38 head
507 894 51 40 of
596 893 106 41 title
721 905 7 27 :
768 894 100 39 The
905 892 190 48 College
1133 891 50 40 of
1221 891 80 40 the
1337 890 99 45 city
1474 890 50 41 of
1562 891 115 39 New
1715 891 143 40 York.
1925 891 101 40 The
2063 890 110 49 City

177 952 560 47 Colleger-Department
771 950 50 40 of
850 951 212 47 geology.

250 1008 373 48 Lithographed.

181 1076 51 51 ©
262 1081 115 46 May
402 1080 41 46 3,
471 1078 114 41 1934;
641 1079 66 39 2c.
738 1079 94 38 and
862 1077 79 40 aff.
973 1078 112 45 May
1115 1075 25 40 9;
1197 1075 40 39 A
1268 1074 141 41 72358;
1469 1076 175 38 Daniel
1674 1076 51 40 T.
1757 1074 271 48 O’Connell,
2058 1076 118 40 New

247 1137 144 39 York.
463 1135 278 48 (34-13980)

178 1237 250 67 Pahlow,
461 1237 206 54 Edwin
697 1236 273 64 William,
1004 1236 170 52 1878-

243 1327 1932 69 Man’s achievement … by Edwin W. Pahlow … I. To the
176 1428 101 50 age
318 1409 63 52 of
422 1414 191 47 steam.
692 1410 233 63 Boston,
968 1409 136 50 New
1148 1406 162 53 York
1373 1410 120 61 [etc.]
1543 1405 156 55 Ginn
1743 1406 111 52 and
1897 1424 279 50 company

179 1491 191 65 [c1934]

252 1562 95 47 xiv,
380 1561 84 40 740
510 1559 82 41 xiv
624 1571 42 37 p.
699 1560 107 40 incl.
839 1560 163 46 front.,
1035 1559 127 39 illus.
1192 1557 132 48 (incl.
1359 1559 161 47 maps)
1563 1558 177 48 diagrs.
1803 1557 144 41 20½cm.

257 1618 144 39 “This
440 1617 190 40 volume
667 1617 89 38 has
795 1627 164 37 grown
997 1616 83 39 out
1119 1614 50 40 of
1209 1614 97 49 [the
1343 1613 234 50 author’s]
1619 1613 169 41 ‘Man’s
1826 1614 138 48 great
183 1614 1975 100 adventure’.”—
411 1676 90 39 vol.
530 1683 31 39 I,
592 1685 40 37 p.
665 1673 81 41 vii.

255 1730 132 41 “List
415 1731 50 39 of
491 1729 176 41 books”
687 1741 8 28 :
724 1732 91 39 vol.
865 1761 8 15 I,
901 1741 41 37 p.
971 1729 214 41 736-740.

183 1800 51 51 ©
259 1803 112 48 Apr.
399 1803 67 46 18,
493 1802 113 40 1934;
659 1803 67 40 2c.
755 1803 79 38 May
893 1803 23 37 1;
975 1800 79 40 aff.
1082 1802 112 46 May
1220 1801 25 40 3;
1303 1801 39 38 A
1369 1800 146 40 71480;
1570 1802 52 38 E.
1649 1801 71 39 W.
1748 1801 214 46 Pahlow,
249 1800 1911 106 Columbus,
380 1860 50 40 O.
502 1858 278 49 (34-13923)

177 1964 172 65 Park,
381 1965 294 63 No-yong,
712 1966 170 49 1899-

248 2054 95 52 An
389 2053 262 55 Oriental
696 2054 142 51 view
885 2053 62 52 of
992 2052 306 53 American
1345 2051 351 54 civilization
1764 2052 93 70 [by]
1910 2053 269 69 No-yong

182 2130 1998 70 Park (Pao) … Boston and New York, Hale, Cushman &
182 2210 160 54 Flint
377 2213 191 64 [c1934]

253 2282 85 42 128
365 2294 42 37 p.
470 2282 114 42 19cm.

184 2351 51 51 ©
267 2356 111 39 Feb.
410 2356 68 46 17,
510 2355 114 40 1934;
685 2356 66 39 2c.
784 2356 94 38 and
911 2353 69 41 aff
1026 2355 118 39 Mar.
1178 2355 54 39 15;
1295 2355 39 38 A
1366 2354 142 41 70733;
1571 2355 219 48 No-yong
1821 2355 143 48 Park,
253 2355 1910 106 Minneapolis.
493 2412 280 48 (34-13947)

176 2516 454 64 Pennsylvania.
705 2517 278 66 Superior
1014 2523 173 45 court.

246 2608 424 68 Pennsylvania
715 2607 273 68 Superior
1029 2614 161 46 court
1227 2613 239 62 reports,
1541 2625 51 35 v.
1636 2611 114 49 109.
1829 2608 351 69 Containing

177 2685 2002 148 cases decided … April 17, 1933 to July 14, 1933, inc. Reported by C. Brewster Rhoads, state reporter and Spencer
177 2842 225 55 Gilbert
449 2845 281 65 Nauman,
781 2844 265 52 assistant
1095 2848 142 48 state
1285 2850 272 61 reporter.
1633 2844 377 68 Harrisburg,
2061 2846 119 52 The

178 2922 323 68 Telegraph
530 2940 173 49 press,
737 2924 145 49 1933.

254 2995 171 46 xxxiii,
456 2996 87 40 674
572 3006 42 37 p.
675 2995 114 40 23cm.

185 3049 51 52 ©
267 3055 113 46 May
406 3054 41 45 4,
476 3052 139 45 1934;
646 3053 65 38 2c.
744 3052 94 39 and
868 3052 80 39 aff.
980 3053 112 46 May
1120 3052 81 46 24;
1233 3053 40 38 A
1303 3052 169 47 72482;
1507 3052 412 42 Commonwealth
1949 3054 52 39 of
255 3055 1909 102 Pennsylvania,
518 3109 316 47 Harrisburg,
861 3109 81 40 Pa.

180 3214 239 64 Porché,
452 3212 299 69 François,
785 3210 171 56 1877-

349 3304 1455 70 … Vers, 1928-1933. [Paris] Flammarion [ c1934]
255 3377 85 41 232
367 3388 57 38 p.,
453 3378 26 40 3
528 3410 7 8 l.
597 3376 145 42 19½cm.

186 3432 1993 52 © Mar. 15, 1934; 1c. Apr. 12; A-Foreign 24435; Ernest Flammarion.
264 3492 278 48 (34-14725)

180 3594 223 66 Poulet,
435 3594 278 65 Georges,
747 3597 170 50 1859-

355 3685 1822 70 … Le parlementaire imprévu, roman … Paris, A. Michel
189 3766 170 66 [1934]

255 3835 86 41 256
370 3846 41 38 p.
474 3835 115 41 19cm.

188 3883 1730 61 © Feb. 15, 1934; 1c. Apr. 6; A- Foreign 24387; Albin Michel.
269 3950 278 48 (34-14723)
