2350 4196
1039 4004 131 53 1373

130 374 116 50 Das
292 372 176 64 kluge
517 373 295 67 alphabet;
861 369 687 55 konversations-lexikon
1592 371 62 51 in
1698 371 144 52 zehn
1883 370 240 53 bänden.

196 455 47 48 4.
283 452 90 52 bd.
411 451 828 67 Fremdenheim-Hohenberg.
1320 449 213 55 Berlin,
1574 450 552 68 Propyläen-verlag

244 532 150 63 [c1934]

198 604 97 41 374,
347 601 40 49 [2]
423 613 41 36 p.
528 603 140 47 illus.,
704 604 157 47 plates
890 602 134 48 (part
1057 603 100 45 col.,
1192 603 114 46 part
1335 601 145 47 fold.)
1523 610 151 39 maps,
1710 601 179 48 diagrs.
1954 602 54 39 17
2012 603 43 21 cm
2060 632 8 7 .

133 669 1991 52 © Aug. 30, 1934; 1c. Nov. 10; A-Foreign 26085; Propyläen-verlag.
199 742 39 35 g.
268 741 59 29 m.
356 730 40 39 b.
424 731 42 37 h.

124 831 224 66 Mason,
385 833 274 64 Wendell,
696 836 323 50 1890-1934.

197 911 262 53 Wendell
486 911 203 53 Mason
716 912 306 68 speaking;
1053 912 226 67 rhymes
1307 910 94 53 for
1429 911 96 51 the
1551 909 182 55 radio,
1760 910 75 67 by
1863 910 260 54 Wendell

130 988 214 52 Mason.
410 990 234 67 Boston,
673 990 67 52 B.
772 989 372 67 Humphries,
1171 990 107 51 inc.
1314 1021 13 34 [
1332 994 17 21 c
1354 991 136 50 1934
1495 1021 12 33 ]

197 1061 70 48 87,
303 1064 53 47 [1]
387 1072 44 38 p.
491 1061 149 41 front,
672 1063 170 48 (port.)
911 1062 55 39 21
971 1064 43 21 cm
1018 1094 8 8 .

199 1118 246 49 Compiled
475 1120 59 46 by
565 1120 80 40 the
672 1119 218 41 author's
919 1119 126 41 wife.

132 1187 1993 54 © Sept. 20, 1934; 2c. Oct. 4; aff. Oct. 15; A 76543; Bruce Humphries,
199 1248 88 39 inc.
360 1247 278 49 (34-34719)

125 1353 221 63 Mayer,
378 1352 261 56 Caiman.

197 1432 56 50 A
297 1435 236 62 century
577 1431 63 51 of
687 1448 261 49 progress
995 1431 55 50 in
1099 1429 432 54 constitutional
1575 1433 109 51 law
1736 1475 55 8 ...
1875 1436 81 63 pt.
2002 1450 122 34 i-ii.

133 1508 154 66 [New
317 1508 178 65 York,
524 1511 150 63 1934]

197 1583 26 37 2
252 1594 39 29 V.
349 1581 54 41 27½
437 1584 43 21 cm
487 1615 6 6 .

131 1656 62 45 pt.
222 1654 39 47 1,
293 1648 51 52 ©
373 1654 115 46 July
518 1655 39 46 5,
588 1654 139 45 1934;
759 1655 65 38 2c.
856 1654 114 45 July
999 1653 52 47 9;
1084 1653 79 39 aff.
1193 1653 115 48 July
1338 1655 26 38 7;
1422 1655 66 46 pt.
1518 1653 40 48 2,
1592 1649 55 52 ©
1675 1654 116 48 July
1820 1653 81 48 16;
1933 1655 67 40 2c.
2031 1657 96 38 and

198 1711 80 38 aff.
306 1711 117 46 July
448 1711 55 38 20;
558 1712 40 37 A
625 1711 154 40 74158.
810 1712 140 38 73554;
1009 1711 48 39 C.
1087 1712 180 45 Maver,
1296 1711 118 39 New
1439 1711 144 39 York.
207 1767 279 50 (34-34782)

122 1872 207 63 Meigs,
362 1870 269 56 Cornelia
662 1872 222 63 Lynde,
919 1876 171 51 1884-

195 1947 176 54 Wind
416 1948 60 52 in
521 1948 98 53 the
659 1948 279 70 chimney,
983 1948 73 69 by
1104 1947 266 55 Cornelia
1414 1947 216 70 Meigs;
1681 1949 326 54 illustrated
2052 1950 73 68 by

124 2025 205 55 Louise
357 2026 322 53 Mansfield.
745 2027 139 51 New
914 2026 180 68 York,
1125 2027 119 52 The
1277 2026 335 54 Macmillan
1644 2043 299 53 company,
1976 2029 148 50 1934.

201 2098 1389 49 6 p. l., 144 p. incl. 1 illus., plates, col. front. 22 cm .
132 2168 49 52 ©
212 2173 101 39 Oct.
342 2172 69 42 23.
443 2172 114 40 1934;
615 2174 65 39 2c.
713 2173 94 38 and
838 2172 80 39 aff.
952 2172 101 41 Oct.
1083 2173 54 38 24;
1196 2173 40 38 A
1267 2172 169 48 76731;
1472 2173 282 40 Macmillan
1783 2183 68 31 со.
207 2229 279 49 (34-34585)

125 2333 143 52 New
301 2334 159 52 York
505 2334 217 67 (State)
804 2335 204 51 Courts
1041 2336 63 65 of
1133 2335 213 52 record.

202 2455 53 7 ...
302 2412 118 51 The
459 2412 425 52 miscellaneous
924 2417 249 62 reports;
1214 2431 149 33 cases
1404 2413 235 52 decided
1685 2456 54 8 ...
1784 2413 163 52 other
1984 2413 142 52 than

127 2489 93 53 the
262 2492 178 53 Court
480 2491 62 52 of
584 2491 233 66 appeals
858 2490 111 53 and
1009 2491 95 51 the
1143 2492 309 67 Appellate
1492 2491 247 52 division
1781 2491 63 53 of
1882 2492 96 51 the
127 2491 1973 143 Supreme
342 2574 176 48 court.

586 2569 210 51 Austin
830 2570 66 50 B.
928 2566 220 70 Griffin,
1177 2573 272 64 reporter,
1518 2587 50 37 v.
1603 2572 117 65 151,
1752 2572 149 49 1934.
127 2567 1974 134 [Official
262 2647 102 65 ed.]
435 2648 248 66 Albany,
712 2648 54 53 J.
797 2649 67 51 B.
894 2649 163 55 Lyon
1087 2666 296 50 company,
1415 2651 149 51 1934.

195 2732 75 35 XV,
300 2719 85 41 978
413 2732 43 36 p.
514 2720 53 40 23½cm

198 2777 72 40 On
296 2788 140 29 cover;
493 2778 182 45 March,
704 2776 127 48 1934,
862 2780 47 38 to
937 2778 138 47 June,
1105 2777 126 41 1934.

131 2845 49 51 ©
212 2849 116 39 Nov.
361 2850 38 47 6,
432 2849 139 45 1934;
606 2853 66 36 2c.
705 2850 118 39 Nov.
856 2850 81 45 17;
973 2849 80 40 aff.
1086 2850 116 40 Nov.
1234 2851 82 46 15;
1351 2852 41 38 A
1423 2851 171 46 77263;
1631 2851 211 38 Edward
1877 2851 40 38 J.
1955 2850 169 46 Flynn,

198 2909 245 44 secretary
480 2907 50 38 of
565 2908 81 37 the
680 2909 128 37 state
843 2908 50 37 of
930 2907 114 38 New
1081 2908 143 40 York,
1260 2909 50 37 in
1347 2910 129 38 trust
1511 2909 79 39 for
1627 2909 81 38 the
1744 2907 175 39 benefit
1956 2908 51 37 of
2043 2908 82 39 the

196 2965 166 46 people
388 2966 51 37 of
465 2965 80 39 the
572 2966 140 41 state,
738 2964 203 46 Albany.

126 3067 208 64 North,
365 3068 279 64 Sterling,

194 3143 266 69 Plowing
500 3162 70 34 on
614 3143 254 68 Sunday,
908 3145 73 67 by
1025 3143 254 71 Sterling
1320 3145 204 52 North.
1603 3144 135 52 New
1782 3142 179 68 York,
2004 3143 118 51 The

127 3219 326 55 Macmillan
492 3239 298 51 company,
828 3224 149 51 1934.

194 3293 25 38 3
247 3305 40 36 p.
338 3327 22 15 l.,
387 3294 145 41 3-265
558 3304 42 38 p.
661 3294 55 40 20½
750 3297 43 21 cm
799 3328 6 6 .

131 3361 48 50 ©
213 3366 100 41 Oct.
345 3365 67 41 22.
473 3367 84 38 1934;
620 3369 63 36 2c.
719 3369 94 38 and
845 3368 81 40 aff.
960 3367 100 40 Oct.
1095 3370 53 36 23;
1211 3368 40 39 A
1282 3368 141 40 75907;
1488 3367 280 40 Macmillan
1801 3377 66 29 со.
207 3423 276 49 (34-34589)

123 3526 44 50 О
172 3528 246 64 verholt,
449 3529 173 62 Mary
654 3529 218 54 Erwin.

195 3603 150 54 Year
368 3606 78 66 in,
470 3624 135 50 year
629 3611 115 61 out,
769 3611 59 47 at
851 3606 237 67 Echoes,
1113 3607 68 66 by
1206 3606 170 67 Mary
1401 3607 201 51 Erwin
1627 3604 295 54 Overholt.
126 3604 1970 144 Boston,
265 3682 238 53 Meador

532 3683 336 69 publishing
899 3702 294 49 company,
1226 3688 149 48 1934.

194 3755 82 38 144
309 3766 42 38 p.
412 3755 56 41 20
470 3758 15 21 cm
519 3787 8 8 .

194 3811 177 42 Poems.

133 3877 46 51 ©
218 3884 124 48 Sept.
379 3887 38 45 6,
482 3885 83 40 1934;
629 3887 66 38 2c.
734 3885 126 48 Sept.
897 3887 82 45 24;
1051 3886 49 39 aff.
1138 3887 98 39 Oct.
1275 3888 54 36 35;
1396 3888 38 37 A
1471 3886 143 39 76617;
1681 3887 60 38 M.
1781 3886 49 37 E.
1872 3884 244 48 Overholt,

197 3940 328 41 Fayetteville.
558 3943 112 38 Ark.
744 3942 279 39 (34-34716)
