2350 4196
1133 4008 99 49 306

270 452 62 47 ix,
365 455 70 46 [1],
465 453 84 39 536
576 465 41 35 p.
675 454 141 45 illus.,
848 456 167 45 tables,
1045 456 176 48 diagrs.
1279 456 57 41 26
1336 460 44 20 cm
1386 490 6 6 .

271 508 232 41 Contains
534 510 375 47 bibliographies
941 513 93 38 and
1066 512 397 49 bibliographical
1494 515 275 41 foot-notes.

271 567 128 38 Each
430 568 187 37 volume
645 567 89 39 has
761 569 102 38 also
892 568 177 47 special
1100 573 93 44 t.-p.

203 632 1984 57 © Nov. 25. 1963: 1c. Mar. 13. 1934; A-Foreign 24073; Julius Springer.
194 755 341 65 Buchanan,
567 756 154 52 Vera
751 757 273 55 Frances.

329 832 1857 74 … Chart your course to health … A guide to eating for
194 912 1992 69 health. V. Buchanan, dietitian … [Toronto. Canada. Vera
195 991 245 51 Frances
468 990 316 52 Buchanan
810 991 287 52 Ramsden]
1148 1000 16 20 c
1171 995 147 52 1934.

270 1066 150 38 chart.
479 1064 53 39 23
552 1076 30 26 x
601 1064 49 39 31½c
707 1066 25 20 m
738 1096 8 7 .

203 1117 1984 52 © 1c. Mar. 22. 1934; A ad int. 18832; pubd. Mar. 7; Vera Frances
271 1178 266 39 Buchanan
568 1178 257 40 Bamsden.
857 1178 223 45 Toronto,
1114 1178 209 39 Canada.

204 1291 260 67 Budgen,
496 1294 197 52 Frank
725 1294 254 62 Spencer
1012 1295 216 62 Curtis,
267 1298 1127 126 1882-James
489 1371 175 67 Joyce
695 1372 111 51 and
835 1371 94 53 the
957 1371 234 69 making
1219 1370 65 54 of
1309 1372 249 67 Ulysses,
1588 1372 75 67 by
1691 1371 197 53 Frank
1916 1373 269 67 Budgen;

200 1448 136 52 with
371 1467 31 33 a
435 1449 247 66 portrait
714 1448 62 52 of
809 1449 192 53 James
1032 1450 174 67 Joyce
1240 1451 111 51 and
1384 1449 133 53 four
1549 1448 289 69 drawings
1867 1455 58 47 to
1957 1449 233 68 Ulysses

199 1525 73 68 by
301 1525 98 53 the
427 1525 221 53 author.
723 1526 137 51 New
892 1526 177 67 York,
1097 1527 75 51 H.
1206 1525 188 55 Smith
1424 1528 112 51 and
1566 1526 67 55 R.
1665 1527 178 65 Haas,
1874 1530 148 50 1934.

267 1599 86 40 325
388 1610 42 37 p.
490 1599 148 39 front,
668 1599 172 48 (port.)
886 1600 170 47 plates.
1116 1600 54 38 21½
1203 1602 43 21 cm
1252 1631 8 9 .

202 1666 1986 51 © Mar. 14, 1934; 2c. Mar. 19: aff. Mar. 16; A 70736; Harrison Smith
268 1729 96 38 and
393 1728 180 38 Bobert
602 1727 149 39 Haas.
782 1726 88 39 inc.
945 1726 247 47 (34-6065)

193 1845 216 64 Burke,
439 1845 222 55 Norah.

263 1925 237 51 Women
529 1942 58 34 as
616 1922 285 68 big-game
930 1924 248 51 hunters.

280 1998 77 50 (In
386 1994 182 50 Queen,
595 1993 114 43 Feb.
739 1996 71 48 21,
839 1995 143 48 1934)

202 2050 1968 107 © 1c. Apr. 17. 1934; A ad int. 18863: pubd. Feb. 21: Norah Aileen Walrond, Cockfield, Suffolk, England.
201 2227 213 65 Cabell,
447 2227 204 53 James
680 2226 253 65 Branch,
966 2226 170 53 1879-

271 2304 1909 67 Smirt; an urbane nightmare, by Branch Cabell … New
199 2381 178 68 York,
403 2383 66 52 R.
497 2382 78 52 M.
603 2383 276 52 McBride
902 2385 44 50 &
973 2398 292 50 company,
1294 2386 147 49 1934.

268 2455 99 47 xxi,
394 2453 87 42 309
508 2465 43 37 p.
611 2453 56 41 20½cm.

270 2510 162 41 “First
464 2509 225 42 edition.”

203 2564 1930 100 © Mar. 5, 1934; 2c. Mar. 26: aff. Mar. 23; A 71017; J. B. Cabell, Richmond.
497 2624 250 48 (34-6047)

201 2742 244 65 Cherry,
472 2745 138 51 Mrs.
639 2743 151 52 Bess
817 2743 217 62 Fayne.

267 2819 278 53 Parlance
582 2820 62 52 of
679 2819 305 68 Kentucky
1019 2818 331 53 backwoods
1393 2819 91 68 [by]
1543 2820 137 51 Bess
1717 2819 196 68 Fayne
1949 2817 237 68 Cherry.

198 2897 329 67 Louisville,
553 2897 131 67 Ky.,
712 2898 119 52 The
862 2897 290 54 Standard
1180 2897 262 68 printing
1469 2917 95 46 co.,
1590 2898 416 67 incorporated,
2036 2900 149 48 1933.

266 2969 70 48 49,
370 2971 54 49 [1]
457 2980 43 37 p.
560 2969 163 48 front.,
756 2970 169 48 plates.
987 2969 54 41 18
1045 2972 42 21 cm
1092 3001 8 8 .

200 3024 1966 108 © May 26, 1933; 2c. and aff. Mar. 14, 1934; A 70635; Standard printing co., inc. (34-6076)
198 3200 346 64 Daughters
581 3202 62 52 of
681 3202 102 52 the
823 3201 314 54 American
1175 3200 347 54 revolution.
1596 3201 286 54 Missouri.
1956 3201 224 52 Kansas

270 3279 133 65 City
435 3280 247 65 chapter.

267 3353 159 54 Vital
461 3354 291 53 historical
788 3354 223 53 records
1047 3354 62 52 of
1143 3353 247 54 Jackson
1427 3360 222 61 county,
1686 3350 287 69 Missouri,
201 3355 1944 143 1826-1876,
392 3430 281 67 collected,
717 3431 276 67 compiled
1036 3431 110 52 and
1188 3429 299 69 published
1531 3432 73 67 by
1647 3432 95 52 the
1783 3431 223 52 Kansas
2048 3429 132 69 City

197 3509 249 68 chapter,
474 3509 325 67 Daughters
826 3509 62 52 of
915 3510 94 52 the
1039 3508 301 52 American
1369 3509 332 53 revolution.
1776 3509 223 53 Kansas
2032 3507 149 69 City,

195 3585 132 67 Mo.,
361 3589 323 50 1933-1934.

264 3655 526 51 ix, [3], [13]—478 p. 23½cm.
541 3715 209 47 CONTENTS.—Early
800 3716 232 39 churches
1084 3716 50 39 of
1182 3716 211 40 Jackson
1443 3719 189 45 county,
1683 3716 496 46 Missouri.—Family

195 3770 206 48 burying
425 3772 212 46 grounds
666 3773 94 38 and
790 3772 135 47 early
953 3771 653 48 cemeteries.—Miscellany.

197 3826 1982 54 © Mar. 16. 1934; 2c. and aff. Mar. 20: A 69894: Kansas City chapter,
263 3888 278 46 Daughters
569 3888 50 38 of
647 3889 79 38 the
755 3888 156 39 Amer.
942 3887 282 40 revolution.
1254 3888 194 40 Kansas
1478 3887 122 47 City.
1632 3890 91 37 Mo.

273 3943 247 47 (34-5943)
