<alto xmlns="http://www.loc.gov/standards/alto/ns-v3#" xmlns:xsi="http://www.w3.org/2001/XMLSchema-instance" xsi:schemaLocation="http://www.loc.gov/standards/alto/ns-v3# http://www.loc.gov/alto/v3/alto-3-0.xsd"><Description>
<MeasurementUnit>pixel</MeasurementUnit>
<sourceImageInformation>
<fileName>1934_v1_Part1.pdf</fileName>
</sourceImageInformation>
<OCRProcessing ID="IdOcr">
<ocrProcessingStep>
<processingDateTime>2019-01-10</processingDateTime>
<processingSoftware>
<softwareCreator>ABBYY</softwareCreator>
<softwareName>ABBYY Recognition Server</softwareName>
<softwareVersion>4.0</softwareVersion>
</processingSoftware>
</ocrProcessingStep>
</OCRProcessing>
</Description>
<Styles>
<ParagraphStyle ALIGN="Left" FIRSTLINE="0." ID="StyleId-FFFFFFFF-FFFF-FFFF-FFFF-FFFFFFFFFFFF-" LEFT="0." RIGHT="0." />
<ParagraphStyle ALIGN="Right" FIRSTLINE="0." ID="StyleId-521E1FC6-FE7E-43A4-90E6-A9B61626A263-" LEFT="0." LINESPACE="13.30000019" RIGHT="0." />
<ParagraphStyle ALIGN="Left" FIRSTLINE="-27." ID="StyleId-639B624E-F6F5-47B6-BB1D-34E64B53022F-" LEFT="0." LINESPACE="13.43999958" RIGHT="0." />
<ParagraphStyle ALIGN="Left" FIRSTLINE="0." ID="StyleId-100905F9-D385-406B-A5BD-ED5B8FD85431-" LEFT="0." RIGHT="0." />
<ParagraphStyle ALIGN="Left" FIRSTLINE="-27." ID="StyleId-7C9F9BA2-EF3A-4B7F-8486-CCC7B7F49B39-" LEFT="0." LINESPACE="18.71999931" RIGHT="0." />
<ParagraphStyle ALIGN="Block" FIRSTLINE="-27." ID="StyleId-350780E3-60F2-4605-88F5-BB54F9B87091-" LEFT="0." LINESPACE="18.71999931" RIGHT="0." />
<ParagraphStyle ALIGN="Left" FIRSTLINE="0." ID="StyleId-90B16C58-D795-4C77-9B89-30378C515D40-" LEFT="0." LINESPACE="14.39999962" RIGHT="0." />
<ParagraphStyle ALIGN="Right" FIRSTLINE="-27." ID="StyleId-17090E09-AFAF-4086-BD9B-4E99FAE6B057-" LEFT="0." LINESPACE="14.39999962" RIGHT="0." />
<ParagraphStyle ALIGN="Left" FIRSTLINE="-27." ID="StyleId-8B87B633-89DB-4D72-B1FC-26E4ABD680BC-" LEFT="0." LINESPACE="18.47999954" RIGHT="0." />
<ParagraphStyle ALIGN="Left" FIRSTLINE="0." ID="StyleId-42DA7417-CA90-4D71-A57B-06556C38D752-" LEFT="0." LINESPACE="13.30000019" RIGHT="0." />
<ParagraphStyle ALIGN="Block" FIRSTLINE="0." ID="StyleId-D8EE2A7E-42AE-4E35-98DB-F0F935637AA0-" LEFT="0." LINESPACE="6.599999905" RIGHT="0." />
<ParagraphStyle ALIGN="Left" FIRSTLINE="0." ID="StyleId-33CD3121-D4F5-43B6-BA96-6382D166E6B8-" LEFT="0." LINESPACE="15.5" RIGHT="0." />
<ParagraphStyle ALIGN="Block" FIRSTLINE="-21." ID="StyleId-1CE52AFA-C319-4DD9-B4B1-F0EBFA2B3F0B-" LEFT="0." LINESPACE="18.71999931" RIGHT="0." />
<ParagraphStyle ALIGN="Left" FIRSTLINE="0." ID="StyleId-B74F1B65-92F1-49C5-A5FA-D20442F031F2-" LEFT="0." LINESPACE="17.70006076" RIGHT="0." />
<ParagraphStyle ALIGN="Center" FIRSTLINE="0." ID="StyleId-79E2924A-215C-40B7-B577-7236BFBAA25E-" LEFT="0." LINESPACE="7.199999809" RIGHT="0." />
</Styles>
<Layout>
<Page HEIGHT="4196" ID="Page1192" PHYSICAL_IMG_NR="1192" WIDTH="2350">
<TopMargin HEIGHT="372" HPOS="0" VPOS="0" WIDTH="2350">
</TopMargin>
<LeftMargin HEIGHT="3626" HPOS="0" VPOS="372" WIDTH="180">
</LeftMargin>
<RightMargin HEIGHT="3626" HPOS="2202" VPOS="372" WIDTH="148">
</RightMargin>
<BottomMargin HEIGHT="198" HPOS="0" VPOS="3998" WIDTH="2350">
<TextBlock HEIGHT="57" HPOS="1110" ID="Page1192_Block1" LANG="en-US" STYLEREFS="StyleId-0382682E-2EC6-4567-8A19-463B29FCC96E-" VPOS="4002" WIDTH="142">
<TextLine HEIGHT="48" HPOS="1116" VPOS="4008" WIDTH="130">
<String CONTENT="1192" HEIGHT="48" HPOS="1116" VPOS="4008" WIDTH="130" />
</TextLine>
</TextBlock>
</BottomMargin>
<PrintSpace HEIGHT="3626" HPOS="180" VPOS="372" WIDTH="2022">
<TextBlock CS="1" HEIGHT="531" HPOS="190" ID="Page1192_Block2" LANG="en-US" STYLEREFS="StyleId-8857E068-7AD6-4BDA-9ECA-83F4F0FC92C3-" VPOS="372" WIDTH="2006">
<TextLine HEIGHT="68" HPOS="197" STYLEREFS="StyleId-08F039C2-A2A8-4B8C-AEDA-F5EAE7F6FE80-" VPOS="379" WIDTH="704">
<String CONTENT="Hendrick," HEIGHT="65" HPOS="197" VPOS="379" WIDTH="316" />
<SP HEIGHT="62" HPOS="514" VPOS="382" WIDTH="34" />
<String CONTENT="Ives," HEIGHT="65" HPOS="549" VPOS="382" WIDTH="147" />
<SP HEIGHT="57" HPOS="697" VPOS="390" WIDTH="35" />
<String CONTENT="1898-" HEIGHT="51" HPOS="733" VPOS="385" WIDTH="168" />
</TextLine>
<TextLine CS="1" HEIGHT="71" HPOS="269" STYLEREFS="StyleId-DA27BC21-A6A6-486B-8002-9FA9B531C07C-" VPOS="472" WIDTH="1921">
<String CONTENT="Facts" HEIGHT="50" HPOS="269" VPOS="472" WIDTH="169" />
<SP HEIGHT="33" HPOS="439" VPOS="490" WIDTH="45" />
<String CONTENT="and" HEIGHT="51" HPOS="485" VPOS="472" WIDTH="110" />
<SP HEIGHT="51" HPOS="596" VPOS="472" WIDTH="44" />
<String CONTENT="theories" HEIGHT="53" HPOS="641" VPOS="472" WIDTH="241" />
<SP HEIGHT="33" HPOS="883" VPOS="492" WIDTH="43" />
<String CONTENT="of" HEIGHT="51" HPOS="927" VPOS="474" WIDTH="63" />
<SP HEIGHT="66" HPOS="991" VPOS="474" WIDTH="43" />
<String CONTENT="psychoanalysis" HEIGHT="67" HPOS="1035" VPOS="474" WIDTH="461" />
<SP HEIGHT="47" HPOS="1497" VPOS="493" WIDTH="50" />
<String CONTENT="[by]" CS="1" HEIGHT="66" HPOS="1565" VPOS="474" WIDTH="90" />
<SP HEIGHT="64" HPOS="1656" VPOS="476" WIDTH="50" />
<String CONTENT="Ives" HEIGHT="51" HPOS="1707" VPOS="476" WIDTH="127" />
<SP HEIGHT="50" HPOS="1835" VPOS="477" WIDTH="43" />
<String CONTENT="Hendrick," HEIGHT="66" HPOS="1879" VPOS="477" WIDTH="311" />
</TextLine>
<TextLine CS="1" HEIGHT="69" HPOS="342" STYLEREFS="StyleId-DA27BC21-A6A6-486B-8002-9FA9B531C07C-" VPOS="549" WIDTH="1051">
<String CONTENT="M." CS="1" />
<SP />
<String CONTENT="D." CS="1" />
<SP HEIGHT="51" HPOS="342" VPOS="549" WIDTH="75" />
<String CONTENT="New" HEIGHT="51" HPOS="418" VPOS="549" WIDTH="137" />
<SP HEIGHT="51" HPOS="556" VPOS="550" WIDTH="29" />
<String CONTENT="York," HEIGHT="66" HPOS="586" VPOS="550" WIDTH="177" />
<SP HEIGHT="65" HPOS="764" VPOS="551" WIDTH="26" />
<String CONTENT="A." HEIGHT="51" HPOS="791" VPOS="551" WIDTH="70" />
<SP HEIGHT="50" HPOS="862" VPOS="552" WIDTH="26" />
<String CONTENT="A." HEIGHT="53" HPOS="889" VPOS="552" WIDTH="71" />
<SP HEIGHT="53" HPOS="961" VPOS="552" WIDTH="29" />
<String CONTENT="Knopf," HEIGHT="68" HPOS="991" VPOS="550" WIDTH="222" />
<SP HEIGHT="61" HPOS="1214" VPOS="556" WIDTH="30" />
<String CONTENT="1934." HEIGHT="48" HPOS="1245" VPOS="554" WIDTH="148" />
</TextLine>
<TextLine CS="1" HEIGHT="51" HPOS="271" VPOS="621" WIDTH="1138">
<String CONTENT="3" HEIGHT="39" HPOS="271" VPOS="622" WIDTH="25" />
<SP HEIGHT="46" HPOS="297" VPOS="622" WIDTH="25" />
<String CONTENT="p." HEIGHT="36" HPOS="323" VPOS="632" WIDTH="41" />
<SP HEIGHT="38" HPOS="365" VPOS="623" WIDTH="25" />
<String CONTENT="l.," CS="1" />
<SP HEIGHT="35" HPOS="435" VPOS="633" WIDTH="26" />
<String CONTENT="v-xi," HEIGHT="48" HPOS="462" VPOS="621" WIDTH="124" />
<SP HEIGHT="47" HPOS="587" VPOS="622" WIDTH="25" />
<String CONTENT="308." HEIGHT="42" HPOS="613" VPOS="622" WIDTH="97" />
<SP HEIGHT="30" HPOS="711" VPOS="634" WIDTH="25" />
<String CONTENT="xii" HEIGHT="38" HPOS="737" VPOS="624" WIDTH="69" />
<SP HEIGHT="48" HPOS="807" VPOS="624" WIDTH="25" />
<String CONTENT="p.," CS="1" />
<SP />
<String CONTENT="1" CS="1" />
<SP />
<String CONTENT="l." CS="1" />
<SP HEIGHT="39" HPOS="998" VPOS="625" WIDTH="60" />
<String CONTENT="diagrs." HEIGHT="48" HPOS="1059" VPOS="623" WIDTH="176" />
<SP HEIGHT="38" HPOS="1236" VPOS="624" WIDTH="59" />
<String CONTENT="21" HEIGHT="38" HPOS="1296" VPOS="624" WIDTH="54" />
<String CONTENT="cm" HEIGHT="20" HPOS="1354" STYLE="superscript" VPOS="627" WIDTH="42" />
<String CONTENT="." HEIGHT="7" HPOS="1402" VPOS="656" WIDTH="7" />
</TextLine>
<TextLine CS="1" HEIGHT="41" HPOS="302" VPOS="678" WIDTH="361">
<String CONTENT="&quot;First" CS="1" HEIGHT="40" HPOS="302" VPOS="678" WIDTH="133" />
<SP HEIGHT="37" HPOS="436" VPOS="681" WIDTH="31" />
<String CONTENT="edition.&quot;" CS="1" HEIGHT="41" HPOS="468" VPOS="678" WIDTH="195" />
</TextLine>
<TextLine CS="1" HEIGHT="48" HPOS="274" VPOS="735" WIDTH="1267">
<String CONTENT="&#8220;Suggestions" HEIGHT="48" HPOS="274" VPOS="735" WIDTH="340" />
<SP HEIGHT="39" HPOS="615" VPOS="736" WIDTH="26" />
<String CONTENT="for" HEIGHT="39" HPOS="642" VPOS="736" WIDTH="77" />
<SP HEIGHT="39" HPOS="720" VPOS="736" WIDTH="26" />
<String CONTENT="further" HEIGHT="40" HPOS="747" VPOS="736" WIDTH="193" />
<SP HEIGHT="27" HPOS="941" VPOS="748" WIDTH="26" />
<String CONTENT="reading&quot;:" CS="1" HEIGHT="47" HPOS="968" VPOS="736" WIDTH="255" />
<SP HEIGHT="36" HPOS="1224" VPOS="747" WIDTH="31" />
<String CONTENT="p." HEIGHT="36" HPOS="1256" VPOS="747" WIDTH="39" />
<SP HEIGHT="39" HPOS="1296" VPOS="737" WIDTH="28" />
<String CONTENT="304-308." HEIGHT="40" HPOS="1325" VPOS="736" WIDTH="216" />
</TextLine>
<TextLine CS="1" HEIGHT="54" HPOS="207" VPOS="789" WIDTH="1983">
<String CONTENT="&#169;" HEIGHT="51" HPOS="207" VPOS="789" WIDTH="50" />
<SP HEIGHT="51" HPOS="258" VPOS="789" WIDTH="34" />
<String CONTENT="Sept." HEIGHT="46" HPOS="293" VPOS="794" WIDTH="126" />
<SP HEIGHT="39" HPOS="420" VPOS="794" WIDTH="29" />
<String CONTENT="10," HEIGHT="46" HPOS="450" VPOS="793" WIDTH="68" />
<SP HEIGHT="45" HPOS="519" VPOS="794" WIDTH="28" />
<String CONTENT="1934;" CS="1" />
<SP HEIGHT="39" HPOS="688" VPOS="794" WIDTH="32" />
<String CONTENT="2c." HEIGHT="38" HPOS="721" VPOS="794" WIDTH="64" />
<SP HEIGHT="28" HPOS="786" VPOS="804" WIDTH="33" />
<String CONTENT="and" HEIGHT="37" HPOS="820" VPOS="796" WIDTH="91" />
<SP HEIGHT="37" HPOS="912" VPOS="796" WIDTH="32" />
<String CONTENT="aff." HEIGHT="40" HPOS="945" VPOS="794" WIDTH="80" />
<SP HEIGHT="41" HPOS="1026" VPOS="793" WIDTH="33" />
<String CONTENT="Sept." HEIGHT="47" HPOS="1060" VPOS="793" WIDTH="125" />
<SP HEIGHT="38" HPOS="1186" VPOS="795" WIDTH="29" />
<String CONTENT="14:" HEIGHT="37" HPOS="1216" VPOS="795" WIDTH="81" />
<SP HEIGHT="37" HPOS="1298" VPOS="795" WIDTH="33" />
<String CONTENT="A" HEIGHT="36" HPOS="1332" VPOS="795" WIDTH="38" />
<SP HEIGHT="38" HPOS="1371" VPOS="795" WIDTH="31" />
<String CONTENT="74914:" HEIGHT="43" HPOS="1403" VPOS="792" WIDTH="167" />
<SP HEIGHT="39" HPOS="1571" VPOS="796" WIDTH="33" />
<String CONTENT="Alfred" HEIGHT="40" HPOS="1605" VPOS="795" WIDTH="169" />
<SP HEIGHT="38" HPOS="1775" VPOS="797" WIDTH="30" />
<String CONTENT="A." HEIGHT="37" HPOS="1806" VPOS="797" WIDTH="52" />
<SP HEIGHT="37" HPOS="1859" VPOS="797" WIDTH="31" />
<String CONTENT="Knopf," HEIGHT="48" HPOS="1891" VPOS="795" WIDTH="177" />
<SP HEIGHT="46" HPOS="2069" VPOS="797" WIDTH="31" />
<String CONTENT="inc." HEIGHT="39" HPOS="2101" VPOS="797" WIDTH="89" />
</TextLine>
<TextLine HEIGHT="48" HPOS="285" VPOS="849" WIDTH="277">
<String CONTENT="(34-30896)" HEIGHT="48" HPOS="285" VPOS="849" WIDTH="277" />
</TextLine>
</TextBlock>
<TextBlock CS="1" HEIGHT="1182" HPOS="180" ID="Page1192_Block3" LANG="de" STYLEREFS="StyleId-8857E068-7AD6-4BDA-9ECA-83F4F0FC92C3-" VPOS="944" WIDTH="2012">
<TextLine HEIGHT="66" HPOS="199" LANG="en-US" STYLEREFS="StyleId-08F039C2-A2A8-4B8C-AEDA-F5EAE7F6FE80-" VPOS="952" WIDTH="800">
<String CONTENT="Herrmann," HEIGHT="65" HPOS="199" VPOS="952" WIDTH="351" />
<SP HEIGHT="63" HPOS="551" VPOS="954" WIDTH="37" />
<String CONTENT="Ernst," HEIGHT="64" HPOS="589" VPOS="954" WIDTH="201" />
<SP HEIGHT="60" HPOS="791" VPOS="958" WIDTH="38" />
<String CONTENT="1890-" HEIGHT="50" HPOS="830" VPOS="956" WIDTH="169" />
</TextLine>
<TextLine CS="1" HEIGHT="131" HPOS="207" LANG="en-US" STYLEREFS="StyleId-DA27BC21-A6A6-486B-8002-9FA9B531C07C-" VPOS="1043" WIDTH="1960">
<String CONTENT="Gletscher" HEIGHT="54" HPOS="273" VPOS="1043" WIDTH="293" />
<SP HEIGHT="32" HPOS="567" VPOS="1064" WIDTH="20" />
<String CONTENT="und" HEIGHT="51" HPOS="588" LANG="de" VPOS="1046" WIDTH="115" />
<SP HEIGHT="51" HPOS="704" VPOS="1046" WIDTH="24" />
<String CONTENT="vulkane." HEIGHT="52" HPOS="729" VPOS="1046" WIDTH="259" />
<SP HEIGHT="32" HPOS="989" VPOS="1066" WIDTH="22" />
<String CONTENT="von" HEIGHT="34" HPOS="1012" VPOS="1063" WIDTH="109" />
<SP HEIGHT="49" HPOS="1122" VPOS="1047" WIDTH="29" />
<String CONTENT="Ernst" HEIGHT="49" HPOS="1152" VPOS="1047" WIDTH="171" />
<SP HEIGHT="50" HPOS="1324" VPOS="1046" WIDTH="19" />
<String CONTENT="Herrmann." HEIGHT="50" HPOS="1344" VPOS="1046" WIDTH="344" />
<SP HEIGHT="50" HPOS="1689" VPOS="1048" WIDTH="60" />
<String CONTENT="Berlin," HEIGHT="66" HPOS="1750" VPOS="1046" WIDTH="215" />
<SP HEIGHT="63" HPOS="1966" VPOS="1049" WIDTH="24" />
<String CONTENT="Volksverband" HEIGHT="126" HPOS="207" VPOS="1048" WIDTH="1960" />
</TextLine>
<TextLine HEIGHT="69" HPOS="510" STYLEREFS="StyleId-DA27BC21-A6A6-486B-8002-9FA9B531C07C-" VPOS="1120" WIDTH="1679">
<String CONTENT="der" HEIGHT="50" HPOS="510" VPOS="1122" WIDTH="98" />
<SP HEIGHT="52" HPOS="609" VPOS="1120" WIDTH="50" />
<String CONTENT="B&#252;cherfreunde," HEIGHT="57" HPOS="660" VPOS="1120" WIDTH="471" />
<SP HEIGHT="56" HPOS="1132" VPOS="1121" WIDTH="50" />
<String CONTENT="Wegweiser-vertag" HEIGHT="68" HPOS="1183" VPOS="1121" WIDTH="566" />
<SP HEIGHT="50" HPOS="1750" VPOS="1139" WIDTH="51" />
<String CONTENT="g." HEIGHT="50" HPOS="1802" VPOS="1139" WIDTH="51" />
<SP HEIGHT="33" HPOS="1854" VPOS="1141" WIDTH="52" />
<String CONTENT="m." HEIGHT="33" HPOS="1907" VPOS="1141" WIDTH="71" />
<SP HEIGHT="51" HPOS="1979" VPOS="1123" WIDTH="53" />
<String CONTENT="b." HEIGHT="53" HPOS="2033" VPOS="1123" WIDTH="50" />
<SP HEIGHT="52" HPOS="2084" VPOS="1124" WIDTH="51" />
<String CONTENT="h." HEIGHT="52" HPOS="2136" VPOS="1124" WIDTH="53" />
</TextLine>
<TextLine HEIGHT="63" HPOS="205" STYLEREFS="StyleId-DA27BC21-A6A6-486B-8002-9FA9B531C07C-" VPOS="1202" WIDTH="191">
<String CONTENT="[" HEIGHT="32" HPOS="205" STYLE="subscript" VPOS="1232" WIDTH="11" />
<String CONTENT="c" HEIGHT="20" HPOS="224" STYLE="superscript" VPOS="1206" WIDTH="16" />
<String CONTENT="1934" HEIGHT="49" HPOS="246" VPOS="1202" WIDTH="135" />
<String CONTENT="]" HEIGHT="33" HPOS="384" STYLE="subscript" VPOS="1232" WIDTH="12" />
</TextLine>
<TextLine CS="1" HEIGHT="49" HPOS="276" VPOS="1272" WIDTH="652">
<String CONTENT="311," HEIGHT="47" HPOS="276" VPOS="1272" WIDTH="98" />
<SP HEIGHT="29" HPOS="375" VPOS="1292" WIDTH="33" />
<String CONTENT="[1]" HEIGHT="48" HPOS="409" VPOS="1273" WIDTH="54" />
<SP HEIGHT="38" HPOS="464" VPOS="1283" WIDTH="29" />
<String CONTENT="p." HEIGHT="37" HPOS="494" VPOS="1283" WIDTH="42" />
<SP HEIGHT="39" HPOS="537" VPOS="1273" WIDTH="59" />
<String CONTENT="illus." HEIGHT="40" HPOS="597" VPOS="1273" WIDTH="126" />
<SP HEIGHT="40" HPOS="724" VPOS="1273" WIDTH="59" />
<String CONTENT="18" HEIGHT="40" HPOS="784" VPOS="1272" WIDTH="55" />
<String CONTENT="&#189;" CS="1" LANG="en-US" />
<String CONTENT="cm" HEIGHT="20" HPOS="872" STYLE="superscript" VPOS="1276" WIDTH="42" />
<String CONTENT="." HEIGHT="7" HPOS="921" VPOS="1305" WIDTH="7" />
</TextLine>
<TextLine CS="1" HEIGHT="97" HPOS="207" VPOS="1329" WIDTH="1969">
<String CONTENT="&#8220;Dieses" HEIGHT="40" HPOS="280" VPOS="1329" WIDTH="196" />
<SP HEIGHT="29" HPOS="477" VPOS="1340" WIDTH="29" />
<String CONTENT="werk" HEIGHT="39" HPOS="507" VPOS="1330" WIDTH="131" />
<SP HEIGHT="38" HPOS="639" VPOS="1330" WIDTH="28" />
<String CONTENT="ist" HEIGHT="39" HPOS="668" VPOS="1330" WIDTH="65" />
<SP HEIGHT="38" HPOS="734" VPOS="1330" WIDTH="27" />
<String CONTENT="im" HEIGHT="38" HPOS="762" VPOS="1330" WIDTH="66" />
<SP HEIGHT="38" HPOS="829" VPOS="1330" WIDTH="27" />
<String CONTENT="f&#252;nfzehnten" HEIGHT="39" HPOS="857" VPOS="1330" WIDTH="322" />
<SP HEIGHT="39" HPOS="1180" VPOS="1329" WIDTH="26" />
<String CONTENT="buehjahr" HEIGHT="47" HPOS="1207" VPOS="1329" WIDTH="241" />
<SP HEIGHT="28" HPOS="1449" VPOS="1341" WIDTH="31" />
<String CONTENT="als" HEIGHT="38" HPOS="1481" VPOS="1331" WIDTH="72" />
<SP HEIGHT="37" HPOS="1554" VPOS="1333" WIDTH="31" />
<String CONTENT="dritter" HEIGHT="40" HPOS="1586" VPOS="1330" WIDTH="174" />
<SP HEIGHT="38" HPOS="1761" VPOS="1332" WIDTH="30" />
<String CONTENT="band" HEIGHT="38" HPOS="1792" VPOS="1332" WIDTH="126" />
<SP HEIGHT="38" HPOS="1919" VPOS="1332" WIDTH="30" />
<String CONTENT="der" HEIGHT="37" HPOS="1950" VPOS="1333" WIDTH="82" />
<SP HEIGHT="38" HPOS="2033" VPOS="1332" WIDTH="29" />
<String CONTENT="f&#252;nften" HEIGHT="93" HPOS="207" VPOS="1332" WIDTH="1969" />
<SP HEIGHT="28" HPOS="286" VPOS="1397" WIDTH="27" />
<String CONTENT="wissenschaftlichen" HEIGHT="40" HPOS="314" VPOS="1386" WIDTH="502" />
</TextLine>
<TextLine CS="1" HEIGHT="97" HPOS="208" VPOS="1386" WIDTH="1968">
<String CONTENT="jahresreihe" HEIGHT="46" HPOS="841" VPOS="1388" WIDTH="302" />
<SP HEIGHT="47" HPOS="1144" VPOS="1387" WIDTH="36" />
<String CONTENT="(W)" HEIGHT="47" HPOS="1181" VPOS="1387" WIDTH="105" />
<SP HEIGHT="46" HPOS="1287" VPOS="1387" WIDTH="33" />
<String CONTENT="f&#252;r" HEIGHT="39" HPOS="1321" VPOS="1386" WIDTH="81" />
<SP HEIGHT="38" HPOS="1403" VPOS="1388" WIDTH="28" />
<String CONTENT="die" HEIGHT="39" HPOS="1432" VPOS="1388" WIDTH="76" />
<SP HEIGHT="29" HPOS="1509" VPOS="1398" WIDTH="24" />
<String CONTENT="mitglieder" HEIGHT="47" HPOS="1534" VPOS="1388" WIDTH="273" />
<SP HEIGHT="38" HPOS="1808" VPOS="1389" WIDTH="26" />
<String CONTENT="des" HEIGHT="38" HPOS="1835" VPOS="1389" WIDTH="82" />
<SP HEIGHT="38" HPOS="1918" VPOS="1389" WIDTH="24" />
<String CONTENT="Volksverbandes" HEIGHT="94" HPOS="208" VPOS="1389" WIDTH="1968" />
<SP HEIGHT="39" HPOS="387" VPOS="1444" WIDTH="29" />
<String CONTENT="der" HEIGHT="39" HPOS="417" VPOS="1444" WIDTH="83" />
<SP HEIGHT="39" HPOS="501" VPOS="1444" WIDTH="25" />
<String CONTENT="b&#252;cherfreunde" HEIGHT="40" HPOS="527" VPOS="1443" WIDTH="385" />
</TextLine>
<TextLine CS="1" HEIGHT="102" HPOS="206" VPOS="1445" WIDTH="1969">
<String CONTENT="hergestellt" HEIGHT="46" HPOS="941" VPOS="1445" WIDTH="280" />
<SP HEIGHT="37" HPOS="1222" VPOS="1446" WIDTH="27" />
<String CONTENT="worden" HEIGHT="38" HPOS="1250" VPOS="1445" WIDTH="194" />
<SP HEIGHT="28" HPOS="1445" VPOS="1455" WIDTH="28" />
<String CONTENT="und" HEIGHT="39" HPOS="1474" VPOS="1445" WIDTH="96" />
<SP HEIGHT="39" HPOS="1571" VPOS="1445" WIDTH="28" />
<String CONTENT="wird" HEIGHT="38" HPOS="1600" VPOS="1445" WIDTH="118" />
<SP HEIGHT="36" HPOS="1719" VPOS="1447" WIDTH="29" />
<String CONTENT="nur" HEIGHT="28" HPOS="1749" VPOS="1455" WIDTH="90" />
<SP HEIGHT="29" HPOS="1840" VPOS="1455" WIDTH="27" />
<String CONTENT="an" HEIGHT="29" HPOS="1868" VPOS="1455" WIDTH="60" />
<SP HEIGHT="39" HPOS="1929" VPOS="1446" WIDTH="28" />
<String CONTENT="diese" HEIGHT="39" HPOS="1958" VPOS="1446" WIDTH="129" />
<SP HEIGHT="28" HPOS="2088" VPOS="1457" WIDTH="27" />
<String CONTENT="abgegeben.&#8221;" HEIGHT="99" HPOS="206" VPOS="1448" WIDTH="1969" />
</TextLine>
<TextLine CS="1" HEIGHT="100" HPOS="206" VPOS="1554" WIDTH="1969">
<String CONTENT="&#169;" HEIGHT="51" HPOS="206" VPOS="1554" WIDTH="51" />
<SP HEIGHT="51" HPOS="258" VPOS="1554" WIDTH="26" />
<String CONTENT="Feb." CS="1" HEIGHT="41" HPOS="285" VPOS="1558" WIDTH="108" />
<SP HEIGHT="39" HPOS="394" VPOS="1560" WIDTH="25" />
<String CONTENT="1." HEIGHT="37" HPOS="420" VPOS="1560" WIDTH="38" />
<SP HEIGHT="38" HPOS="459" VPOS="1559" WIDTH="23" />
<String CONTENT="1934;" CS="1" />
<SP />
<String CONTENT="1c." CS="1" />
<SP />
<String CONTENT="May" HEIGHT="45" HPOS="744" VPOS="1560" WIDTH="112" />
<SP HEIGHT="44" HPOS="857" VPOS="1561" WIDTH="24" />
<String CONTENT="1;" HEIGHT="38" HPOS="882" VPOS="1561" WIDTH="50" />
<SP HEIGHT="38" HPOS="933" VPOS="1561" WIDTH="28" />
<String CONTENT="A" HEIGHT="36" HPOS="962" LANG="en-US" VPOS="1561" WIDTH="39" />
<String CONTENT="-Foreign" HEIGHT="46" HPOS="1003" VPOS="1559" WIDTH="266" />
<SP HEIGHT="37" HPOS="1270" VPOS="1559" WIDTH="25" />
<String CONTENT="24560;" CS="1" HEIGHT="39" HPOS="1296" VPOS="1558" WIDTH="142" />
<SP HEIGHT="44" HPOS="1467" VPOS="1560" WIDTH="28" />
<String CONTENT="Volksverband" HEIGHT="39" HPOS="1496" VPOS="1560" WIDTH="364" />
<SP HEIGHT="37" HPOS="1861" VPOS="1562" WIDTH="26" />
<String CONTENT="der" HEIGHT="37" HPOS="1888" VPOS="1562" WIDTH="83" />
<SP HEIGHT="38" HPOS="1972" VPOS="1561" WIDTH="25" />
<String CONTENT="b&#252;cherfreunde." HEIGHT="94" HPOS="273" VPOS="1560" WIDTH="1902" />
</TextLine>
<TextLine HEIGHT="48" HPOS="522" VPOS="1615" WIDTH="1143">
<String CONTENT="Wegweiser-verlag." HEIGHT="47" HPOS="522" VPOS="1615" WIDTH="487" />
<SP HEIGHT="36" HPOS="1010" VPOS="1627" WIDTH="30" />
<String CONTENT="g." HEIGHT="36" HPOS="1041" VPOS="1627" WIDTH="39" />
<SP HEIGHT="26" HPOS="1081" VPOS="1627" WIDTH="31" />
<String CONTENT="m." HEIGHT="27" HPOS="1113" VPOS="1627" WIDTH="58" />
<SP HEIGHT="38" HPOS="1172" VPOS="1616" WIDTH="26" />
<String CONTENT="b." HEIGHT="38" HPOS="1199" VPOS="1616" WIDTH="39" />
<SP HEIGHT="36" HPOS="1239" VPOS="1617" WIDTH="30" />
<String CONTENT="h." HEIGHT="37" HPOS="1270" VPOS="1617" WIDTH="43" />
<SP HEIGHT="46" HPOS="1314" VPOS="1616" WIDTH="72" />
<String CONTENT="(34-30921)" HEIGHT="47" HPOS="1387" VPOS="1615" WIDTH="278" />
</TextLine>
<TextLine HEIGHT="66" HPOS="200" STYLEREFS="StyleId-08F039C2-A2A8-4B8C-AEDA-F5EAE7F6FE80-" VPOS="1718" WIDTH="925">
<String CONTENT="Holton," HEIGHT="60" HPOS="200" VPOS="1719" WIDTH="231" />
<SP HEIGHT="59" HPOS="432" VPOS="1720" WIDTH="34" />
<String CONTENT="Edith" HEIGHT="53" HPOS="467" VPOS="1718" WIDTH="181" />
<SP HEIGHT="51" HPOS="649" VPOS="1720" WIDTH="31" />
<String CONTENT="Austin," HEIGHT="65" HPOS="681" VPOS="1719" WIDTH="237" />
<SP HEIGHT="61" HPOS="919" VPOS="1723" WIDTH="35" />
<String CONTENT="1881-" HEIGHT="48" HPOS="955" VPOS="1723" WIDTH="170" />
</TextLine>
<TextLine HEIGHT="69" HPOS="275" STYLEREFS="StyleId-DA27BC21-A6A6-486B-8002-9FA9B531C07C-" VPOS="1809" WIDTH="1915">
<String CONTENT="Cap&#8217;n" HEIGHT="68" HPOS="275" LANG="en-US" VPOS="1809" WIDTH="181" />
<SP HEIGHT="51" HPOS="457" VPOS="1810" WIDTH="52" />
<String CONTENT="Alf&#8217;s" HEIGHT="52" HPOS="510" LANG="en-US" VPOS="1809" WIDTH="152" />
<SP HEIGHT="50" HPOS="663" VPOS="1811" WIDTH="51" />
<String CONTENT="log," HEIGHT="67" HPOS="715" LANG="en-US" VPOS="1811" WIDTH="111" />
<SP HEIGHT="66" HPOS="827" VPOS="1810" WIDTH="49" />
<String CONTENT="by" HEIGHT="68" HPOS="877" LANG="en-US" VPOS="1810" WIDTH="73" />
<SP HEIGHT="67" HPOS="951" VPOS="1811" WIDTH="50" />
<String CONTENT="Edith" HEIGHT="51" HPOS="1002" LANG="de" VPOS="1811" WIDTH="181" />
<SP HEIGHT="51" HPOS="1184" VPOS="1810" WIDTH="50" />
<String CONTENT="Austin" HEIGHT="52" HPOS="1235" LANG="de" VPOS="1810" WIDTH="211" />
<SP HEIGHT="50" HPOS="1447" VPOS="1811" WIDTH="53" />
<String CONTENT="Holton." HEIGHT="52" HPOS="1501" LANG="de" VPOS="1811" WIDTH="233" />
<SP HEIGHT="50" HPOS="1735" VPOS="1812" WIDTH="87" />
<String CONTENT="New" HEIGHT="51" HPOS="1823" LANG="de" VPOS="1812" WIDTH="137" />
<SP HEIGHT="51" HPOS="1961" VPOS="1811" WIDTH="52" />
<String CONTENT="York," HEIGHT="65" HPOS="2014" LANG="de" VPOS="1810" WIDTH="176" />
</TextLine>
<TextLine CS="1" HEIGHT="68" HPOS="203" STYLEREFS="StyleId-DA27BC21-A6A6-486B-8002-9FA9B531C07C-" VPOS="1887" WIDTH="1171">
<String CONTENT="Thomas" HEIGHT="52" HPOS="203" LANG="de" VPOS="1888" WIDTH="246" />
<SP HEIGHT="52" HPOS="450" VPOS="1888" WIDTH="34" />
<String CONTENT="Y." HEIGHT="52" HPOS="485" LANG="de" VPOS="1888" WIDTH="70" />
<SP HEIGHT="55" HPOS="556" VPOS="1887" WIDTH="33" />
<String CONTENT="Crowell" HEIGHT="55" HPOS="590" LANG="en-US" VPOS="1887" WIDTH="242" />
<SP HEIGHT="50" HPOS="833" VPOS="1890" WIDTH="34" />
<String CONTENT="company" CS="1" HEIGHT="49" HPOS="868" LANG="de" VPOS="1906" WIDTH="238" />
<SP HEIGHT="47" HPOS="1146" VPOS="1907" WIDTH="36" />
<String CONTENT="[" HEIGHT="33" HPOS="1183" LANG="de" STYLE="subscript" VPOS="1921" WIDTH="13" />
<String CONTENT="c" HEIGHT="20" HPOS="1202" LANG="de" STYLE="superscript" VPOS="1895" WIDTH="16" />
<String CONTENT="1934" HEIGHT="48" HPOS="1224" LANG="de" VPOS="1892" WIDTH="134" />
<String CONTENT="]" HEIGHT="32" HPOS="1363" LANG="de" STYLE="subscript" VPOS="1921" WIDTH="11" />
</TextLine>
<TextLine CS="1" HEIGHT="49" HPOS="274" VPOS="1960" WIDTH="360">
<String CONTENT="312" HEIGHT="40" HPOS="274" VPOS="1961" WIDTH="84" />
<SP HEIGHT="48" HPOS="359" VPOS="1961" WIDTH="28" />
<String CONTENT="p." HEIGHT="37" HPOS="388" VPOS="1972" WIDTH="42" />
<SP HEIGHT="39" HPOS="431" VPOS="1962" WIDTH="57" />
<String CONTENT="19" HEIGHT="40" HPOS="489" VPOS="1960" WIDTH="55" />
<String CONTENT="&#189;" CS="1" LANG="en-US" />
<String CONTENT="cm" HEIGHT="20" HPOS="577" STYLE="superscript" VPOS="1964" WIDTH="43" />
<String CONTENT="." HEIGHT="6" HPOS="628" VPOS="1995" WIDTH="6" />
</TextLine>
<TextLine CS="1" HEIGHT="50" HPOS="206" VPOS="2015" WIDTH="1982">
<String CONTENT="&#169;" HEIGHT="50" HPOS="206" VPOS="2015" WIDTH="50" />
<SP HEIGHT="50" HPOS="257" VPOS="2015" WIDTH="45" />
<String CONTENT="Sept." HEIGHT="45" HPOS="303" VPOS="2020" WIDTH="125" />
<SP HEIGHT="38" HPOS="429" VPOS="2018" WIDTH="41" />
<String CONTENT="20," HEIGHT="47" HPOS="471" VPOS="2018" WIDTH="68" />
<SP HEIGHT="46" HPOS="540" VPOS="2019" WIDTH="40" />
<String CONTENT="1934;" CS="1" />
<SP HEIGHT="39" HPOS="721" VPOS="2018" WIDTH="42" />
<String CONTENT="2c." HEIGHT="39" HPOS="764" VPOS="2018" WIDTH="66" />
<SP HEIGHT="39" HPOS="831" VPOS="2019" WIDTH="44" />
<String CONTENT="Sept." HEIGHT="46" HPOS="876" VPOS="2019" WIDTH="124" />
<SP HEIGHT="39" HPOS="1001" VPOS="2018" WIDTH="42" />
<String CONTENT="25:" HEIGHT="39" HPOS="1044" VPOS="2018" WIDTH="80" />
<SP HEIGHT="28" HPOS="1125" VPOS="2029" WIDTH="44" />
<String CONTENT="aff." HEIGHT="39" HPOS="1170" VPOS="2018" WIDTH="77" />
<SP HEIGHT="38" HPOS="1248" VPOS="2021" WIDTH="47" />
<String CONTENT="Sept." HEIGHT="44" HPOS="1296" VPOS="2021" WIDTH="126" />
<SP HEIGHT="39" HPOS="1423" VPOS="2019" WIDTH="42" />
<String CONTENT="22:" HEIGHT="39" HPOS="1466" VPOS="2019" WIDTH="80" />
<SP HEIGHT="38" HPOS="1547" VPOS="2020" WIDTH="44" />
<String CONTENT="A" HEIGHT="37" HPOS="1592" LANG="en-US" VPOS="2020" WIDTH="38" />
<SP HEIGHT="38" HPOS="1631" VPOS="2020" WIDTH="42" />
<String CONTENT="75493:" HEIGHT="41" HPOS="1674" VPOS="2018" WIDTH="166" />
<SP HEIGHT="39" HPOS="1841" VPOS="2020" WIDTH="44" />
<String CONTENT="Thomas" HEIGHT="39" HPOS="1886" VPOS="2020" WIDTH="209" />
<SP HEIGHT="39" HPOS="2096" VPOS="2020" WIDTH="40" />
<String CONTENT="Y." HEIGHT="40" HPOS="2137" VPOS="2020" WIDTH="51" />
</TextLine>
<TextLine HEIGHT="46" HPOS="274" VPOS="2075" WIDTH="650">
<String CONTENT="Crowell" HEIGHT="40" HPOS="274" LANG="en-US" VPOS="2075" WIDTH="201" />
<SP HEIGHT="37" HPOS="476" VPOS="2077" WIDTH="29" />
<String CONTENT="co." HEIGHT="29" HPOS="506" LANG="de" VPOS="2085" WIDTH="63" />
<SP HEIGHT="46" HPOS="570" VPOS="2075" WIDTH="76" />
<String CONTENT="(34-30880)" HEIGHT="46" HPOS="647" LANG="de" VPOS="2075" WIDTH="277" />
</TextLine>
</TextBlock>
<TextBlock CS="1" HEIGHT="339" HPOS="189" ID="Page1192_Block4" STYLEREFS="StyleId-8857E068-7AD6-4BDA-9ECA-83F4F0FC92C3-" VPOS="2172" WIDTH="2008">
<TextLine HEIGHT="66" HPOS="198" STYLEREFS="StyleId-08F039C2-A2A8-4B8C-AEDA-F5EAE7F6FE80-" VPOS="2178" WIDTH="736">
<String CONTENT="Horn," HEIGHT="63" HPOS="198" LANG="en-US" VPOS="2180" WIDTH="180" />
<SP HEIGHT="62" HPOS="379" VPOS="2181" WIDTH="32" />
<String CONTENT="Holloway," HEIGHT="66" HPOS="412" LANG="en-US" VPOS="2178" WIDTH="318" />
<SP HEIGHT="58" HPOS="731" VPOS="2186" WIDTH="34" />
<String CONTENT="1886-" HEIGHT="51" HPOS="766" LANG="de" VPOS="2182" WIDTH="168" />
</TextLine>
<TextLine CS="1" HEIGHT="68" HPOS="270" STYLEREFS="StyleId-DA27BC21-A6A6-486B-8002-9FA9B531C07C-" VPOS="2269" WIDTH="1899">
<String CONTENT="George," HEIGHT="67" HPOS="270" LANG="de" VPOS="2270" WIDTH="237" />
<SP HEIGHT="56" HPOS="508" VPOS="2269" WIDTH="27" />
<String CONTENT="by" HEIGHT="67" HPOS="536" LANG="en-US" VPOS="2269" WIDTH="73" />
<SP HEIGHT="67" HPOS="610" VPOS="2269" WIDTH="29" />
<String CONTENT="Holloway" HEIGHT="67" HPOS="640" LANG="en-US" VPOS="2269" WIDTH="303" />
<SP HEIGHT="67" HPOS="944" VPOS="2269" WIDTH="31" />
<String CONTENT="Horn." HEIGHT="51" HPOS="976" LANG="de" VPOS="2269" WIDTH="182" />
<SP HEIGHT="50" HPOS="1159" VPOS="2270" WIDTH="72" />
<String CONTENT="London," HEIGHT="66" HPOS="1232" LANG="de" VPOS="2270" WIDTH="257" />
<SP HEIGHT="66" HPOS="1490" VPOS="2270" WIDTH="30" />
<String CONTENT="F." HEIGHT="52" HPOS="1521" LANG="de" VPOS="2270" WIDTH="64" />
<SP HEIGHT="52" HPOS="1586" VPOS="2270" WIDTH="29" />
<String CONTENT="Muller," HEIGHT="65" HPOS="1616" LANG="en-US" VPOS="2270" WIDTH="227" />
<SP HEIGHT="66" HPOS="1844" VPOS="2269" WIDTH="30" />
<String CONTENT="ltd." HEIGHT="52" HPOS="1875" LANG="en-US" VPOS="2269" WIDTH="102" />
<SP HEIGHT="32" HPOS="1978" VPOS="2303" WIDTH="37" />
<String CONTENT="[1934]" CS="1" HEIGHT="62" HPOS="2016" LANG="de" VPOS="2273" WIDTH="153" />
</TextLine>
<TextLine CS="1" HEIGHT="49" HPOS="275" LANG="de" VPOS="2343" WIDTH="269">
<String CONTENT="275" HEIGHT="40" HPOS="275" VPOS="2344" WIDTH="84" />
<SP HEIGHT="47" HPOS="360" VPOS="2345" WIDTH="29" />
<String CONTENT="p." HEIGHT="37" HPOS="390" VPOS="2355" WIDTH="41" />
<SP HEIGHT="40" HPOS="432" VPOS="2344" WIDTH="58" />
<String CONTENT="19&#189;cm." CS="1" HEIGHT="40" HPOS="491" VPOS="2343" WIDTH="53" />
</TextLine>
<TextLine CS="1" HEIGHT="100" HPOS="206" LANG="de" VPOS="2398" WIDTH="1967">
<String CONTENT="&#169;" HEIGHT="50" HPOS="206" VPOS="2398" WIDTH="50" />
<SP />
<String CONTENT="1c." CS="1" />
<SP />
<String CONTENT="Aug." HEIGHT="45" HPOS="397" VPOS="2403" WIDTH="115" />
<SP HEIGHT="38" HPOS="513" VPOS="2400" WIDTH="38" />
<String CONTENT="25." HEIGHT="40" HPOS="552" VPOS="2400" WIDTH="68" />
<SP HEIGHT="39" HPOS="621" VPOS="2401" WIDTH="34" />
<String CONTENT="1934;" CS="1" />
<SP HEIGHT="37" HPOS="796" VPOS="2401" WIDTH="37" />
<String CONTENT="A" HEIGHT="36" HPOS="834" VPOS="2401" WIDTH="39" />
<SP HEIGHT="37" HPOS="874" VPOS="2401" WIDTH="34" />
<String CONTENT="ad" HEIGHT="37" HPOS="909" VPOS="2401" WIDTH="61" />
<SP HEIGHT="38" HPOS="971" VPOS="2400" WIDTH="35" />
<String CONTENT="int." HEIGHT="40" HPOS="1007" VPOS="2400" WIDTH="84" />
<SP HEIGHT="39" HPOS="1092" VPOS="2401" WIDTH="36" />
<String CONTENT="19301;" HEIGHT="46" HPOS="1129" VPOS="2400" WIDTH="166" />
<SP HEIGHT="36" HPOS="1296" VPOS="2411" WIDTH="38" />
<String CONTENT="piubd." HEIGHT="46" HPOS="1335" VPOS="2401" WIDTH="142" />
<SP HEIGHT="38" HPOS="1478" VPOS="2401" WIDTH="36" />
<String CONTENT="July" HEIGHT="46" HPOS="1515" LANG="en-US" VPOS="2401" WIDTH="114" />
<SP HEIGHT="46" HPOS="1630" VPOS="2401" WIDTH="37" />
<String CONTENT="5:" HEIGHT="38" HPOS="1668" VPOS="2401" WIDTH="49" />
<SP HEIGHT="38" HPOS="1718" VPOS="2401" WIDTH="39" />
<String CONTENT="H." HEIGHT="37" HPOS="1758" VPOS="2401" WIDTH="58" />
<SP HEIGHT="37" HPOS="1817" VPOS="2401" WIDTH="38" />
<String CONTENT="Horn." HEIGHT="38" HPOS="1856" VPOS="2401" WIDTH="148" />
<SP HEIGHT="38" HPOS="2005" VPOS="2401" WIDTH="40" />
<String CONTENT="Hillsbrook." HEIGHT="97" HPOS="273" VPOS="2401" WIDTH="1900" />
</TextLine>
<TextLine HEIGHT="48" HPOS="469" LANG="de" VPOS="2457" WIDTH="988">
<String CONTENT="Berkhamsted." HEIGHT="38" HPOS="469" VPOS="2458" WIDTH="365" />
<SP HEIGHT="39" HPOS="835" VPOS="2457" WIDTH="36" />
<String CONTENT="England." HEIGHT="43" HPOS="872" VPOS="2457" WIDTH="234" />
<SP HEIGHT="46" HPOS="1107" VPOS="2457" WIDTH="72" />
<String CONTENT="(34-30551)" HEIGHT="48" HPOS="1180" VPOS="2457" WIDTH="277" />
</TextLine>
</TextBlock>
<TextBlock CS="1" HEIGHT="707" HPOS="191" ID="Page1192_Block5" LANG="en-US" STYLEREFS="StyleId-8857E068-7AD6-4BDA-9ECA-83F4F0FC92C3-" VPOS="2554" WIDTH="2005">
<TextLine HEIGHT="67" HPOS="199" LANG="de" STYLEREFS="StyleId-08F039C2-A2A8-4B8C-AEDA-F5EAE7F6FE80-" VPOS="2560" WIDTH="666">
<String CONTENT="Howe," HEIGHT="64" HPOS="199" VPOS="2563" WIDTH="195" />
<SP HEIGHT="64" HPOS="395" VPOS="2563" WIDTH="29" />
<String CONTENT="James" HEIGHT="52" HPOS="425" VPOS="2563" WIDTH="202" />
<SP HEIGHT="53" HPOS="628" VPOS="2561" WIDTH="30" />
<String CONTENT="Virgil." HEIGHT="64" HPOS="659" VPOS="2560" WIDTH="206" />
</TextLine>
<TextLine CS="1" HEIGHT="136" HPOS="207" STYLEREFS="StyleId-DA27BC21-A6A6-486B-8002-9FA9B531C07C-" VPOS="2648" WIDTH="1960">
<String CONTENT="The" HEIGHT="52" HPOS="275" LANG="de" VPOS="2652" WIDTH="119" />
<SP HEIGHT="35" HPOS="395" VPOS="2669" WIDTH="28" />
<String CONTENT="modern" HEIGHT="52" HPOS="424" LANG="de" VPOS="2650" WIDTH="232" />
<SP HEIGHT="50" HPOS="657" VPOS="2667" WIDTH="27" />
<String CONTENT="gunsmith;" HEIGHT="68" HPOS="685" VPOS="2649" WIDTH="319" />
<SP HEIGHT="47" HPOS="1005" VPOS="2668" WIDTH="31" />
<String CONTENT="a" HEIGHT="31" HPOS="1037" VPOS="2669" WIDTH="31" />
<SP HEIGHT="49" HPOS="1069" VPOS="2667" WIDTH="27" />
<String CONTENT="guide" HEIGHT="66" HPOS="1097" VPOS="2650" WIDTH="170" />
<SP HEIGHT="53" HPOS="1268" VPOS="2650" WIDTH="28" />
<String CONTENT="for" HEIGHT="54" HPOS="1297" VPOS="2650" WIDTH="92" />
<SP HEIGHT="50" HPOS="1390" VPOS="2654" WIDTH="28" />
<String CONTENT="the" HEIGHT="51" HPOS="1419" VPOS="2650" WIDTH="94" />
<SP HEIGHT="33" HPOS="1514" VPOS="2668" WIDTH="31" />
<String CONTENT="amateur" HEIGHT="46" HPOS="1546" VPOS="2656" WIDTH="252" />
<SP HEIGHT="32" HPOS="1799" VPOS="2668" WIDTH="29" />
<String CONTENT="and" HEIGHT="52" HPOS="1829" VPOS="2648" WIDTH="110" />
<SP HEIGHT="67" HPOS="1940" VPOS="2648" WIDTH="32" />
<String CONTENT="professional" HEIGHT="135" HPOS="207" VPOS="2649" WIDTH="1960" />
</TextLine>
<TextLine HEIGHT="70" HPOS="429" STYLEREFS="StyleId-DA27BC21-A6A6-486B-8002-9FA9B531C07C-" VPOS="2725" WIDTH="1761">
<String CONTENT="gunsmith" HEIGHT="67" HPOS="429" VPOS="2728" WIDTH="293" />
<SP HEIGHT="51" HPOS="723" VPOS="2727" WIDTH="40" />
<String CONTENT="in" HEIGHT="51" HPOS="764" VPOS="2727" WIDTH="59" />
<SP HEIGHT="46" HPOS="824" VPOS="2733" WIDTH="38" />
<String CONTENT="the" HEIGHT="52" HPOS="863" VPOS="2727" WIDTH="95" />
<SP HEIGHT="52" HPOS="959" VPOS="2726" WIDTH="41" />
<String CONTENT="design" HEIGHT="69" HPOS="1001" VPOS="2726" WIDTH="194" />
<SP HEIGHT="33" HPOS="1196" VPOS="2746" WIDTH="41" />
<String CONTENT="and" HEIGHT="51" HPOS="1238" VPOS="2728" WIDTH="111" />
<SP HEIGHT="51" HPOS="1350" VPOS="2728" WIDTH="41" />
<String CONTENT="construction" HEIGHT="52" HPOS="1392" VPOS="2728" WIDTH="381" />
<SP HEIGHT="33" HPOS="1774" VPOS="2745" WIDTH="42" />
<String CONTENT="of" HEIGHT="53" HPOS="1817" VPOS="2725" WIDTH="62" />
<SP HEIGHT="52" HPOS="1880" VPOS="2725" WIDTH="42" />
<String CONTENT="firearms," HEIGHT="70" HPOS="1923" VPOS="2725" WIDTH="267" />
</TextLine>
<TextLine CS="1" HEIGHT="147" HPOS="207" STYLEREFS="StyleId-DA27BC21-A6A6-486B-8002-9FA9B531C07C-" VPOS="2804" WIDTH="1959">
<String CONTENT="with" HEIGHT="52" HPOS="209" VPOS="2807" WIDTH="137" />
<SP HEIGHT="68" HPOS="347" VPOS="2807" WIDTH="23" />
<String CONTENT="practical" HEIGHT="70" HPOS="371" VPOS="2805" WIDTH="272" />
<SP HEIGHT="51" HPOS="644" VPOS="2805" WIDTH="23" />
<String CONTENT="suggestions" HEIGHT="66" HPOS="668" VPOS="2806" WIDTH="352" />
<SP HEIGHT="53" HPOS="1021" VPOS="2804" WIDTH="23" />
<String CONTENT="for" HEIGHT="52" HPOS="1045" VPOS="2804" WIDTH="92" />
<SP HEIGHT="33" HPOS="1138" VPOS="2823" WIDTH="26" />
<String CONTENT="all" HEIGHT="51" HPOS="1165" VPOS="2805" WIDTH="75" />
<SP HEIGHT="52" HPOS="1241" VPOS="2805" WIDTH="24" />
<String CONTENT="who" HEIGHT="52" HPOS="1266" VPOS="2805" WIDTH="126" />
<SP HEIGHT="52" HPOS="1393" VPOS="2805" WIDTH="24" />
<String CONTENT="like" HEIGHT="51" HPOS="1418" VPOS="2805" WIDTH="114" />
<SP HEIGHT="50" HPOS="1533" VPOS="2822" WIDTH="22" />
<String CONTENT="guns," HEIGHT="50" HPOS="1556" VPOS="2822" WIDTH="160" />
<SP HEIGHT="68" HPOS="1717" VPOS="2804" WIDTH="25" />
<String CONTENT="by" HEIGHT="67" HPOS="1743" VPOS="2804" WIDTH="73" />
<SP HEIGHT="66" HPOS="1817" VPOS="2805" WIDTH="23" />
<String CONTENT="James" HEIGHT="53" HPOS="1841" VPOS="2805" WIDTH="191" />
<SP HEIGHT="54" HPOS="2033" VPOS="2804" WIDTH="26" />
<String CONTENT="Virgil" HEIGHT="147" HPOS="207" VPOS="2804" WIDTH="1959" />
</TextLine>
<TextLine CS="1" HEIGHT="149" HPOS="206" STYLEREFS="StyleId-DA27BC21-A6A6-486B-8002-9FA9B531C07C-" VPOS="2881" WIDTH="1960">
<String CONTENT="Howe" HEIGHT="53" HPOS="320" VPOS="2884" WIDTH="179" />
<SP HEIGHT="33" HPOS="500" VPOS="2904" WIDTH="35" />
<String CONTENT="&#8230;" CS="1" />
<SP HEIGHT="53" HPOS="590" VPOS="2882" WIDTH="69" />
<String CONTENT="New" HEIGHT="52" HPOS="660" VPOS="2882" WIDTH="136" />
<SP HEIGHT="52" HPOS="797" VPOS="2881" WIDTH="31" />
<String CONTENT="York" HEIGHT="51" HPOS="829" VPOS="2881" WIDTH="158" />
<SP HEIGHT="55" HPOS="988" VPOS="2881" WIDTH="29" />
<String CONTENT="and" HEIGHT="55" HPOS="1018" VPOS="2881" WIDTH="113" />
<SP HEIGHT="52" HPOS="1132" VPOS="2881" WIDTH="27" />
<String CONTENT="London," HEIGHT="68" HPOS="1160" VPOS="2881" WIDTH="254" />
<SP HEIGHT="66" HPOS="1415" VPOS="2883" WIDTH="31" />
<String CONTENT="Funk" HEIGHT="52" HPOS="1447" VPOS="2882" WIDTH="168" />
<SP HEIGHT="51" HPOS="1616" VPOS="2882" WIDTH="28" />
<String CONTENT="&amp;" HEIGHT="49" HPOS="1645" VPOS="2884" WIDTH="45" />
<SP HEIGHT="53" HPOS="1691" VPOS="2882" WIDTH="27" />
<String CONTENT="Wagnalls" HEIGHT="68" HPOS="1719" VPOS="2881" WIDTH="296" />
<SP HEIGHT="34" HPOS="2016" VPOS="2900" WIDTH="30" />
<String CONTENT="company," HEIGHT="132" HPOS="206" VPOS="2898" WIDTH="1960" />
<SP HEIGHT="63" HPOS="376" VPOS="2965" WIDTH="30" />
<String CONTENT="1934." HEIGHT="48" HPOS="407" VPOS="2964" WIDTH="149" />
</TextLine>
<TextLine CS="1" HEIGHT="49" HPOS="276" VPOS="3030" WIDTH="890">
<String CONTENT="2" HEIGHT="39" HPOS="276" VPOS="3032" WIDTH="25" />
<SP HEIGHT="39" HPOS="302" VPOS="3032" WIDTH="25" />
<String CONTENT="v." HEIGHT="28" HPOS="328" VPOS="3044" WIDTH="40" />
<SP HEIGHT="40" HPOS="369" VPOS="3032" WIDTH="56" />
<String CONTENT="front.," HEIGHT="47" HPOS="426" VPOS="3032" WIDTH="163" />
<SP HEIGHT="48" HPOS="590" VPOS="3031" WIDTH="25" />
<String CONTENT="illus.," HEIGHT="46" HPOS="616" VPOS="3031" WIDTH="141" />
<SP HEIGHT="45" HPOS="758" VPOS="3032" WIDTH="29" />
<String CONTENT="diagrs." HEIGHT="48" HPOS="788" VPOS="3030" WIDTH="176" />
<SP HEIGHT="40" HPOS="965" VPOS="3030" WIDTH="56" />
<String CONTENT="27&#189;" CS="1" HEIGHT="39" HPOS="1022" VPOS="3030" WIDTH="56" />
<String CONTENT="cm" HEIGHT="21" HPOS="1109" STYLE="superscript" VPOS="3033" WIDTH="44" />
<String CONTENT="." HEIGHT="7" HPOS="1159" VPOS="3063" WIDTH="7" />
</TextLine>
<TextLine HEIGHT="50" HPOS="278" VPOS="3087" WIDTH="1407">
<String CONTENT="&#8220;Books" HEIGHT="39" HPOS="278" VPOS="3090" WIDTH="186" />
<SP HEIGHT="28" HPOS="465" VPOS="3100" WIDTH="27" />
<String CONTENT="recommended" HEIGHT="40" HPOS="493" VPOS="3088" WIDTH="362" />
<SP HEIGHT="40" HPOS="856" VPOS="3087" WIDTH="25" />
<String CONTENT="for" HEIGHT="39" HPOS="882" VPOS="3087" WIDTH="79" />
<SP HEIGHT="36" HPOS="962" VPOS="3091" WIDTH="25" />
<String CONTENT="the" HEIGHT="38" HPOS="988" VPOS="3089" WIDTH="81" />
<SP HEIGHT="29" HPOS="1070" VPOS="3098" WIDTH="26" />
<String CONTENT="student&#8217;&#8217;:" HEIGHT="39" HPOS="1097" VPOS="3089" WIDTH="251" />
<SP HEIGHT="28" HPOS="1349" VPOS="3100" WIDTH="29" />
<String CONTENT="v." HEIGHT="29" HPOS="1379" VPOS="3101" WIDTH="41" />
<SP HEIGHT="39" HPOS="1421" VPOS="3091" WIDTH="28" />
<String CONTENT="1," HEIGHT="46" HPOS="1450" VPOS="3091" WIDTH="38" />
<SP HEIGHT="37" HPOS="1489" VPOS="3100" WIDTH="27" />
<String CONTENT="p." HEIGHT="37" HPOS="1517" VPOS="3100" WIDTH="41" />
<SP HEIGHT="38" HPOS="1559" VPOS="3091" WIDTH="26" />
<String CONTENT="424." HEIGHT="40" HPOS="1586" VPOS="3090" WIDTH="99" />
</TextLine>
<TextLine CS="1" HEIGHT="51" HPOS="205" VPOS="3146" WIDTH="1983">
<String CONTENT="&#169;" HEIGHT="50" HPOS="205" VPOS="3147" WIDTH="50" />
<SP HEIGHT="50" HPOS="256" VPOS="3147" WIDTH="27" />
<String CONTENT="Aug." HEIGHT="45" HPOS="284" VPOS="3152" WIDTH="116" />
<SP HEIGHT="36" HPOS="401" VPOS="3152" WIDTH="28" />
<String CONTENT="31." HEIGHT="37" HPOS="430" VPOS="3152" WIDTH="67" />
<SP HEIGHT="38" HPOS="498" VPOS="3151" WIDTH="28" />
<String CONTENT="1934;" CS="1" />
<SP HEIGHT="39" HPOS="665" VPOS="3148" WIDTH="30" />
<String CONTENT="2c." HEIGHT="39" HPOS="696" VPOS="3148" WIDTH="65" />
<SP HEIGHT="28" HPOS="762" VPOS="3159" WIDTH="27" />
<String CONTENT="each" HEIGHT="38" HPOS="790" VPOS="3148" WIDTH="115" />
<SP HEIGHT="37" HPOS="906" VPOS="3148" WIDTH="30" />
<String CONTENT="and" HEIGHT="37" HPOS="937" VPOS="3148" WIDTH="94" />
<SP HEIGHT="37" HPOS="1032" VPOS="3148" WIDTH="27" />
<String CONTENT="aff." HEIGHT="41" HPOS="1060" VPOS="3146" WIDTH="80" />
<SP HEIGHT="40" HPOS="1141" VPOS="3147" WIDTH="30" />
<String CONTENT="Sept." HEIGHT="47" HPOS="1172" VPOS="3147" WIDTH="121" />
<SP HEIGHT="37" HPOS="1294" VPOS="3150" WIDTH="29" />
<String CONTENT="10:" HEIGHT="40" HPOS="1324" VPOS="3148" WIDTH="81" />
<SP HEIGHT="39" HPOS="1406" VPOS="3149" WIDTH="31" />
<String CONTENT="A" HEIGHT="38" HPOS="1438" VPOS="3149" WIDTH="39" />
<SP HEIGHT="39" HPOS="1478" VPOS="3149" WIDTH="28" />
<String CONTENT="74864;" HEIGHT="46" HPOS="1507" VPOS="3149" WIDTH="167" />
<SP HEIGHT="46" HPOS="1675" VPOS="3149" WIDTH="31" />
<String CONTENT="Funk" HEIGHT="39" HPOS="1707" VPOS="3149" WIDTH="140" />
<SP HEIGHT="39" HPOS="1848" VPOS="3149" WIDTH="27" />
<String CONTENT="&amp;" HEIGHT="39" HPOS="1876" VPOS="3149" WIDTH="35" />
<SP HEIGHT="39" HPOS="1912" VPOS="3149" WIDTH="26" />
<String CONTENT="Wagnalls" HEIGHT="47" HPOS="1939" VPOS="3148" WIDTH="249" />
</TextLine>
<TextLine HEIGHT="50" HPOS="272" VPOS="3205" WIDTH="414">
<String CONTENT="co." HEIGHT="28" HPOS="272" VPOS="3219" WIDTH="64" />
<SP HEIGHT="47" HPOS="337" VPOS="3208" WIDTH="71" />
<String CONTENT="(34-30722)" HEIGHT="50" HPOS="409" VPOS="3205" WIDTH="277" />
</TextLine>
</TextBlock>
<TextBlock HEIGHT="247" HPOS="190" ID="Page1192_Block6" LANG="en-US" STYLEREFS="StyleId-DA27BC21-A6A6-486B-8002-9FA9B531C07C-" VPOS="3300" WIDTH="2002">
<TextLine HEIGHT="69" HPOS="196" STYLEREFS="StyleId-08F039C2-A2A8-4B8C-AEDA-F5EAE7F6FE80-" VPOS="3306" WIDTH="1219">
<String CONTENT="Howe," HEIGHT="65" HPOS="196" VPOS="3310" WIDTH="195" />
<SP HEIGHT="63" HPOS="392" VPOS="3312" WIDTH="29" />
<String CONTENT="Mark" HEIGHT="52" HPOS="422" VPOS="3311" WIDTH="170" />
<SP HEIGHT="52" HPOS="593" VPOS="3310" WIDTH="29" />
<String CONTENT="Antony" HEIGHT="62" HPOS="623" VPOS="3309" WIDTH="243" />
<SP HEIGHT="63" HPOS="867" VPOS="3308" WIDTH="23" />
<String CONTENT="De" HEIGHT="52" HPOS="891" VPOS="3308" WIDTH="85" />
<SP HEIGHT="52" HPOS="977" VPOS="3308" WIDTH="27" />
<String CONTENT="Wolfe," HEIGHT="66" HPOS="1005" VPOS="3306" WIDTH="207" />
<SP HEIGHT="60" HPOS="1213" VPOS="3312" WIDTH="32" />
<String CONTENT="1864-" HEIGHT="48" HPOS="1246" VPOS="3312" WIDTH="169" />
</TextLine>
<TextLine HEIGHT="71" HPOS="272" VPOS="3398" WIDTH="1914">
<String CONTENT="Songs" HEIGHT="69" HPOS="272" VPOS="3400" WIDTH="183" />
<SP HEIGHT="34" HPOS="456" VPOS="3419" WIDTH="26" />
<String CONTENT="of" HEIGHT="54" HPOS="483" VPOS="3399" WIDTH="63" />
<SP HEIGHT="55" HPOS="547" VPOS="3398" WIDTH="27" />
<String CONTENT="September," HEIGHT="68" HPOS="575" VPOS="3398" WIDTH="346" />
<SP HEIGHT="66" HPOS="922" VPOS="3398" WIDTH="26" />
<String CONTENT="by" HEIGHT="68" HPOS="949" VPOS="3398" WIDTH="74" />
<SP HEIGHT="68" HPOS="1024" VPOS="3398" WIDTH="24" />
<String CONTENT="M." HEIGHT="52" HPOS="1049" VPOS="3398" WIDTH="79" />
<SP HEIGHT="52" HPOS="1129" VPOS="3398" WIDTH="29" />
<String CONTENT="A." HEIGHT="53" HPOS="1159" VPOS="3398" WIDTH="68" />
<SP HEIGHT="51" HPOS="1228" VPOS="3400" WIDTH="27" />
<String CONTENT="DeWolfe" HEIGHT="54" HPOS="1256" VPOS="3399" WIDTH="283" />
<SP HEIGHT="52" HPOS="1540" VPOS="3400" WIDTH="26" />
<String CONTENT="Howe." HEIGHT="53" HPOS="1567" VPOS="3400" WIDTH="197" />
<SP HEIGHT="53" HPOS="1765" VPOS="3400" WIDTH="64" />
<String CONTENT="Boston" HEIGHT="50" HPOS="1830" VPOS="3400" WIDTH="216" />
<SP HEIGHT="34" HPOS="2047" VPOS="3416" WIDTH="28" />
<String CONTENT="and" HEIGHT="52" HPOS="2076" VPOS="3398" WIDTH="110" />
</TextLine>
<TextLine HEIGHT="70" HPOS="200" VPOS="3475" WIDTH="1432">
<String CONTENT="New" HEIGHT="50" HPOS="200" VPOS="3479" WIDTH="136" />
<SP HEIGHT="51" HPOS="337" VPOS="3480" WIDTH="31" />
<String CONTENT="York." HEIGHT="53" HPOS="369" VPOS="3478" WIDTH="176" />
<SP HEIGHT="52" HPOS="546" VPOS="3477" WIDTH="27" />
<String CONTENT="Houghton" HEIGHT="68" HPOS="574" VPOS="3476" WIDTH="318" />
<SP HEIGHT="51" HPOS="893" VPOS="3476" WIDTH="27" />
<String CONTENT="Mifflin" HEIGHT="52" HPOS="921" VPOS="3475" WIDTH="202" />
<SP HEIGHT="33" HPOS="1124" VPOS="3494" WIDTH="30" />
<String CONTENT="company," HEIGHT="52" HPOS="1155" VPOS="3493" WIDTH="295" />
<SP HEIGHT="64" HPOS="1451" VPOS="3481" WIDTH="31" />
<String CONTENT="1934." HEIGHT="49" HPOS="1483" VPOS="3480" WIDTH="149" />
</TextLine>
</TextBlock>
<TextBlock CS="1" HEIGHT="452" HPOS="182" ID="Page1192_Block7" LANG="en-US" STYLEREFS="StyleId-8857E068-7AD6-4BDA-9ECA-83F4F0FC92C3-" VPOS="3546" WIDTH="2020">
<TextLine CS="1" HEIGHT="53" HPOS="271" VPOS="3547" WIDTH="628">
<String CONTENT="ix." HEIGHT="40" HPOS="271" VPOS="3552" WIDTH="62" />
<SP HEIGHT="28" HPOS="334" VPOS="3572" WIDTH="33" />
<String CONTENT="[1]," CS="1" />
<SP HEIGHT="39" HPOS="437" VPOS="3553" WIDTH="27" />
<String CONTENT="48," HEIGHT="44" HPOS="465" VPOS="3552" WIDTH="69" />
<SP HEIGHT="29" HPOS="535" VPOS="3570" WIDTH="34" />
<String CONTENT="[1]" HEIGHT="49" HPOS="570" VPOS="3550" WIDTH="53" />
<SP HEIGHT="39" HPOS="624" VPOS="3560" WIDTH="28" />
<String CONTENT="p." HEIGHT="36" HPOS="653" VPOS="3560" WIDTH="43" />
<SP HEIGHT="42" HPOS="697" VPOS="3547" WIDTH="58" />
<String CONTENT="21&#189;" CS="1" HEIGHT="40" HPOS="756" VPOS="3547" WIDTH="54" />
<String CONTENT="cm" HEIGHT="20" HPOS="845" STYLE="superscript" VPOS="3551" WIDTH="42" />
<String CONTENT="." HEIGHT="7" HPOS="892" VPOS="3581" WIDTH="7" />
</TextLine>
<TextLine HEIGHT="52" HPOS="271" VPOS="3603" WIDTH="1914">
<String CONTENT="The" HEIGHT="40" HPOS="271" VPOS="3608" WIDTH="99" />
<SP HEIGHT="37" HPOS="371" VPOS="3618" WIDTH="33" />
<String CONTENT="poems" HEIGHT="38" HPOS="405" VPOS="3617" WIDTH="161" />
<SP HEIGHT="40" HPOS="567" VPOS="3607" WIDTH="35" />
<String CONTENT="included" HEIGHT="39" HPOS="603" VPOS="3606" WIDTH="224" />
<SP HEIGHT="37" HPOS="828" VPOS="3607" WIDTH="35" />
<String CONTENT="on" HEIGHT="28" HPOS="864" VPOS="3616" WIDTH="58" />
<SP HEIGHT="36" HPOS="923" VPOS="3615" WIDTH="36" />
<String CONTENT="pages" HEIGHT="38" HPOS="960" VPOS="3614" WIDTH="145" />
<SP HEIGHT="40" HPOS="1106" VPOS="3604" WIDTH="36" />
<String CONTENT="40-[49]" HEIGHT="51" HPOS="1143" VPOS="3603" WIDTH="174" />
<SP HEIGHT="47" HPOS="1318" VPOS="3607" WIDTH="40" />
<String CONTENT="have" HEIGHT="39" HPOS="1359" VPOS="3607" WIDTH="121" />
<SP HEIGHT="40" HPOS="1481" VPOS="3606" WIDTH="37" />
<String CONTENT="been" HEIGHT="40" HPOS="1519" VPOS="3606" WIDTH="116" />
<SP HEIGHT="30" HPOS="1636" VPOS="3614" WIDTH="40" />
<String CONTENT="reprinted" HEIGHT="47" HPOS="1677" VPOS="3605" WIDTH="245" />
<SP HEIGHT="40" HPOS="1923" VPOS="3604" WIDTH="37" />
<String CONTENT="from" HEIGHT="39" HPOS="1961" VPOS="3604" WIDTH="123" />
<SP HEIGHT="28" HPOS="2085" VPOS="3614" WIDTH="40" />
<String CONTENT="an" HEIGHT="28" HPOS="2126" VPOS="3614" WIDTH="59" />
</TextLine>
<TextLine HEIGHT="50" HPOS="201" VPOS="3660" WIDTH="1982">
<String CONTENT="earlier" HEIGHT="40" HPOS="201" VPOS="3664" WIDTH="176" />
<SP HEIGHT="38" HPOS="378" VPOS="3665" WIDTH="21" />
<String CONTENT="book" HEIGHT="40" HPOS="400" VPOS="3664" WIDTH="122" />
<SP HEIGHT="46" HPOS="523" VPOS="3664" WIDTH="24" />
<String CONTENT="published" HEIGHT="47" HPOS="548" VPOS="3663" WIDTH="251" />
<SP HEIGHT="39" HPOS="800" VPOS="3662" WIDTH="26" />
<String CONTENT="in" HEIGHT="38" HPOS="827" VPOS="3662" WIDTH="48" />
<SP HEIGHT="38" HPOS="876" VPOS="3662" WIDTH="25" />
<String CONTENT="1930" HEIGHT="40" HPOS="902" VPOS="3660" WIDTH="113" />
<SP HEIGHT="40" HPOS="1016" VPOS="3660" WIDTH="25" />
<String CONTENT="under" HEIGHT="38" HPOS="1042" VPOS="3662" WIDTH="151" />
<SP HEIGHT="36" HPOS="1194" VPOS="3664" WIDTH="22" />
<String CONTENT="the" HEIGHT="38" HPOS="1217" VPOS="3662" WIDTH="81" />
<SP HEIGHT="29" HPOS="1299" VPOS="3672" WIDTH="27" />
<String CONTENT="same" HEIGHT="30" HPOS="1327" VPOS="3671" WIDTH="129" />
<SP HEIGHT="36" HPOS="1457" VPOS="3665" WIDTH="27" />
<String CONTENT="title," HEIGHT="45" HPOS="1485" VPOS="3661" WIDTH="121" />
<SP HEIGHT="44" HPOS="1607" VPOS="3662" WIDTH="27" />
<String CONTENT="for" HEIGHT="39" HPOS="1635" VPOS="3662" WIDTH="79" />
<SP HEIGHT="38" HPOS="1715" VPOS="3663" WIDTH="23" />
<String CONTENT="the" HEIGHT="39" HPOS="1739" VPOS="3662" WIDTH="80" />
<SP HEIGHT="37" HPOS="1820" VPOS="3664" WIDTH="26" />
<String CONTENT="two" HEIGHT="36" HPOS="1847" VPOS="3664" WIDTH="93" />
<SP HEIGHT="39" HPOS="1941" VPOS="3661" WIDTH="25" />
<String CONTENT="hundred" HEIGHT="38" HPOS="1967" VPOS="3661" WIDTH="216" />
</TextLine>
<TextLine HEIGHT="51" HPOS="202" VPOS="3714" WIDTH="1984">
<String CONTENT="and" HEIGHT="38" HPOS="202" VPOS="3721" WIDTH="93" />
<SP HEIGHT="39" HPOS="296" VPOS="3720" WIDTH="34" />
<String CONTENT="fiftieth" HEIGHT="40" HPOS="331" VPOS="3720" WIDTH="180" />
<SP HEIGHT="38" HPOS="512" VPOS="3721" WIDTH="34" />
<String CONTENT="anniversary" HEIGHT="44" HPOS="547" VPOS="3720" WIDTH="315" />
<SP HEIGHT="35" HPOS="863" VPOS="3729" WIDTH="35" />
<String CONTENT="of" HEIGHT="39" HPOS="899" VPOS="3718" WIDTH="50" />
<SP HEIGHT="38" HPOS="950" VPOS="3718" WIDTH="36" />
<String CONTENT="Bristol." HEIGHT="42" HPOS="987" VPOS="3717" WIDTH="192" />
<SP HEIGHT="41" HPOS="1180" VPOS="3718" WIDTH="36" />
<String CONTENT="Rhode" HEIGHT="39" HPOS="1217" VPOS="3718" WIDTH="165" />
<SP HEIGHT="40" HPOS="1383" VPOS="3717" WIDTH="35" />
<String CONTENT="Island," HEIGHT="47" HPOS="1419" VPOS="3717" WIDTH="181" />
<SP HEIGHT="47" HPOS="1601" VPOS="3717" WIDTH="39" />
<String CONTENT="September" HEIGHT="48" HPOS="1641" VPOS="3717" WIDTH="276" />
<SP HEIGHT="38" HPOS="1918" VPOS="3717" WIDTH="34" />
<String CONTENT="24." HEIGHT="41" HPOS="1953" VPOS="3716" WIDTH="68" />
<SP HEIGHT="40" HPOS="2022" VPOS="3717" WIDTH="37" />
<String CONTENT="1930." HEIGHT="42" HPOS="2060" VPOS="3714" WIDTH="126" />
</TextLine>
<TextLine HEIGHT="52" HPOS="201" VPOS="3771" WIDTH="1985">
<String CONTENT="The" HEIGHT="40" HPOS="201" VPOS="3776" WIDTH="99" />
<SP HEIGHT="36" HPOS="301" VPOS="3787" WIDTH="29" />
<String CONTENT="passages" HEIGHT="37" HPOS="331" VPOS="3786" WIDTH="230" />
<SP HEIGHT="28" HPOS="562" VPOS="3787" WIDTH="33" />
<String CONTENT="of" HEIGHT="38" HPOS="596" VPOS="3776" WIDTH="51" />
<SP HEIGHT="37" HPOS="648" VPOS="3776" WIDTH="28" />
<String CONTENT="more" HEIGHT="28" HPOS="677" VPOS="3785" WIDTH="129" />
<SP HEIGHT="28" HPOS="807" VPOS="3785" WIDTH="33" />
<String CONTENT="strictly" HEIGHT="45" HPOS="841" VPOS="3774" WIDTH="190" />
<SP HEIGHT="46" HPOS="1032" VPOS="3773" WIDTH="32" />
<String CONTENT="local" HEIGHT="39" HPOS="1065" VPOS="3773" WIDTH="118" />
<SP HEIGHT="39" HPOS="1184" VPOS="3773" WIDTH="35" />
<String CONTENT="concern" HEIGHT="31" HPOS="1220" VPOS="3783" WIDTH="200" />
<SP HEIGHT="39" HPOS="1421" VPOS="3775" WIDTH="34" />
<String CONTENT="have" HEIGHT="39" HPOS="1456" VPOS="3775" WIDTH="122" />
<SP HEIGHT="40" HPOS="1579" VPOS="3774" WIDTH="34" />
<String CONTENT="been" HEIGHT="40" HPOS="1614" VPOS="3774" WIDTH="117" />
<SP HEIGHT="29" HPOS="1732" VPOS="3784" WIDTH="36" />
<String CONTENT="omitted" HEIGHT="41" HPOS="1769" VPOS="3773" WIDTH="200" />
<SP HEIGHT="40" HPOS="1970" VPOS="3773" WIDTH="31" />
<String CONTENT="in" HEIGHT="39" HPOS="2002" VPOS="3773" WIDTH="51" />
<SP HEIGHT="38" HPOS="2054" VPOS="3774" WIDTH="33" />
<String CONTENT="this" HEIGHT="41" HPOS="2088" VPOS="3771" WIDTH="98" />
</TextLine>
<TextLine HEIGHT="48" HPOS="198" VPOS="3832" WIDTH="229">
<String CONTENT="printing." HEIGHT="48" HPOS="198" VPOS="3832" WIDTH="229" />
</TextLine>
<TextLine CS="1" HEIGHT="51" HPOS="204" VPOS="3888" WIDTH="1979">
<String CONTENT="&#169;" HEIGHT="50" HPOS="204" VPOS="3889" WIDTH="50" />
<SP HEIGHT="50" HPOS="255" VPOS="3889" WIDTH="26" />
<String CONTENT="Sept." HEIGHT="46" HPOS="282" VPOS="3893" WIDTH="123" />
<SP HEIGHT="36" HPOS="406" VPOS="3894" WIDTH="25" />
<String CONTENT="11." HEIGHT="38" HPOS="432" VPOS="3893" WIDTH="66" />
<SP HEIGHT="38" HPOS="499" VPOS="3893" WIDTH="24" />
<String CONTENT="1934;" CS="1" />
<SP HEIGHT="37" HPOS="663" VPOS="3891" WIDTH="24" />
<String CONTENT="2c." HEIGHT="37" HPOS="688" VPOS="3891" WIDTH="65" />
<SP HEIGHT="39" HPOS="754" VPOS="3889" WIDTH="26" />
<String CONTENT="Sept." HEIGHT="46" HPOS="781" VPOS="3889" WIDTH="124" />
<SP HEIGHT="36" HPOS="906" VPOS="3889" WIDTH="25" />
<String CONTENT="15:" CS="1" HEIGHT="37" HPOS="932" VPOS="3888" WIDTH="52" />
<SP HEIGHT="27" HPOS="1012" VPOS="3899" WIDTH="26" />
<String CONTENT="aff." HEIGHT="38" HPOS="1039" VPOS="3888" WIDTH="77" />
<SP HEIGHT="37" HPOS="1117" VPOS="3888" WIDTH="28" />
<String CONTENT="Sept." HEIGHT="45" HPOS="1146" VPOS="3888" WIDTH="123" />
<SP HEIGHT="36" HPOS="1270" VPOS="3889" WIDTH="26" />
<String CONTENT="13:" CS="1" HEIGHT="37" HPOS="1297" VPOS="3888" WIDTH="52" />
<SP HEIGHT="37" HPOS="1377" VPOS="3890" WIDTH="28" />
<String CONTENT="A" HEIGHT="36" HPOS="1406" VPOS="3890" WIDTH="37" />
<SP HEIGHT="38" HPOS="1444" VPOS="3890" WIDTH="24" />
<String CONTENT="75300:" CS="1" HEIGHT="39" HPOS="1469" VPOS="3889" WIDTH="140" />
<SP HEIGHT="37" HPOS="1636" VPOS="3890" WIDTH="28" />
<String CONTENT="M." HEIGHT="37" HPOS="1665" VPOS="3890" WIDTH="59" />
<SP HEIGHT="37" HPOS="1725" VPOS="3890" WIDTH="25" />
<String CONTENT="A." HEIGHT="39" HPOS="1751" VPOS="3890" WIDTH="52" />
<SP HEIGHT="40" HPOS="1804" VPOS="3889" WIDTH="24" />
<String CONTENT="De" HEIGHT="38" HPOS="1829" VPOS="3889" WIDTH="70" />
<SP HEIGHT="38" HPOS="1900" VPOS="3889" WIDTH="23" />
<String CONTENT="W." HEIGHT="38" HPOS="1924" VPOS="3889" WIDTH="67" />
<SP HEIGHT="37" HPOS="1992" VPOS="3888" WIDTH="27" />
<String CONTENT="Howe." HEIGHT="37" HPOS="2020" VPOS="3888" WIDTH="163" />
</TextLine>
<TextLine CS="1" HEIGHT="48" HPOS="274" VPOS="3946" WIDTH="517">
<String CONTENT="Boston." HEIGHT="38" HPOS="274" VPOS="3949" WIDTH="193" />
<SP HEIGHT="47" HPOS="468" VPOS="3947" WIDTH="71" />
<String CONTENT="(34-30858)" CS="1" HEIGHT="48" HPOS="540" VPOS="3946" WIDTH="251" />
</TextLine>
</TextBlock>
</PrintSpace>
</Page>
</Layout>
</alto>