2350 4196
1080 4007 132 48 1645

154 359 286 64 Cullinan,
471 360 240 55 Howell.

225 436 229 51 Pardon
510 454 93 49 my
660 442 207 61 accent,
921 455 30 33 a
1008 433 158 55 radio
1216 452 151 37 news
1421 452 321 35 announcer
1797 434 348 68 apologizes;

154 514 223 66 ‘‘points
411 513 137 51 with
584 513 215 68 pride”,
833 515 112 51 and
979 512 203 54 “views
1216 513 137 52 with
1386 512 234 68 alarm”,
1651 513 71 66 by
1756 512 227 52 Howell

153 514 1972 145 Cullman … Norwood, Mass., The Plimpton press [c1934]
220 664 764 50 5 p. l., [3]-221 p., 1 l. 19½cm.
156 717 50 51 ©
245 722 100 39 Oct.
385 723 67 45 30,
491 722 139 41 1934:
669 722 65 40 2c.
773 724 117 40 Nov.
930 724 51 45 7;
1054 723 36 37 aff
1141 723 116 38 Nov.
1296 722 81 46 20;
1417 723 41 37 A
1495 722 170 46 77363;
1707 722 216 39 William
1964 723 186 38 Howell

222 779 239 41 Cullinan,
496 780 194 39 Boston.
763 779 279 47 (34-41040)

156 851 299 55 Delaware
483 856 111 50 and
620 855 260 53 Atlantic
910 855 199 67 digest.
1178 857 134 49 1934
1337 854 346 54 cumulative
1711 856 211 50 annual
1950 854 199 68 pocket

222 928 1928 73 part … [for] v. 36. Table of cases digested … St. Paul,
218 1008 160 54 West
406 1011 335 68 publishing
768 1029 77 35 co.
882 1014 190 64 [c1934]

220 1086 24 34 6
274 1094 41 36 p.
369 1084 116 40 25cm.

222 1140 116 39 This
363 1142 246 45 pamphlet
635 1141 40 39 is
702 1147 49 34 lo
775 1143 56 38 he
853 1143 137 38 fitted
1017 1142 101 38 into
1144 1143 82 37 the
1249 1142 170 47 pocket
1446 1144 49 37 at
1524 1144 83 37 the
1631 1142 120 39 back
1777 1142 51 39 of
1855 1143 81 38 the
1962 1142 189 38 volume

151 1199 50 37 of
228 1198 83 38 the
334 1199 73 37 set
437 1200 44 36 to
510 1199 156 39 which
695 1200 38 37 it
760 1200 207 45 belongs.

153 1250 1882 53 © Nov. 27, 1934; 2c. Dec. 27: aff. Dec. 24: A 78721; West pub. co.
155 1314 336 56 Dickinson.
528 1317 214 63 Emily,
780 1323 323 48 1830-1886.

147 1393 1976 146 … Poems for youth, edited by Alfred Leete Hampson; foreword by
440 1473 136 66 May
610 1473 344 52 Lamberton
986 1473 241 66 Becker;
1265 1473 378 52 illustrations
1677 1473 70 66 by
1781 1473 219 67 George
2036 1474 106 50 and

146 1549 170 53 Doris
346 1551 286 52 Haliman.
712 1553 231 65 Boston,
976 1552 191 65 Little,
1198 1553 228 60 Brown,
1457 1552 109 51 and
1599 1569 296 48 company,
1932 1556 142 47 1934.

220 1620 115 52 [119]
363 1633 44 38 p.
436 1622 108 41 incl.
573 1622 164 49 front.,
768 1624 127 40 illus.
957 1622 116 44 21cm.

219 1679 284 41 Illustrated
536 1681 361 47 lining-papers.

215 1737 128 40 Title
372 1736 227 48 vignette.

215 1793 1851 106 “With two exceptions, all of the poems in this book appear in the Centenary edition of
759 1854 99 38 The
889 1864 160 36 poems
1079 1854 50 38 of
1157 1853 158 47 Emily
1350 1854 292 43 Dickinson,
1672 1854 158 38 edited
1864 1854 56 46 by
1956 1854 188 38 Martha

148 1907 264 41 Dickinson
455 1909 206 40 Bianchi
702 1913 92 37 and
841 1910 167 40 Alfred
1052 1910 142 40 Leete
1237 1910 249 47 Hampson
1530 1910 266 49 [published
1842 1912 47 38 in
1931 1910 203 40 1930]”—

146 1965 469 49 Acknowledgment.

154 2020 50 51 ©
246 2025 115 39 Nov.
403 2026 69 40 23.
515 2024 139 41 1934:
698 2027 66 39 2c.
807 2028 94 37 and
942 2025 82 42 aff.
1066 2027 116 38 Nov.
1223 2027 53 38 27;
1349 2027 37 36 A
1432 2027 142 38 77474;
1646 2027 194 38 Martha
1884 2025 267 40 Dickinson

219 2082 217 43 Bianchi,
486 2084 240 39 Amherst,
778 2084 143 37 Mass.
989 2083 278 48 [Copyright
1315 2083 40 37 is
1404 2083 204 38 claimed
1657 2094 58 28 on
1765 2084 243 38 foreword
2056 2083 93 39 and

221 2139 342 49 illustrations]
637 2139 280 48 (34-40845)

152 2201 336 64 Donnelley,
518 2202 123 52 The
670 2202 241 53 Reuben
940 2202 92 65 H.,
1061 2201 391 65 corporation.

219 2278 120 52 The
370 2279 319 66 Donnelley
718 2281 231 50 manual
977 2278 64 54 of
1069 2279 286 66 directory
1383 2280 431 64 salesmanship.
1879 2279 272 66 Chicago,

153 2355 133 52 New
319 2356 159 52 York
533 2363 120 58 [etc.]
690 2356 120 53 The
840 2356 232 53 Reuben
1104 2356 74 52 H.
1211 2356 319 66 Donnelley
1561 2374 153 48 corp.
1750 2359 175 63 [c1934]

219 2430 24 37 3
272 2440 40 36 p.
361 2460 7 7 l.,
411 2429 81 40 161
521 2440 43 38 p.
618 2428 146 42 23½cm.

222 2487 183 39 “Based
436 2497 58 28 on
524 2497 23 28 a
580 2487 146 46 study
754 2487 140 39 made
921 2486 60 46 by
1009 2486 326 47 Trade-ways,
1364 2485 117 41 inc.“

153 2539 50 51 ©
244 2543 125 48 Sept.
406 2545 68 38 24.
511 2543 112 40 1934;
687 2544 66 39 2c.
789 2545 94 38 and
920 2544 80 38 aff.
1040 2544 100 39 Oct.
1177 2544 23 39 8:
1267 2545 39 37 A
1342 2543 145 40 76360;
1551 2544 197 38 Reuben
1787 2544 59 38 H.
1883 2544 267 46 Donnelley

220 2601 320 47 corporation.
614 2600 279 47 (34-40873)

155 2662 195 65 Doyle,
380 2664 207 63 Henry
617 2663 276 64 Grattan,
926 2668 171 50 1889-

221 2742 49 50 A
315 2740 276 52 tentative
637 2740 406 67 bibliography
1088 2740 63 52 of
1191 2741 96 52 the
1331 2741 393 52 belles-lettres
1769 2739 63 53 of
1877 2741 273 62 Panama,

152 2804 1975 157 pre Aired by Henry Grattan Doyle … Cambridge, Mass., Harvard university press, 1934.
220 2967 23 39 7
273 2978 43 37 p.
381 2999 8 15 l.,
422 2966 54 40 21
508 2978 41 37 p.
611 2966 145 40 23½cm.
826 2966 299 48 (Half-title:
1158 2967 388 49 Bibliographies
1578 2966 51 40 of
1661 2965 487 49 Spanish-American

150 3025 278 47 literature)

222 3080 258 41 Published
517 3082 58 45 by
609 3080 79 40 the
722 3080 230 39 Harvard
986 3080 189 39 council
1207 3091 59 29 on
1300 3080 499 48 Hispano-American
1835 3079 200 41 studies.

221 3137 235 41 “General
486 3137 216 40 works”:
735 3136 80 40 7th
848 3135 185 49 prelim,
1062 3136 113 40 leaf.

220 3193 236 43 “Current
486 3193 289 49 periodicals
805 3193 50 39 of
884 3192 273 39 Panama”:
1190 3203 41 37 p.
1259 3193 68 38 21.

153 3250 50 51 ©
234 3254 116 39 Nov.
380 3253 68 41 16.
479 3252 139 39 1934:
650 3251 66 38 2c.
748 3251 117 37 Nov.
894 3249 53 39 30:
1009 3248 81 42 aff.
1120 3249 115 39 Nov.
1267 3248 81 42 22;
1381 3250 39 37 A
1451 3249 169 41 77384:
1654 3249 255 39 President
1940 3251 95 37 and
218 3249 1911 100 fellows

371 3310 49 40 of
454 3309 229 38 Harvard
720 3308 190 42 college.
949 3306 298 45 Cambridge.
1283 3307 144 38 Mass.
1501 3305 279 47 (34-10893)

157 3371 287 64 Dunham,
476 3372 260 50 Truman
768 3367 276 64 Richard,
1079 3372 168 50 1899-
1460 3368 84 56 ed.

224 3445 314 67 Unveiling
575 3445 94 52 the
706 3443 223 65 future;
968 3444 199 52 twelve
1206 3443 296 67 prophetic
1541 3460 293 50 messages,
1871 3441 275 68 compiled

156 3518 1993 72 and edited by T. Richard Dunham … Contributors. Harry
157 3596 1991 72 Rimmer, D. D., Arno C. Gaebelein, D. D., William B. Riley, D . D.
215 3673 1935 74 … [and others] Findlay, O., Fundamental truth publishers
158 3759 194 67 [ c 1934]
223 3828 84 38 165
335 3839 43 36 p.
440 3826 144 40 20½cm.

154 3885 50 51 ©
235 3890 112 38 Dec.
378 3889 39 44 1,
450 3886 114 41 1934;
624 3885 67 40 2c.
723 3886 95 38 and
851 3884 78 39 aff.
965 3885 111 40 Dec.
1109 3885 25 38 3;
1195 3884 41 39 A
1267 3884 142 40 77403:
1474 3885 357 39 Fundamental
1866 3888 135 37 truth
219 3888 1912 97 publishers.
481 3941 278 51 (34-41079)
