2350 4196
1149 4014 130 47 1296

239 387 255 63 Haslett,
527 387 225 64 George
784 387 352 64 Wyndham.

313 462 307 53 Merrivale
656 464 112 51 and
805 464 268 65 Fossiter,
1110 481 30 34 a
1176 478 252 50 memory
1460 460 250 52 between
1746 464 112 48 two
1898 459 225 68 worlds,
2158 459 73 68 by

246 540 65 54 G.
344 539 329 69 Wyndham
703 540 247 52 Haslett.
1016 540 256 52 London.
1304 538 189 52 Hurst
1523 539 46 50 &
1599 535 282 69 Blackett,
1915 536 100 53 ltd.
2058 537 170 66 [1934]

314 611 86 41 280
428 623 57 37 p..
516 613 26 39 2
592 643 8 9 l.
664 612 114 41 19cm.

314 668 138 48 Maps
485 679 59 29 on
578 669 359 47 lining-papers.

249 724 1982 51 © 1c. Sept. 22. 1934; A ad int. 19387; pubd. July 27; G. W. Haslett.
314 784 212 40 London.
597 783 277 49 (34-33279)

240 890 170 63 Hess,
445 888 201 64 Fjeril.

318 965 269 54 Sandra’s
628 966 186 67 cellar,
852 966 75 68 by
965 965 183 67 Fjeril
1188 965 174 64 Hess;
1403 963 325 52 illustrated
1765 964 75 66 by
1878 963 254 52 Edward
2172 963 61 54 C.

244 1043 254 55 Caswell.
575 1042 137 52 New
748 1043 178 65 York,
961 1044 120 50 The
1115 1040 333 53 Macmillan
1483 1057 295 50 company,
1814 1043 149 49 1934.

316 1115 909 49 6 p. l., 254 p. front., illus. 19cm.
249 1170 51 51 ©
335 1173 99 40 Oct.
467 1174 37 39 9.
535 1173 114 41 1934;
708 1174 64 38 2c.
808 1176 93 36 and
934 1173 80 39 aff.
1050 1173 100 40 Oct.
1181 1172 54 39 10;
1295 1173 41 37 A
1369 1172 140 39 76461;
1573 1172 279 39 Macmillan
1885 1183 67 29 co.
328 1230 276 49 (34-32939)

243 1334 263 64 Hibbett,
536 1336 137 51 Mrs.
708 1333 219 63 Gladys
957 1333 256 54 McDow.

314 1412 204 51 Winds
553 1410 64 54 of
651 1429 269 49 memory,
955 1411 73 66 by
1067 1409 217 57 Gladys
1317 1409 245 53 McDow
1599 1409 271 67 Hibbett;
1913 1410 322 53 illustrated

243 1489 75 68 by
358 1490 334 52 Antoinette
787 1489 138 52 Rhett.
1018 1488 424 67 Philadelphia,
1483 1488 121 66 Pa.,
1645 1489 173 51 Poetry
1899 1489 337 67 publishers,

243 1572 150 50 1934.

317 1641 55 39 63
398 1651 42 36 p.
472 1640 105 39 incl.
607 1640 227 39 mounted
863 1639 161 46 front.,
1056 1640 225 38 mounted
1312 1638 127 40 illus.
1500 1639 54 37 21½
1589 1641 42 20 cm
1638 1671 6 7 .

321 1696 152 48 “Only
510 1698 134 38 three
680 1696 217 40 hundred
934 1697 157 46 copies
1127 1697 121 38 have
1286 1695 118 40 been
1441 1697 138 38 made
1616 1696 51 39 of
1704 1697 80 38 the
1823 1696 105 39 first
1968 1697 180 40 edition
2190 1697 50 39 of

247 1751 1974 106 this book … of this limited edition this copy is number 26 and is autographed by the author.”
249 1866 51 51 ©
333 1870 99 40 Oct.
465 1872 39 44 1,
535 1868 113 40 1934;
708 1868 65 41 2c.
807 1871 93 36 and
932 1868 79 39 aff.
1046 1868 98 39 Oct.
1179 1869 23 38 5;
1264 1869 40 37 A
1337 1868 139 40 76351;
1540 1868 50 40 G.
1624 1870 62 38 M.
1719 1869 215 40 Hibbett.
1968 1869 265 41 Nashville.

327 1925 276 49 (34-32923)

242 2027 133 64 Hill,
408 2031 137 53 Mrs.
579 2030 185 54 Grace
796 2027 409 66 (Livingston)
1248 2033 169 51 1865-

313 2108 119 51 The
480 2106 315 53 Christmas
839 2107 158 51 bride
1069 2106 90 66 [by]
1210 2105 179 55 Grace
1435 2106 338 68 Livingston
1821 2107 144 51 Hill.
244 2106 1966 145 Philadelphia.
523 2185 255 64 London,
808 2185 55 52 J.
898 2185 64 49 B.
996 2182 334 68 Lippincott
1361 2201 279 50 company
1677 2217 12 34 [
1693 2191 18 21 c
1718 2188 149 62 1934]

315 2258 86 41 318
433 2269 43 38 p.
536 2258 145 41 19½cm.

249 2313 51 50 ©
333 2318 124 45 Sept.
485 2317 67 38 27.
581 2314 112 39 1934;
749 2316 64 38 2c.
844 2316 92 36 and
966 2314 78 38 aff.
1077 2314 98 39 Oct.
1203 2314 54 39 10;
1313 2316 41 37 A
1384 2315 139 39 76437;
1584 2316 51 39 G.
1664 2317 48 37 L.
1744 2316 116 39 Hill.
1894 2316 338 42 Swarthmore,

316 2374 80 37 Pa.
469 2371 278 48 (34-32944)

242 2473 266 66 Holman,
539 2476 128 52 Edd
696 2476 206 62 Henry
931 2474 226 65 Hiram,
1192 2476 168 52 1867-

315 2553 1913 64 Where the tall corn grows, by E. H. H. Holman … A
245 2633 168 65 study
440 2633 64 50 of
526 2633 93 52 the
648 2631 151 52 farm
824 2631 254 66 problem
1103 2632 59 51 in
1187 2631 72 55 its
1286 2632 242 52 relation
1555 2638 57 47 to
1639 2634 93 51 the
1758 2634 159 51 labor
1946 2633 281 67 problem;

244 2710 167 52 based
442 2729 69 33 on
540 2709 261 67 personal
829 2708 352 67 experiences
1208 2709 59 52 in
1296 2716 236 47 western
1562 2712 170 51 Iowa.
1816 2710 415 68 [Minneapolis,

245 2787 199 61 Minn.,
475 2787 288 52 Northern
793 2792 171 47 states
994 2787 352 61 cooperative
1378 2790 214 58 league.
1622 2795 17 21 c
1644 2793 135 48 1934]

318 2859 54 40 32
402 2871 41 37 p.
505 2859 55 40 20½
592 2862 44 20 cm
642 2892 7 8 .

249 2914 53 51 ©
331 2920 119 39 Aug.
480 2918 54 38 15,
579 2916 112 40 1934;
753 2916 65 39 2c.
852 2918 93 37 and
980 2916 78 37 aff.
1093 2917 116 44 Aug.
1241 2916 81 43 25;
1357 2919 41 37 A
1431 2918 139 39 74655;
1634 2920 51 38 E.
1719 2920 57 37 H.
1813 2920 58 37 H.
1905 2920 223 40 Holman.
2166 2919 64 40 St.

316 2976 135 38 Paul.
522 2973 277 47 (34-32874)

245 3077 229 64 Jacobs,
504 3078 62 54 T.
598 3077 60 54 C.
688 3077 72 53 H.

314 3152 241 55 Sinister
583 3159 175 59 quest,
787 3152 72 65 by
889 3152 62 50 T.
985 3150 60 54 C.
1075 3152 76 50 H.
1181 3152 221 54 Jacobs.
1478 3155 138 52 New
1646 3153 179 68 York,
1855 3154 120 55 The
240 3155 1967 142 Macaulay
367 3247 277 49 company
682 3262 13 32 [
700 3235 17 20 c
723 3232 149 62 1934]

313 3302 84 41 315
431 3314 29 37 p
536 3302 53 39 19½
623 3305 41 20 cm

247 3357 51 50 ©
326 3361 101 39 Oct.
455 3361 37 39 5.
522 3359 112 40 1934;
692 3359 64 39 2c.
785 3361 93 36 and
906 3359 80 38 aff.
1018 3358 98 41 Oct.
1147 3359 51 38 10;
1256 3362 40 36 A
1325 3360 142 39 76429;
1525 3364 221 38 Macaulay
1812 3373 63 30 co.

325 3415 276 49 (34-32945)

242 3517 294 66 Jameson,
573 3519 214 61 Storm,
827 3517 169 52 1897-

374 3594 1852 71 … Triumph der zeit, roman. Berlin [etc.] P. Zsolnay. 1934.
313 3669 96 38 542.
442 3669 54 47 [1]
526 3679 41 36 p.
624 3668 55 39 20½
712 3670 43 20 cm
761 3699 6 6 .

315 3725 150 38 “Titel
498 3726 83 37 der
611 3725 274 44 englischen
914 3724 210 44 ausgabe:
1183 3725 99 39 The
1313 3728 214 46 triumph
1559 3729 51 39 of
1639 3729 127 39 time.
1826 3729 170 40 Zuerst
243 3729 1967 90 erschienen
364 3780 126 41 1932.
549 3781 89 39 Die
667 3782 225 38 enzelnen
921 3780 178 38 bücher
1129 3783 80 37 des
1240 3784 187 39 Werkes
1455 3786 199 38 wurden
1684 3784 258 41 1927-1931
242 3784 1969 92 veröffentlicht.
443 3836 171 47 Einzig
653 3837 310 39 autorisierte
1006 3837 326 48 Übertragung
1371 3850 87 29 aus
1500 3842 104 38 dem
1647 3843 274 45 englischen
1963 3852 91 29 von
2095 3843 135 41 Dora

246 3892 173 46 Sophie
445 3893 211 39 Kellner."

314 3950 138 38 “1.-5.
484 3949 246 40 tausend.”
