2350 4196
1160 3998 99 52 634

205 378 245 64 Brandt,
481 377 195 54 Erich.

238 447 1929 150 … Der mann, der stets im schatten stand; roman aus Niedersachen. Lüneburg, Volkmar-vertag, 1933.
277 601 507 49 238 p. 1 illus. 22 ½cm.
277 656 64 42 At
365 659 126 40 head
518 658 51 40 of
595 658 134 40 title:
758 657 145 40 Erich
932 655 474 47 Brandt-Lüneburg.

214 712 1980 51 © Oct. 20, 1933; 1c. Mar. 5, 1934; A -Foreign 23904; Volkmar-verlag.
292 772 276 48 (34-14708)

212 874 175 65 Buck,
420 875 220 53 Robert
673 874 272 65 William,
980 877 170 50 1893-

284 949 1847 70 The essentials of physical diagnosis, by Robert W Buck …
211 1029 403 66 Philadelphia
648 1031 111 51 and
790 1031 254 54 London,
1075 1031 88 51 W.
1197 1031 65 50 B.
1299 1028 285 54 Saunders
1617 1044 295 49 company,
1945 1031 148 48 1934.

283 1103 26 38 2
336 1113 44 37 p.
442 1133 7 14 l.,
479 1103 173 38 11-259
679 1111 41 38 p.
779 1102 125 40 illus.
963 1102 53 38 22½
1050 1103 43 21 cm
1100 1134 8 8 .

288 1159 431 47 “Supplementary
746 1157 227 48 reading”
1003 1161 50 37 at
1081 1158 90 39 end
1200 1157 50 40 of
1277 1157 116 40 each
1421 1158 125 45 part.

217 1211 50 51 ©
296 1217 115 45 May
434 1215 39 47 9,
499 1215 140 45 1934;
668 1215 66 39 2c.
762 1216 94 38 and
884 1214 81 40 aff.
994 1215 111 46 May
1132 1215 79 43 14;
1241 1213 39 39 A
1308 1212 141 40 71607;
1507 1213 70 39 W.
1607 1213 53 39 B.
1691 1211 242 41 Saunders
1963 1223 65 29 co.

294 1268 277 51 (34-13517)

213 1372 325 66 Bussières,
565 1374 202 55 Henri.

345 1448 1848 68 … Le secret du vieux Bombard. Paris, J. Tallandier [1933 ]
285 1520 1913 50 188 p., 1 l. 18½ cm . (On cover: Criminels et policiers. [Nouvelle sér.,
215 1574 97 50 25])

220 1631 1964 101 © Dec. 27, 1933; 1c. Feb. 27, 1934; A- Foreign 23792; Société d’éditions
448 1695 44 37 et
527 1693 57 39 de
616 1691 336 48 publications,
986 1691 152 40 Paris.
1213 1692 277 47 (34-14712)

216 1781 297 64 Cantwell,
543 1783 187 63 Tercy
756 1783 53 55 J.

287 1859 174 52 From
497 1863 152 48 coast
684 1864 58 48 to
780 1864 170 62 coast,
986 1859 74 67 by
1097 1860 182 67 Percy
1315 1860 54 53 J.
1409 1858 306 68 Cantwell;
1759 1881 30 34 a
1828 1860 113 66 day
1975 1860 74 66 by
2090 1859 110 68 day

218 1936 195 53 record
443 1935 64 53 of
534 1941 193 48 events
755 1936 58 53 in
843 1937 96 53 the
966 1938 181 52 travel
1176 1937 63 53 of
1268 1942 111 48 two
1408 1937 377 68 legionnaires
1818 1937 152 52 from
218 1938 1958 144 Washington,

470 2014 71 52 D.
580 2013 61 55 C.
677 2019 60 48 to
768 2015 298 67 Portland,
1101 2014 226 69 Oregon
1364 2020 56 48 to
1457 2016 196 52 attend
1689 2015 95 53 the
1823 2015 130 53 14th
1991 2016 209 52 annual

219 2091 336 53 convention
589 2091 63 53 of
685 2092 130 52 Am.
850 2093 188 67 legion
1072 2093 254 53 national
1363 2092 421 68 organizations
1825 2093 153 67 Sept.
2018 2096 184 63 11-14,

220 2169 1959 146 1932; the legionaires Robert M. Toison … Percy J. Cantwell … Boston, Mass., 1934.
287 2319 1204 50 cover-title, 1 l., 60 p. 2 port. on 1 pl. 22½ cm
290 2376 288 40 “Published
607 2378 60 45 by
696 2377 132 39 these
858 2380 94 37 two
979 2377 320 47 legionnaires
1330 2378 78 39 for
1435 2378 81 42 the
1545 2381 222 47 pleasure
1797 2381 95 39 and
1921 2380 203 41 interest
2152 2380 51 41 of

220 2433 124 39 their
375 2432 230 41 friends.”

225 2485 1978 54 © May 1, 1934; 2c. May 3; aff. May 10; A 71646; P. J. Cantwell, Boston.
305 2545 275 48 (34-13732)

220 2634 286 65 Crapullo,
538 2635 225 64 George
793 2634 301 66 Anthony,
1126 2638 167 51 1890-

296 2710 174 54 Talks
503 2716 57 46 to
592 2728 191 50 young
815 2710 225 68 people;
1077 2712 268 67 thoughts
1379 2731 72 34 on
1485 2714 237 52 conduct
1756 2714 111 53 and
1903 2715 303 69 character,

226 2786 1956 74 by George A. Crapullo … New York [etc.] Fleming H. Revel
228 2882 276 51 company
720 2899 11 33 [c1934]

296 2936 87 41 117
413 2946 43 38 p.
516 2936 58 40 19

227 2991 52 51 ©
306 2996 113 47 Apr.
449 2997 68 45 28,
548 2996 113 40 1934;
720 2997 66 39 2c.
816 2998 93 38 and
939 2997 80 40 aff.
1052 2999 113 47 May
1195 3000 24 38 7:
1277 3000 40 38 A
1344 3000 145 40 72332;
1546 3002 218 49 Fleming
1794 3004 59 40 H.
1886 3004 166 39 Revell
2083 3014 65 30 co.

304 3053 276 47 (34-13526)
1997 3057 118 43 4119

221 3138 169 66 Crile,
422 3141 224 64 George
676 3141 409 65 Washington,
1119 3147 166 50 1864-

292 3217 257 53 Diseases
577 3219 250 66 peculiar
857 3225 57 46 to
942 3220 257 55 civilized
1227 3243 130 33 man;
1417 3225 224 53 clinical
1669 3232 394 61 management
2091 3226 110 53 and

225 3294 1977 76 surgical treatment, by George Crile, M. D.; edited by Amy
223 3370 293 54 Rowland.
593 3373 137 51 New
764 3374 176 66 York,
974 3376 119 51 The
1125 3378 330 54 Macmillan
1490 3399 294 48 company,
1824 3384 144 50 1934.

297 3443 1294 57 xi, 427 p. illus., 2 col. pl., fold. tab., diagrs. 22½cm.
294 3499 346 48 Bibliography:
702 3512 40 36 p.
775 3501 200 41 399-417:
1040 3504 346 43 “References”
1419 3511 50 37 at
1500 3511 93 38 end
1627 3510 51 39 of
1709 3520 129 30 some
1872 3509 51 40 of
1956 3510 79 39 the
225 3509 1966 86 chapters.

229 3607 50 51 ©
310 3613 111 45 May
451 3613 67 43 15,
550 3612 138 42 1934;
721 3614 65 40 2c.
819 3616 93 38 and
943 3615 77 39 aff.
1055 3618 110 46 May
1196 3618 80 43 16;
1309 3620 41 38 A
1380 3620 169 47 71639;
1584 3622 280 40 Macmillan
1894 3632 67 30 co.

305 3668 276 46 (34-13518)

226 3754 340 67 [Csmarich,
602 3758 233 68 Rudolf]
876 3763 168 49 1884-

355 3831 1855 76 … Noch spielt ein kind, roman. Berlin retc.] P. Zsolnay,
227 3908 147 52 1934.
