2350 4196
1174 3996 65 49 42

217 376 207 65 Laing,
452 376 335 53 Alexander
815 374 255 67 Kinnan,
1104 378 167 49 1903-

289 453 121 51 The
443 453 237 53 cadaver
714 451 62 52 of
810 450 220 55 Gideon
1063 450 198 68 Wyck,
1294 450 73 69 by
1404 470 27 32 a
1466 449 239 53 medical
1738 448 244 68 student,
2018 446 183 55 edited

217 531 71 67 by
316 530 324 54 Alexander
665 528 214 68 Laing;
907 529 141 53 with
1074 547 30 32 a
1131 527 365 67 frontispiece
1520 526 73 68 by
1620 525 167 69 Lynd
1810 526 195 53 Ward.
2066 526 135 52 New

219 608 176 64 York,
427 608 213 54 Farrar
669 611 50 49 &
751 606 293 67 Rinehart,
1075 608 123 64 inc.,
1232 608 148 49 1934.

287 692 99 48 viii,
425 693 85 40 376
551 703 43 37 p.
661 694 162 46 front.,
866 692 127 40 illus.
1024 691 160 48 (plan)
1263 691 57 40 20½
1351 694 43 20 cm
1401 723 7 8 .

219 763 1984 52 © Jan. 16, 1934; 2c. Jan. 22: aff. Jan. 17: A 69118; Farrar & Rinehart,
285 825 90 38 inc.
446 823 249 48 (34-1366)

218 942 180 64 Lapp,
426 942 154 53 John
613 942 328 63 Augustus,
975 943 169 50 1880-

217 1018 1960 146 The first chapter of the new deal, by John A. Lapp … introduction by
582 1096 1621 68 Raymond M. Moley … Chicago, J. A. Prescott &
216 1192 100 35 son
354 1207 11 33 [
371 1181 17 20 c
394 1178 150 63 1933]

291 1258 96 50 xvi,
410 1259 85 41 510
515 1271 43 37 p.
617 1260 55 40 23½
705 1262 43 22 cm
754 1292 9 8 .

290 1332 124 39 Text
441 1332 94 38 and
565 1342 244 36 summary
838 1332 51 37 of
919 1332 79 38 (he
1027 1341 103 28 new
1160 1332 118 37 laws
1308 1330 321 47 constituting
1655 1330 81 39 the
1765 1340 103 28 new
1898 1330 135 46 deal;
220 1332 1970 95 presidential
433 1398 242 37 messages

705 1389 95 38 and
829 1388 319 47 explanatory
1177 1387 254 39 addresses
1463 1386 50 40 of
1544 1387 254 39 President
1828 1386 255 40 Roosevelt
2114 1388 90 38 and

221 1444 140 40 other
383 1444 190 40 leaders
598 1455 82 29 are
704 1445 102 39 also
831 1444 224 40 included
1080 1443 48 40 in
1153 1444 93 39 full
1272 1445 117 38 text.
1450 1444 62 46 cf.
1544 1443 130 40 Pref.

220 1511 50 51 ©
300 1515 101 40 Oct.
430 1516 67 47 14,
526 1515 112 40 1933;
697 1516 67 38 2c.
793 1515 109 40 Jan.
930 1515 68 46 26,
1029 1514 138 47 1934;
1200 1514 81 39 aff.
1311 1515 107 39 Jan.
1448 1514 82 47 22;
1562 1514 40 38 A
1631 1514 169 47 70017;

1834 1514 127 39 John
1990 1514 52 39 A.
286 1514 1903 98 Prescott
411 1572 33 39 &
471 1583 99 29 son.
640 1570 279 50 (33-27437)

218 1690 132 63 Lee,
379 1690 311 56 Cuthbert.

288 1767 273 53 Personal
595 1773 151 47 trust
781 1767 490 66 administration;
1310 1770 229 49 manual
1579 1767 91 52 for
1704 1767 176 52 banks
1918 1766 111 52 and
2063 1770 149 47 trust

220 1845 1988 68 companies [by] Cuthbert Lee … New York, The Bankers
216 1922 334 63 publishing
584 1941 295 44 company,
916 1927 150 49 1934.

283 1997 81 46 vii,
394 1997 84 40 311
508 2008 43 36 p.
612 1997 114 40 22cm.

289 2067 143 39 “Less
464 2067 120 39 than
615 2066 107 39 half
753 2067 51 39 of
837 2066 97 40 this
965 2066 225 40 material
1224 2077 205 37 appears
1462 2066 49 39 in
1545 2078 26 28 a
1606 2066 149 40 series
1789 2066 51 40 of
1873 2067 196 39 articles

218 2076 1976 95 running
357 2124 78 39 for
463 2133 26 29 a
519 2133 115 37 year
661 2123 51 39 in
740 2124 81 38 the
849 2124 220 39 Bankers
1097 2123 485 47 magazine.”—Pref.

221 2190 50 51 ©
308 2195 108 38 Jan.
450 2194 39 41 2,
525 2194 140 47 1934;
701 2195 67 40 2c.
803 2195 109 38 Jan.
947 2195 81 45 13;
1067 2194 80 40 aff.
1183 2194 108 40 Jan.
1326 2196 82 39 11:
1445 2195 40 38 A
1520 2194 168 47 67997;
1727 2195 220 39 Bankers
1982 2195 108 46 pub.
2127 2204 80 36 co.,

290 2249 299 49 Cambridge,
623 2252 144 38 Mass.
840 2250 250 50 (34-1209)

218 2368 208 65 Lewis,
458 2367 267 66 Sinclair,
763 2373 169 49 1885-

349 2446 1853 69 … Work of art. Garden City, N. Y., Doubleday, Doran &
216 2541 295 50 company,
539 2524 126 67 inc.,
699 2528 152 50 1934.

286 2596 535 50 4 p. l., 452 p. 21 cm .
289 2669 161 40 “First
486 2670 183 40 edition"

221 2737 1984 54 © Jan. 24, 1934; 2c. and aff. Jan. 26: A 70019; S. Lewis. Bronxville,
288 2796 54 42 N.
373 2797 51 40 Y.
496 2799 279 48 (33-27268)

218 2916 239 54 Lincoln
486 2918 235 54 electric
751 2936 101 47 co.,
885 2920 323 55 Cleveland.

288 2993 1857 71 Procedure handbook of arc welding, design and practice …
219 3070 324 67 Cleveland,
576 3070 86 68 O.,
693 3072 120 54 The
844 3071 239 54 Lincoln
1113 3072 219 55 electric
1366 3091 292 50 company,
1693 3077 147 50 1933.

289 3155 1216 52 viii, 434 p. illus., 3 fold. pl., diagrs. 23½ cm .
222 3227 50 51 ©
305 3232 127 46 Sept.
458 3232 69 38 16.
557 3232 138 41 1933;
725 3232 67 40 2c.
822 3233 108 41 Jan.
959 3233 69 48 29,
1058 3235 138 45 1934;
1230 3234 79 39 aff.
1341 3235 110 40 Jan.
1479 3236 82 45 25;
1593 3236 42 38 A
1663 3235 167 47 69234;
1864 3235 198 39 Lincoln
287 3235 1904 92 electric

408 3299 67 28 co.
548 3288 278 48 (33-27494)

220 3405 349 63 McCulloch,
597 3406 219 64 Joseph
845 3408 275 56 Howard.

288 3479 1854 74 Gymnastics, tumbling and pyramids, by J. H. McCulloch …
219 3557 139 54 with
395 3578 70 33 an
503 3559 386 55 introduction
926 3563 35 52 by
1037 3565 157 53 Jesse
1230 3564 236 67 Feiring
1501 3564 305 66 Williams,
1901 3608 7 8 M.
1985 3608 7 8 D.;
2064 3566 134 51 with

217 3639 98 50 265
353 3637 389 52 illustrations.
820 3640 404 67 Philadelphia
1259 3642 108 51 and
1402 3643 257 65 London,
1692 3643 88 52 W.
1816 3644 65 50 B.
1919 3642 284 55 Saunders

218 3731 295 50 company,
543 3719 148 49 1934.

292 3800 799 49 1 p. l., 11-177 p. illus. 20 cm .
222 3867 50 51 ©
304 3873 108 38 Jan.
441 3871 39 42 9.
511 3872 140 41 1934;
683 3873 66 39 2c.
780 3873 108 40 Jan.
919 3875 81 45 32;
1034 3876 80 40 aff.
1146 3875 107 40 Jan.
1284 3876 81 46 11;
1398 3876 41 38 A

1470 3876 168 47 68853;
1671 3878 70 38 W.
1775 3878 49 38 B.
1862 3877 243 40 Saunders
2137 3888 66 29 co.

298 3928 248 49 (34-1333)
