2350 4196
1145 3999 100 53 798

280 467 41 36 v,
351 457 98 47 216,
477 456 69 46 20,
577 456 67 46 iii,
677 455 83 40 124
789 466 43 37 p.
894 456 177 46 diagrs.
1132 456 52 39 23
1188 457 44 21 cm
1238 488 7 7 .

280 512 251 40 Half-title
565 512 166 40 before
765 512 80 39 the
881 513 181 39 section
1098 522 58 29 on
1191 510 240 49 spherical
1468 511 345 47 trigonometry
1850 514 83 36 not
1971 511 219 39 included

210 569 49 39 in
286 570 82 38 the
393 568 187 48 paging.

282 624 357 48 “Logarithmic
668 626 93 37 and
793 624 362 47 trigonometric
1184 624 169 47 tables,
1386 623 232 47 compiled
1651 624 58 46 by
1742 623 213 40 William
1985 624 50 40 L.
2067 625 128 38 Hart

271 678 22 17 …”
369 681 195 45 Boston,
604 680 117 39 New
760 680 130 39 York
933 683 117 45 [etc.]
1092 680 56 38 D.
1193 679 46 40 C.
1282 679 163 40 Heath
1487 680 94 39 and
1623 689 232 38 company
1901 700 10 29 [
1915 681 17 21 c
1934 679 127 50 1933]
2103 680 90 49 (iii,

210 736 85 39 124
320 738 68 47 p.)
423 737 89 40 has
540 736 179 49 special
747 740 97 44 t.-p.

217 801 1980 52 © May 24, 1934; 1c. June 2; 1c. June 11; aff. June 4; A 72715; W. L.
287 863 140 46 Hart,
459 862 334 48 Minneapolis.
864 863 277 48 (34-17319)

210 964 285 66 Hertzler,
529 966 231 53 Arthur
793 967 302 63 Emanuel,
1131 966 168 52 1870-

283 1041 1917 70 Surgery of a general practice, by Arthur E. Hertzler … and
212 1119 1987 147 Victor E. Chesky … with 472 illustrations. St. Louis, The C. V. Mosby company, 1934.
281 1272 60 47 vi,
376 1271 87 40 602
491 1282 41 37 p.
593 1271 128 40 illus.
780 1272 56 39 25
840 1274 43 21 cm
888 1304 9 8 .

285 1329 127 39 “The
445 1329 134 39 basis
608 1329 49 39 of
691 1329 97 39 this
821 1328 122 40 book
976 1329 41 39 is
1051 1329 80 39 the
1163 1330 96 38 last
1292 1328 181 40 edition
1506 1328 49 39 of
1591 1327 171 42 ‘Minor
1794 1330 214 47 surgery’
2044 1328 154 42 which

212 1386 239 46 appeared
484 1384 50 40 in
566 1384 350 42 1930.”—Pref.

218 1438 51 52 ©
299 1444 112 46 May
439 1444 67 45 31,
536 1442 140 47 1934;
707 1442 65 40 2c.
804 1444 125 38 June
956 1444 53 38 13;
1069 1442 81 40 aff.
1178 1443 126 38 June
1332 1442 52 47 9;
1417 1443 39 38 A
1487 1442 168 47 72752;
1689 1443 48 40 C.
1772 1444 49 40 V.
1853 1443 167 46 Mosby
2051 1452 66 31 co.

294 1499 278 48 (34-17594)

214 1602 281 66 Hopkins,
523 1604 152 53 John
706 1605 220 63 Henry,
958 1607 170 49 1861-

288 1681 118 50 The
434 1680 103 52 life
566 1680 62 51 of
654 1680 184 53 Marie
868 1680 259 52 Moulton
1159 1679 212 54 Graves
1398 1680 284 68 Hopkins,
1712 1680 230 52 beloved
1972 1679 134 53 wife
2136 1679 63 54 of

220 1759 153 53 John
401 1758 202 67 Henry
633 1757 282 69 Hopkins,
946 1758 110 52 and
1084 1758 93 54 the
1205 1764 156 62 story
1392 1757 62 52 of
1481 1757 147 53 their
1655 1757 104 53 life
1792 1758 111 53 and
1933 1759 154 51 work
220 1765 1953 138 together,

461 1835 1737 68 by the Rev. John Henry Hopkins … written at Grand
220 1913 128 66 Isle,
387 1913 290 67 Vermont,
715 1934 51 32 a.
807 1932 47 35 d.
898 1916 132 48 1932
1073 1913 110 52 and
1226 1916 148 49 1933.
1475 1913 197 55 [Grand
1713 1913 128 68 Isle,
1881 1914 113 67 Vt.]
2040 1914 155 53 Priv.

221 1990 190 70 print.,
443 1994 149 49 1934.

287 2062 88 39 viii
401 2074 56 36 p.,
483 2063 27 38 4
560 2094 21 15 l.,
613 2063 186 49 [3]—265,
832 2064 52 48 [1]
915 2073 42 37 p.
1012 2064 162 45 front.,
1202 2065 169 47 plates,
1402 2068 146 44 ports.
1605 2065 84 40 224
1693 2068 43 20 cm
1742 2099 7 6 .

218 2119 50 51 ©
305 2124 113 47 May
452 2125 67 44 31,
555 2123 140 41 1934;
733 2123 64 40 2c.
835 2124 126 38 June
995 2123 80 46 12;
1113 2122 77 41 aff.
1229 2125 124 38 June
1387 2125 81 45 11;
1506 2125 42 38 A
1582 2124 169 48 72730;
1790 2126 42 39 J.
1869 2126 59 38 H.
1965 2125 234 47 Hopkins,

288 2180 163 40 Grand
478 2181 108 45 Isle,
657 2183 31 37 Vt.
760 2181 277 47 (34-17342)

215 2283 222 64 Horler,
467 2284 253 62 Sydney.

281 2359 174 67 Tiger
488 2360 273 55 Standish
792 2378 177 36 comes
1000 2360 156 51 back.
1231 2362 161 66 chap.
1423 2364 186 50 20-40.
1648 2361 227 66 [Concl.]

297 2434 81 47 (In
404 2430 200 42 London
629 2430 148 42 News
804 2430 53 42 of
882 2430 85 43 the
993 2430 166 51 world,
1185 2430 128 43 June
1340 2433 41 41 3.
1409 2432 71 50 10,
1510 2433 70 48 17,
1606 2433 72 48 24,
1706 2430 115 52 July
1852 2433 39 48 1,
1920 2433 41 48 8,
1991 2431 142 50 1934)

218 2486 1980 53 © 1c. each July 26, 1934; A ad int. 19201; pubd. June 3, 10, 17, 24,
286 2548 117 46 July
428 2548 39 46 1,
500 2546 51 47 8;
588 2547 42 40 S.
663 2548 189 46 Horler,
885 2547 375 47 Bournemouth,
1294 2549 234 46 England.

215 2649 193 66 Hulin,
438 2649 225 55 Wilbur
690 2649 302 66 Schofield,
1025 2654 169 49 1899-

225 2725 1969 146 A short history of psychology, by Wilbur S. Hulin … New York, H. Holt
713 2804 110 52 and
856 2821 273 50 company
1168 2839 11 33 [
1185 2811 17 21 c
1208 2807 150 65 1934]

287 2874 60 48 vi,
381 2875 87 41 189
500 2886 41 37 p.
603 2875 58 40 19
661 2878 44 20 cm
710 2907 8 8 .

291 2932 234 40 “General
553 2932 362 48 bibliography”
937 2946 7 27 :
977 2942 41 37 p.
1054 2934 112 47 [177]

219 2987 51 52 ©
302 2994 125 38 June
457 2994 38 46 7,
526 2993 140 40 1934;
698 2993 66 39 2c.
797 2993 94 38 and
923 2991 80 41 aff.
1035 2993 125 38 June
1190 2992 80 47 16;
1305 2994 40 37 A
1377 2993 168 40 73095:
1580 2993 168 47 Henry
1779 2993 121 39 Holt
1928 2992 36 40 &
1996 3000 79 39 co.,
2108 2992 90 39 inc.

296 3050 275 47 (34-17343)

213 3149 247 67 Hunter,
490 3153 263 51 Norman
786 3152 259 64 Charles,
1079 3155 168 49 1908-

288 3228 288 68 Marriage
631 3227 139 54 with
825 3227 166 65 Nina,
1046 3228 73 67 by
1177 3228 252 54 Norman
1487 3229 240 51 Hunter.
1826 3226 134 53 New
2019 3225 176 68 York,

218 3306 87 54 W.
335 3305 246 54 Morrow
614 3307 110 52 and
752 3323 290 49 company,
1074 3308 146 50 1934.

291 3377 25 40 5
346 3388 41 37 p.
418 3379 43 46 1.,
492 3378 144 40 3-308
664 3389 42 36 p.
764 3376 57 40 19½c
868 3379 27 20 m
901 3409 7 8 .

218 3435 50 50 ©
301 3440 125 38 June
456 3439 67 45 13,
555 3437 139 46 1934;
727 3438 65 40 2c.
826 3439 94 38 and
952 3437 79 39 aff.
1065 3438 125 39 June
1220 3437 81 47 29;
1336 3439 41 37 A
1406 3438 169 47 74040;
1611 3440 55 38 N.
1700 3438 47 40 C.
1782 3438 205 46 Hunter,
2020 3436 176 47 Hythe,

284 3496 140 46 Kent,
457 3496 231 46 England.
761 3492 278 50 (34-17650)

212 3598 346 65 Hutchison,
586 3599 153 55 Ann.

287 3674 400 67 Adventuring
712 3691 69 34 on
808 3673 179 52 desert
1012 3673 180 67 roads,
1216 3674 73 67 by
1315 3674 132 50 Ann
1472 3673 337 53 Hutchison.
1876 3671 113 53 San
218 3671 1950 147 Francisco,
405 3751 189 67 Calif.,
620 3751 158 51 Harr
803 3750 248 67 Wagner
1076 3749 331 69 publishing
1434 3768 275 50 company
1744 3785 12 33 [
1760 3752 158 49 °1934
1922 3783 12 33 ]

287 3820 26 40 3
343 3833 41 37 p.
414 3823 45 46 l.,
489 3823 83 40 153
603 3834 40 37 p.
703 3822 55 40 19½
807 3825 27 20 m
840 3854 7 8 .

217 3878 50 50 ©
293 3883 126 39 June
443 3884 67 45 15,
537 3882 139 47 1934;
704 3883 66 40 2c.
797 3884 125 38 June
947 3882 53 39 25;
1058 3881 78 39 aff.
1166 3883 123 38 June
1315 3882 81 46 21;
1426 3884 40 37 A
1492 3882 143 40 73204;
1692 3883 132 38 Harr
1851 3882 207 46 Wagner
2084 3881 109 46 pub.

285 3949 62 29 co.
421 3939 275 47 (34-17661)
