<alto xmlns="http://www.loc.gov/standards/alto/ns-v3#" xmlns:xsi="http://www.w3.org/2001/XMLSchema-instance" xsi:schemaLocation="http://www.loc.gov/standards/alto/ns-v3# http://www.loc.gov/alto/v3/alto-3-0.xsd"><Description>
<MeasurementUnit>pixel</MeasurementUnit>
<sourceImageInformation>
<fileName>1934_v1_Part1.pdf</fileName>
</sourceImageInformation>
<OCRProcessing ID="IdOcr">
<ocrProcessingStep>
<processingDateTime>2019-01-10</processingDateTime>
<processingSoftware>
<softwareCreator>ABBYY</softwareCreator>
<softwareName>ABBYY Recognition Server</softwareName>
<softwareVersion>4.0</softwareVersion>
</processingSoftware>
</ocrProcessingStep>
</OCRProcessing>
</Description>
<Styles>
<ParagraphStyle ALIGN="Left" FIRSTLINE="0." ID="StyleId-FFFFFFFF-FFFF-FFFF-FFFF-FFFFFFFFFFFF-" LEFT="0." RIGHT="0." />
<ParagraphStyle ALIGN="Right" FIRSTLINE="0." ID="StyleId-521E1FC6-FE7E-43A4-90E6-A9B61626A263-" LEFT="0." LINESPACE="13.30000019" RIGHT="0." />
<ParagraphStyle ALIGN="Left" FIRSTLINE="-27." ID="StyleId-639B624E-F6F5-47B6-BB1D-34E64B53022F-" LEFT="0." LINESPACE="13.43999958" RIGHT="0." />
<ParagraphStyle ALIGN="Left" FIRSTLINE="0." ID="StyleId-100905F9-D385-406B-A5BD-ED5B8FD85431-" LEFT="0." RIGHT="0." />
<ParagraphStyle ALIGN="Left" FIRSTLINE="-27." ID="StyleId-7C9F9BA2-EF3A-4B7F-8486-CCC7B7F49B39-" LEFT="0." LINESPACE="18.71999931" RIGHT="0." />
<ParagraphStyle ALIGN="Block" FIRSTLINE="-27." ID="StyleId-350780E3-60F2-4605-88F5-BB54F9B87091-" LEFT="0." LINESPACE="18.71999931" RIGHT="0." />
<ParagraphStyle ALIGN="Left" FIRSTLINE="0." ID="StyleId-90B16C58-D795-4C77-9B89-30378C515D40-" LEFT="0." LINESPACE="14.39999962" RIGHT="0." />
<ParagraphStyle ALIGN="Right" FIRSTLINE="-27." ID="StyleId-17090E09-AFAF-4086-BD9B-4E99FAE6B057-" LEFT="0." LINESPACE="14.39999962" RIGHT="0." />
<ParagraphStyle ALIGN="Left" FIRSTLINE="-27." ID="StyleId-8B87B633-89DB-4D72-B1FC-26E4ABD680BC-" LEFT="0." LINESPACE="18.47999954" RIGHT="0." />
<ParagraphStyle ALIGN="Left" FIRSTLINE="0." ID="StyleId-42DA7417-CA90-4D71-A57B-06556C38D752-" LEFT="0." LINESPACE="13.30000019" RIGHT="0." />
<ParagraphStyle ALIGN="Block" FIRSTLINE="0." ID="StyleId-D8EE2A7E-42AE-4E35-98DB-F0F935637AA0-" LEFT="0." LINESPACE="6.599999905" RIGHT="0." />
<ParagraphStyle ALIGN="Left" FIRSTLINE="0." ID="StyleId-33CD3121-D4F5-43B6-BA96-6382D166E6B8-" LEFT="0." LINESPACE="15.5" RIGHT="0." />
<ParagraphStyle ALIGN="Block" FIRSTLINE="-21." ID="StyleId-1CE52AFA-C319-4DD9-B4B1-F0EBFA2B3F0B-" LEFT="0." LINESPACE="18.71999931" RIGHT="0." />
<ParagraphStyle ALIGN="Left" FIRSTLINE="0." ID="StyleId-B74F1B65-92F1-49C5-A5FA-D20442F031F2-" LEFT="0." LINESPACE="17.70006076" RIGHT="0." />
<ParagraphStyle ALIGN="Center" FIRSTLINE="0." ID="StyleId-79E2924A-215C-40B7-B577-7236BFBAA25E-" LEFT="0." LINESPACE="7.199999809" RIGHT="0." />
</Styles>
<Layout>
<Page HEIGHT="4196" ID="Page446" PHYSICAL_IMG_NR="446" WIDTH="2350">
<TopMargin HEIGHT="370" HPOS="0" VPOS="0" WIDTH="2350">
</TopMargin>
<LeftMargin HEIGHT="3624" HPOS="0" VPOS="370" WIDTH="196">
</LeftMargin>
<RightMargin HEIGHT="3624" HPOS="2205" VPOS="370" WIDTH="145">
</RightMargin>
<BottomMargin HEIGHT="202" HPOS="0" VPOS="3994" WIDTH="2350">
<TextBlock HEIGHT="60" HPOS="1135" ID="Page446_Block1" LANG="en-US" STYLEREFS="StyleId-B143660E-78C5-4101-A606-C6D1B3326DD8-" VPOS="3999" WIDTH="113">
<TextLine HEIGHT="48" HPOS="1141" VPOS="4005" WIDTH="101">
<String CONTENT="446" HEIGHT="48" HPOS="1141" VPOS="4005" WIDTH="101" />
</TextLine>
</TextBlock>
</BottomMargin>
<PrintSpace HEIGHT="3624" HPOS="196" VPOS="370" WIDTH="2009">
<TextBlock CS="1" HEIGHT="3624" HPOS="196" ID="Page446_Block2" LANG="en-US" STYLEREFS="StyleId-AB1304FD-95DF-4CFA-98D6-CFDA445E2D84-" VPOS="370" WIDTH="2009">
<TextLine HEIGHT="67" HPOS="207" STYLEREFS="StyleId-865951CF-D3AF-490F-8D70-BC0DCD1164B4-" VPOS="376" WIDTH="964">
<String CONTENT="Huntington," HEIGHT="66" HPOS="207" VPOS="377" WIDTH="390" />
<SP HEIGHT="63" HPOS="598" VPOS="380" WIDTH="32" />
<String CONTENT="Ellsworth," HEIGHT="65" HPOS="631" VPOS="377" WIDTH="336" />
<SP HEIGHT="61" HPOS="968" VPOS="381" WIDTH="34" />
<String CONTENT="1876-" HEIGHT="54" HPOS="1003" VPOS="376" WIDTH="168" />
</TextLine>
<TextLine HEIGHT="69" HPOS="276" STYLEREFS="StyleId-865951CF-D3AF-490F-8D70-BC0DCD1164B4-" VPOS="453" WIDTH="1919">
<String CONTENT="Principles" HEIGHT="66" HPOS="276" VPOS="455" WIDTH="319" />
<SP HEIGHT="33" HPOS="596" VPOS="473" WIDTH="35" />
<String CONTENT="of" HEIGHT="53" HPOS="632" VPOS="453" WIDTH="64" />
<SP HEIGHT="52" HPOS="697" VPOS="453" WIDTH="32" />
<String CONTENT="human" HEIGHT="51" HPOS="730" VPOS="454" WIDTH="213" />
<SP HEIGHT="50" HPOS="944" VPOS="472" WIDTH="33" />
<String CONTENT="geography," HEIGHT="68" HPOS="978" VPOS="454" WIDTH="347" />
<SP HEIGHT="67" HPOS="1326" VPOS="454" WIDTH="35" />
<String CONTENT="by" HEIGHT="68" HPOS="1362" VPOS="454" WIDTH="76" />
<SP HEIGHT="67" HPOS="1439" VPOS="455" WIDTH="35" />
<String CONTENT="Ellsworth" HEIGHT="52" HPOS="1475" VPOS="453" WIDTH="311" />
<SP HEIGHT="52" HPOS="1787" VPOS="453" WIDTH="35" />
<String CONTENT="Huntington" HEIGHT="69" HPOS="1823" VPOS="453" WIDTH="372" />
</TextLine>
<TextLine CS="1" HEIGHT="69" HPOS="267" STYLEREFS="StyleId-865951CF-D3AF-490F-8D70-BC0DCD1164B4-" VPOS="530" WIDTH="1927">
<String CONTENT="&#8230;" CS="1" />
<SP HEIGHT="34" HPOS="267" VPOS="551" WIDTH="49" />
<String CONTENT="and" HEIGHT="51" HPOS="317" VPOS="533" WIDTH="111" />
<SP HEIGHT="55" HPOS="429" VPOS="531" WIDTH="46" />
<String CONTENT="Sumner" HEIGHT="55" HPOS="476" VPOS="531" WIDTH="241" />
<SP HEIGHT="54" HPOS="718" VPOS="530" WIDTH="40" />
<String CONTENT="W." HEIGHT="54" HPOS="759" VPOS="530" WIDTH="90" />
<SP HEIGHT="54" HPOS="850" VPOS="530" WIDTH="46" />
<String CONTENT="Cushing" HEIGHT="69" HPOS="897" VPOS="530" WIDTH="258" />
<SP HEIGHT="49" HPOS="1156" VPOS="550" WIDTH="48" />
<String CONTENT="&#8230;" CS="1" />
<SP HEIGHT="48" HPOS="1260" VPOS="535" WIDTH="83" />
<String CONTENT="4th" HEIGHT="51" HPOS="1344" VPOS="532" WIDTH="98" />
<SP HEIGHT="51" HPOS="1443" VPOS="532" WIDTH="47" />
<String CONTENT="ed.," HEIGHT="66" HPOS="1491" VPOS="531" WIDTH="101" />
<SP HEIGHT="47" HPOS="1593" VPOS="550" WIDTH="44" />
<String CONTENT="rewritten." HEIGHT="52" HPOS="1638" VPOS="531" WIDTH="306" />
<SP HEIGHT="51" HPOS="1945" VPOS="532" WIDTH="79" />
<String CONTENT="Total" HEIGHT="51" HPOS="2025" VPOS="532" WIDTH="169" />
</TextLine>
<TextLine CS="1" HEIGHT="71" HPOS="206" STYLEREFS="StyleId-865951CF-D3AF-490F-8D70-BC0DCD1164B4-" VPOS="607" WIDTH="1985">
<String CONTENT="issue," HEIGHT="68" HPOS="206" VPOS="609" WIDTH="162" />
<SP HEIGHT="48" HPOS="369" VPOS="629" WIDTH="29" />
<String CONTENT="eighty-five" HEIGHT="70" HPOS="399" VPOS="608" WIDTH="330" />
<SP HEIGHT="47" HPOS="730" VPOS="613" WIDTH="28" />
<String CONTENT="thousand." HEIGHT="51" HPOS="759" VPOS="609" WIDTH="298" />
<SP HEIGHT="52" HPOS="1058" VPOS="609" WIDTH="65" />
<String CONTENT="New" HEIGHT="52" HPOS="1124" VPOS="609" WIDTH="136" />
<SP HEIGHT="51" HPOS="1261" VPOS="609" WIDTH="29" />
<String CONTENT="York," HEIGHT="69" HPOS="1291" VPOS="608" WIDTH="179" />
<SP HEIGHT="69" HPOS="1471" VPOS="608" WIDTH="28" />
<String CONTENT="J." HEIGHT="54" HPOS="1500" VPOS="608" WIDTH="55" />
<SP HEIGHT="52" HPOS="1556" VPOS="609" WIDTH="29" />
<String CONTENT="Wiley" HEIGHT="70" HPOS="1586" VPOS="607" WIDTH="188" />
<SP HEIGHT="66" HPOS="1775" VPOS="611" WIDTH="29" />
<String CONTENT="&amp;" HEIGHT="49" HPOS="1805" VPOS="611" WIDTH="44" />
<SP HEIGHT="50" HPOS="1850" VPOS="611" WIDTH="29" />
<String CONTENT="sons," HEIGHT="49" HPOS="1880" VPOS="626" WIDTH="144" />
<SP HEIGHT="66" HPOS="2025" VPOS="609" WIDTH="29" />
<String CONTENT="inc.;" HEIGHT="66" HPOS="2055" VPOS="609" WIDTH="136" />
</TextLine>
<TextLine HEIGHT="69" HPOS="205" STYLEREFS="StyleId-865951CF-D3AF-490F-8D70-BC0DCD1164B4-" VPOS="685" WIDTH="1299">
<String CONTENT="London," HEIGHT="68" HPOS="205" VPOS="686" WIDTH="258" />
<SP HEIGHT="68" HPOS="464" VPOS="686" WIDTH="29" />
<String CONTENT="Chapman" HEIGHT="68" HPOS="494" VPOS="686" WIDTH="299" />
<SP HEIGHT="51" HPOS="794" VPOS="686" WIDTH="27" />
<String CONTENT="&amp;" HEIGHT="49" HPOS="822" VPOS="686" WIDTH="45" />
<SP HEIGHT="52" HPOS="868" VPOS="685" WIDTH="26" />
<String CONTENT="Hall," HEIGHT="67" HPOS="895" VPOS="685" WIDTH="160" />
<SP HEIGHT="66" HPOS="1056" VPOS="686" WIDTH="28" />
<String CONTENT="limited," HEIGHT="68" HPOS="1085" VPOS="685" WIDTH="238" />
<SP HEIGHT="63" HPOS="1324" VPOS="690" WIDTH="29" />
<String CONTENT="1934." HEIGHT="50" HPOS="1354" VPOS="688" WIDTH="150" />
</TextLine>
<TextLine CS="1" HEIGHT="51" HPOS="279" VPOS="757" WIDTH="1920">
<String CONTENT="xxii," HEIGHT="47" HPOS="279" VPOS="760" WIDTH="116" />
<SP HEIGHT="46" HPOS="396" VPOS="761" WIDTH="37" />
<String CONTENT="467" HEIGHT="41" HPOS="434" VPOS="759" WIDTH="86" />
<SP HEIGHT="46" HPOS="521" VPOS="760" WIDTH="35" />
<String CONTENT="p." HEIGHT="36" HPOS="557" VPOS="770" WIDTH="43" />
<SP HEIGHT="40" HPOS="601" VPOS="758" WIDTH="62" />
<String CONTENT="illus.," HEIGHT="47" HPOS="664" VPOS="758" WIDTH="142" />
<SP HEIGHT="37" HPOS="807" VPOS="768" WIDTH="39" />
<String CONTENT="maps" HEIGHT="37" HPOS="847" VPOS="768" WIDTH="138" />
<SP HEIGHT="47" HPOS="986" VPOS="759" WIDTH="25" />
<String CONTENT="(1" HEIGHT="47" HPOS="1012" VPOS="759" WIDTH="48" />
<SP HEIGHT="39" HPOS="1061" VPOS="758" WIDTH="37" />
<String CONTENT="fold.)" HEIGHT="48" HPOS="1099" VPOS="758" WIDTH="140" />
<SP HEIGHT="46" HPOS="1240" VPOS="760" WIDTH="48" />
<String CONTENT="diagrs." HEIGHT="48" HPOS="1289" VPOS="758" WIDTH="178" />
<SP HEIGHT="41" HPOS="1468" VPOS="757" WIDTH="58" />
<String CONTENT="23&#189;" CS="1" HEIGHT="38" HPOS="1527" VPOS="757" WIDTH="25" />
<String CONTENT="cm" HEIGHT="21" HPOS="1616" STYLE="superscript" VPOS="760" WIDTH="43" />
<String CONTENT="." HEIGHT="8" HPOS="1663" VPOS="789" WIDTH="9" />
<SP HEIGHT="30" HPOS="1673" VPOS="778" WIDTH="62" />
<String CONTENT="[The" HEIGHT="50" HPOS="1736" VPOS="758" WIDTH="115" />
<SP HEIGHT="40" HPOS="1852" VPOS="758" WIDTH="38" />
<String CONTENT="Huntington" HEIGHT="47" HPOS="1891" VPOS="758" WIDTH="308" />
</TextLine>
<TextLine HEIGHT="51" HPOS="210" VPOS="813" WIDTH="732">
<String CONTENT="geography" HEIGHT="46" HPOS="210" VPOS="817" WIDTH="274" />
<SP HEIGHT="37" HPOS="485" VPOS="826" WIDTH="29" />
<String CONTENT="series]" HEIGHT="50" HPOS="515" VPOS="814" WIDTH="165" />
<SP HEIGHT="51" HPOS="681" VPOS="813" WIDTH="118" />
<String CONTENT="$3.00." HEIGHT="49" HPOS="800" VPOS="813" WIDTH="142" />
</TextLine>
<TextLine HEIGHT="49" HPOS="277" VPOS="870" WIDTH="1156">
<String CONTENT="&#8220;Books" HEIGHT="41" HPOS="277" VPOS="871" WIDTH="187" />
<SP HEIGHT="40" HPOS="465" VPOS="872" WIDTH="24" />
<String CONTENT="for" HEIGHT="39" HPOS="490" VPOS="872" WIDTH="80" />
<SP HEIGHT="38" HPOS="571" VPOS="881" WIDTH="21" />
<String CONTENT="general" HEIGHT="48" HPOS="593" VPOS="871" WIDTH="197" />
<SP HEIGHT="39" HPOS="791" VPOS="871" WIDTH="25" />
<String CONTENT="reference&#8221;:" HEIGHT="41" HPOS="817" VPOS="870" WIDTH="300" />
<SP HEIGHT="38" HPOS="1118" VPOS="880" WIDTH="28" />
<String CONTENT="p." HEIGHT="38" HPOS="1147" VPOS="880" WIDTH="43" />
<SP HEIGHT="29" HPOS="1191" VPOS="882" WIDTH="26" />
<String CONTENT="xx-xxii." HEIGHT="42" HPOS="1218" VPOS="870" WIDTH="215" />
</TextLine>
<TextLine CS="1" HEIGHT="52" HPOS="211" VPOS="938" WIDTH="1984">
<String CONTENT="&#169;" HEIGHT="52" HPOS="211" VPOS="938" WIDTH="53" />
<SP HEIGHT="52" HPOS="265" VPOS="938" WIDTH="22" />
<String CONTENT="Mar." HEIGHT="38" HPOS="288" VPOS="944" WIDTH="120" />
<SP HEIGHT="39" HPOS="409" VPOS="943" WIDTH="25" />
<String CONTENT="20," HEIGHT="47" HPOS="435" VPOS="942" WIDTH="67" />
<SP HEIGHT="46" HPOS="503" VPOS="943" WIDTH="26" />
<String CONTENT="1934;" CS="1" HEIGHT="40" HPOS="530" VPOS="942" WIDTH="115" />
<SP HEIGHT="45" HPOS="672" VPOS="943" WIDTH="27" />
<String CONTENT="2c." HEIGHT="39" HPOS="700" VPOS="943" WIDTH="66" />
<SP HEIGHT="39" HPOS="767" VPOS="942" WIDTH="26" />
<String CONTENT="Mar." HEIGHT="39" HPOS="794" VPOS="942" WIDTH="121" />
<SP HEIGHT="39" HPOS="916" VPOS="942" WIDTH="25" />
<String CONTENT="22;" HEIGHT="46" HPOS="942" VPOS="942" WIDTH="82" />
<SP HEIGHT="36" HPOS="1025" VPOS="952" WIDTH="28" />
<String CONTENT="aff." CS="1" />
<SP HEIGHT="38" HPOS="1135" VPOS="943" WIDTH="26" />
<String CONTENT="Apr." HEIGHT="47" HPOS="1162" VPOS="943" WIDTH="109" />
<SP HEIGHT="38" HPOS="1272" VPOS="944" WIDTH="26" />
<String CONTENT="4;" HEIGHT="45" HPOS="1299" VPOS="944" WIDTH="53" />
<SP HEIGHT="45" HPOS="1353" VPOS="944" WIDTH="28" />
<String CONTENT="A" HEIGHT="36" HPOS="1382" VPOS="944" WIDTH="42" />
<SP HEIGHT="39" HPOS="1425" VPOS="943" WIDTH="24" />
<String CONTENT="72033;" CS="1" HEIGHT="40" HPOS="1450" VPOS="942" WIDTH="141" />
<SP HEIGHT="45" HPOS="1619" VPOS="944" WIDTH="29" />
<String CONTENT="E." HEIGHT="37" HPOS="1649" VPOS="944" WIDTH="51" />
<SP HEIGHT="38" HPOS="1701" VPOS="943" WIDTH="28" />
<String CONTENT="Huntington," HEIGHT="47" HPOS="1730" VPOS="943" WIDTH="320" />
<SP HEIGHT="46" HPOS="2051" VPOS="944" WIDTH="28" />
<String CONTENT="New" HEIGHT="39" HPOS="2080" VPOS="944" WIDTH="115" />
</TextLine>
<TextLine CS="1" HEIGHT="47" HPOS="281" VPOS="999" WIDTH="1631">
<String CONTENT="Haven," HEIGHT="46" HPOS="281" VPOS="1000" WIDTH="184" />
<SP HEIGHT="35" HPOS="466" VPOS="1011" WIDTH="33" />
<String CONTENT="and" HEIGHT="38" HPOS="500" VPOS="1001" WIDTH="95" />
<SP HEIGHT="40" HPOS="596" VPOS="999" WIDTH="30" />
<String CONTENT="Frances" HEIGHT="39" HPOS="627" VPOS="999" WIDTH="211" />
<SP HEIGHT="39" HPOS="839" VPOS="999" WIDTH="30" />
<String CONTENT="D." CS="1" HEIGHT="39" HPOS="870" VPOS="999" WIDTH="43" />
<SP HEIGHT="38" HPOS="926" VPOS="999" WIDTH="33" />
<String CONTENT="Harrower," HEIGHT="47" HPOS="960" VPOS="999" WIDTH="275" />
<SP HEIGHT="46" HPOS="1236" VPOS="1000" WIDTH="32" />
<String CONTENT="Woodmere," HEIGHT="47" HPOS="1269" VPOS="999" WIDTH="296" />
<SP HEIGHT="47" HPOS="1566" VPOS="999" WIDTH="33" />
<String CONTENT="L." HEIGHT="41" HPOS="1600" VPOS="999" WIDTH="50" />
<SP HEIGHT="40" HPOS="1651" VPOS="1000" WIDTH="33" />
<String CONTENT="I.," HEIGHT="46" HPOS="1685" VPOS="1000" WIDTH="49" />
<SP HEIGHT="46" HPOS="1735" VPOS="1000" WIDTH="34" />
<String CONTENT="N." HEIGHT="38" HPOS="1770" VPOS="1000" WIDTH="55" />
<SP HEIGHT="38" HPOS="1826" VPOS="1000" WIDTH="31" />
<String CONTENT="Y." HEIGHT="39" HPOS="1858" VPOS="1000" WIDTH="54" />
</TextLine>
<TextLine HEIGHT="48" HPOS="288" VPOS="1056" WIDTH="277">
<String CONTENT="(34-27081)" HEIGHT="48" HPOS="288" VPOS="1056" WIDTH="277" />
</TextLine>
<TextLine HEIGHT="64" HPOS="203" VPOS="1173" WIDTH="539">
<String CONTENT="Jacobsen," HEIGHT="64" HPOS="203" VPOS="1173" WIDTH="307" />
<SP HEIGHT="62" HPOS="511" VPOS="1175" WIDTH="29" />
<String CONTENT="Betty." HEIGHT="62" HPOS="541" VPOS="1175" WIDTH="201" />
</TextLine>
<TextLine CS="1" HEIGHT="69" HPOS="277" STYLEREFS="StyleId-865951CF-D3AF-490F-8D70-BC0DCD1164B4-" VPOS="1250" WIDTH="1917">
<String CONTENT="A" HEIGHT="51" HPOS="277" VPOS="1252" WIDTH="57" />
<SP HEIGHT="67" HPOS="335" VPOS="1252" WIDTH="33" />
<String CONTENT="girl" HEIGHT="68" HPOS="369" VPOS="1251" WIDTH="111" />
<SP HEIGHT="52" HPOS="481" VPOS="1251" WIDTH="33" />
<String CONTENT="before" HEIGHT="54" HPOS="515" VPOS="1250" WIDTH="196" />
<SP HEIGHT="47" HPOS="712" VPOS="1256" WIDTH="30" />
<String CONTENT="the" HEIGHT="51" HPOS="743" VPOS="1252" WIDTH="95" />
<SP HEIGHT="34" HPOS="839" VPOS="1270" WIDTH="32" />
<String CONTENT="mast," HEIGHT="62" HPOS="872" VPOS="1256" WIDTH="162" />
<SP HEIGHT="66" HPOS="1035" VPOS="1252" WIDTH="32" />
<String CONTENT="by" HEIGHT="66" HPOS="1068" VPOS="1252" WIDTH="73" />
<SP HEIGHT="64" HPOS="1142" VPOS="1254" WIDTH="34" />
<String CONTENT="Betty" HEIGHT="64" HPOS="1177" VPOS="1254" WIDTH="174" />
<SP HEIGHT="65" HPOS="1352" VPOS="1253" WIDTH="33" />
<String CONTENT="Jacobsen" HEIGHT="55" HPOS="1386" VPOS="1252" WIDTH="279" />
<SP HEIGHT="34" HPOS="1666" VPOS="1270" WIDTH="39" />
<String CONTENT="&#8230;" CS="1" />
<SP HEIGHT="51" HPOS="1761" VPOS="1253" WIDTH="78" />
<String CONTENT="New" HEIGHT="51" HPOS="1840" VPOS="1253" WIDTH="138" />
<SP HEIGHT="52" HPOS="1979" VPOS="1252" WIDTH="35" />
<String CONTENT="York," HEIGHT="65" HPOS="2015" VPOS="1252" WIDTH="179" />
</TextLine>
<TextLine HEIGHT="68" HPOS="208" STYLEREFS="StyleId-865951CF-D3AF-490F-8D70-BC0DCD1164B4-" VPOS="1327" WIDTH="1036">
<String CONTENT="London," HEIGHT="67" HPOS="208" VPOS="1328" WIDTH="255" />
<SP HEIGHT="68" HPOS="464" VPOS="1327" WIDTH="28" />
<String CONTENT="C." HEIGHT="55" HPOS="493" VPOS="1327" WIDTH="60" />
<SP HEIGHT="55" HPOS="554" VPOS="1329" WIDTH="32" />
<String CONTENT="Scribner&#8217;s" HEIGHT="55" HPOS="587" VPOS="1329" WIDTH="310" />
<SP HEIGHT="33" HPOS="898" VPOS="1349" WIDTH="26" />
<String CONTENT="sons," HEIGHT="46" HPOS="925" VPOS="1348" WIDTH="143" />
<SP HEIGHT="57" HPOS="1069" VPOS="1337" WIDTH="28" />
<String CONTENT="1934." HEIGHT="49" HPOS="1098" VPOS="1333" WIDTH="146" />
</TextLine>
<TextLine CS="1" HEIGHT="49" HPOS="283" VPOS="1400" WIDTH="1128">
<String CONTENT="6" HEIGHT="40" HPOS="283" VPOS="1401" WIDTH="27" />
<SP HEIGHT="48" HPOS="311" VPOS="1401" WIDTH="21" />
<String CONTENT="p." CS="1" />
<SP />
<String CONTENT="l.," CS="1" HEIGHT="16" HPOS="436" VPOS="1432" WIDTH="7" />
<SP HEIGHT="47" HPOS="444" VPOS="1401" WIDTH="27" />
<String CONTENT="264" HEIGHT="40" HPOS="472" VPOS="1400" WIDTH="86" />
<SP HEIGHT="48" HPOS="559" VPOS="1401" WIDTH="22" />
<String CONTENT="p." HEIGHT="37" HPOS="582" VPOS="1412" WIDTH="43" />
<SP HEIGHT="40" HPOS="626" VPOS="1401" WIDTH="59" />
<String CONTENT="illus." HEIGHT="40" HPOS="686" VPOS="1401" WIDTH="128" />
<SP HEIGHT="48" HPOS="815" VPOS="1400" WIDTH="28" />
<String CONTENT="(map)" HEIGHT="48" HPOS="844" VPOS="1400" WIDTH="157" />
<SP HEIGHT="48" HPOS="1002" VPOS="1401" WIDTH="35" />
<String CONTENT="plates." HEIGHT="46" HPOS="1038" VPOS="1403" WIDTH="168" />
<SP HEIGHT="39" HPOS="1207" VPOS="1401" WIDTH="59" />
<String CONTENT="21&#189;" CS="1" HEIGHT="39" HPOS="1267" VPOS="1401" WIDTH="55" />
<String CONTENT="cm" HEIGHT="20" HPOS="1356" STYLE="superscript" VPOS="1404" WIDTH="42" />
<String CONTENT="." HEIGHT="7" HPOS="1404" VPOS="1433" WIDTH="7" />
</TextLine>
<TextLine CS="1" HEIGHT="106" HPOS="210" VPOS="1456" WIDTH="1985">
<String CONTENT="An" HEIGHT="40" HPOS="282" VPOS="1456" WIDTH="75" />
<SP HEIGHT="30" HPOS="358" VPOS="1467" WIDTH="30" />
<String CONTENT="account" HEIGHT="38" HPOS="389" VPOS="1459" WIDTH="205" />
<SP HEIGHT="38" HPOS="595" VPOS="1459" WIDTH="32" />
<String CONTENT="of" HEIGHT="40" HPOS="628" VPOS="1457" WIDTH="50" />
<SP HEIGHT="40" HPOS="679" VPOS="1457" WIDTH="32" />
<String CONTENT="the" HEIGHT="39" HPOS="712" VPOS="1458" WIDTH="82" />
<SP HEIGHT="30" HPOS="795" VPOS="1467" WIDTH="33" />
<String CONTENT="author&#8217;s" HEIGHT="41" HPOS="829" VPOS="1457" WIDTH="216" />
<SP HEIGHT="30" HPOS="1046" VPOS="1468" WIDTH="32" />
<String CONTENT="work" HEIGHT="39" HPOS="1079" VPOS="1458" WIDTH="133" />
<SP HEIGHT="39" HPOS="1213" VPOS="1458" WIDTH="32" />
<String CONTENT="and" HEIGHT="38" HPOS="1246" VPOS="1460" WIDTH="96" />
<SP HEIGHT="38" HPOS="1343" VPOS="1460" WIDTH="33" />
<String CONTENT="experiences" HEIGHT="47" HPOS="1377" VPOS="1457" WIDTH="306" />
<SP HEIGHT="29" HPOS="1684" VPOS="1468" WIDTH="35" />
<String CONTENT="aboard" HEIGHT="40" HPOS="1720" VPOS="1457" WIDTH="182" />
<SP HEIGHT="38" HPOS="1903" VPOS="1459" WIDTH="33" />
<String CONTENT="the" HEIGHT="41" HPOS="1937" VPOS="1457" WIDTH="80" />
<SP HEIGHT="29" HPOS="2018" VPOS="1469" WIDTH="34" />
<String CONTENT="windjammer" HEIGHT="102" HPOS="210" VPOS="1458" WIDTH="1970" />
<SP HEIGHT="39" HPOS="417" VPOS="1514" WIDTH="21" />
<String CONTENT="Parma," HEIGHT="48" HPOS="439" VPOS="1514" WIDTH="191" />
<SP HEIGHT="37" HPOS="631" VPOS="1525" WIDTH="23" />
<String CONTENT="on" HEIGHT="28" HPOS="655" VPOS="1525" WIDTH="59" />
<SP HEIGHT="38" HPOS="715" VPOS="1515" WIDTH="21" />
<String CONTENT="its" HEIGHT="39" HPOS="737" VPOS="1515" WIDTH="67" />
<SP HEIGHT="37" HPOS="805" VPOS="1517" WIDTH="20" />
<String CONTENT="three" HEIGHT="39" HPOS="826" VPOS="1515" WIDTH="136" />
<SP HEIGHT="28" HPOS="963" VPOS="1525" WIDTH="22" />
<String CONTENT="month&#8217;s" HEIGHT="40" HPOS="986" VPOS="1514" WIDTH="205" />
<SP HEIGHT="29" HPOS="1192" VPOS="1525" WIDTH="21" />
<String CONTENT="voyage" HEIGHT="37" HPOS="1214" VPOS="1524" WIDTH="182" />
<SP HEIGHT="39" HPOS="1397" VPOS="1514" WIDTH="24" />
<String CONTENT="from" HEIGHT="40" HPOS="1422" VPOS="1514" WIDTH="126" />
<SP HEIGHT="37" HPOS="1549" VPOS="1515" WIDTH="23" />
<String CONTENT="Australia" HEIGHT="40" HPOS="1573" VPOS="1514" WIDTH="250" />
<SP HEIGHT="37" HPOS="1824" VPOS="1516" WIDTH="25" />
<String CONTENT="to" HEIGHT="37" HPOS="1850" VPOS="1516" WIDTH="48" />
<SP HEIGHT="39" HPOS="1899" VPOS="1513" WIDTH="23" />
<String CONTENT="Falmouth." HEIGHT="41" HPOS="1923" VPOS="1513" WIDTH="272" />
</TextLine>
<TextLine CS="1" HEIGHT="52" HPOS="212" VPOS="1567" WIDTH="1986">
<String CONTENT="&#169;" HEIGHT="51" HPOS="212" VPOS="1567" WIDTH="51" />
<SP HEIGHT="51" HPOS="264" VPOS="1567" WIDTH="26" />
<String CONTENT="Apr." HEIGHT="47" HPOS="291" VPOS="1571" WIDTH="112" />
<SP HEIGHT="40" HPOS="404" VPOS="1571" WIDTH="26" />
<String CONTENT="10," HEIGHT="48" HPOS="431" VPOS="1570" WIDTH="68" />
<SP HEIGHT="46" HPOS="500" VPOS="1572" WIDTH="28" />
<String CONTENT="1934;" CS="1" HEIGHT="41" HPOS="529" VPOS="1570" WIDTH="113" />
<SP HEIGHT="46" HPOS="669" VPOS="1571" WIDTH="28" />
<String CONTENT="2c." HEIGHT="40" HPOS="698" VPOS="1571" WIDTH="64" />
<SP HEIGHT="29" HPOS="763" VPOS="1581" WIDTH="30" />
<String CONTENT="and" HEIGHT="39" HPOS="794" VPOS="1572" WIDTH="95" />
<SP HEIGHT="39" HPOS="890" VPOS="1572" WIDTH="26" />
<String CONTENT="aff." CS="1" />
<SP HEIGHT="40" HPOS="998" VPOS="1572" WIDTH="27" />
<String CONTENT="Apr." HEIGHT="47" HPOS="1026" VPOS="1572" WIDTH="111" />
<SP HEIGHT="37" HPOS="1138" VPOS="1573" WIDTH="28" />
<String CONTENT="14;" HEIGHT="45" HPOS="1167" VPOS="1573" WIDTH="80" />
<SP HEIGHT="45" HPOS="1248" VPOS="1573" WIDTH="29" />
<String CONTENT="A" HEIGHT="37" HPOS="1278" VPOS="1573" WIDTH="42" />
<SP HEIGHT="38" HPOS="1321" VPOS="1573" WIDTH="25" />
<String CONTENT="72046;" HEIGHT="47" HPOS="1347" VPOS="1571" WIDTH="169" />
<SP HEIGHT="46" HPOS="1517" VPOS="1572" WIDTH="31" />
<String CONTENT="Charles" HEIGHT="40" HPOS="1549" VPOS="1572" WIDTH="203" />
<SP HEIGHT="41" HPOS="1753" VPOS="1570" WIDTH="28" />
<String CONTENT="Scribner&#8217;s" HEIGHT="42" HPOS="1782" VPOS="1569" WIDTH="263" />
<SP HEIGHT="29" HPOS="2046" VPOS="1582" WIDTH="27" />
<String CONTENT="sons." HEIGHT="30" HPOS="2074" VPOS="1580" WIDTH="124" />
</TextLine>
<TextLine HEIGHT="48" HPOS="289" VPOS="1628" WIDTH="249">
<String CONTENT="(34-9052)" HEIGHT="48" HPOS="289" VPOS="1628" WIDTH="249" />
</TextLine>
<TextLine HEIGHT="66" HPOS="204" STYLEREFS="StyleId-C28FC73E-0CE6-4B29-869F-622CF793C3D8-" VPOS="1743" WIDTH="833">
<String CONTENT="Jacobson," HEIGHT="66" HPOS="204" VPOS="1743" WIDTH="307" />
<SP HEIGHT="64" HPOS="512" VPOS="1745" WIDTH="30" />
<String CONTENT="Edmund," HEIGHT="64" HPOS="543" VPOS="1745" WIDTH="291" />
<SP HEIGHT="60" HPOS="835" VPOS="1749" WIDTH="31" />
<String CONTENT="1888-" HEIGHT="49" HPOS="867" VPOS="1749" WIDTH="170" />
</TextLine>
<TextLine HEIGHT="69" HPOS="281" STYLEREFS="StyleId-865951CF-D3AF-490F-8D70-BC0DCD1164B4-" VPOS="1822" WIDTH="1913">
<String CONTENT="You" HEIGHT="53" HPOS="281" VPOS="1823" WIDTH="129" />
<SP HEIGHT="33" HPOS="411" VPOS="1843" WIDTH="28" />
<String CONTENT="must" HEIGHT="47" HPOS="440" VPOS="1829" WIDTH="150" />
<SP HEIGHT="46" HPOS="591" VPOS="1829" WIDTH="27" />
<String CONTENT="relax;" HEIGHT="66" HPOS="619" VPOS="1824" WIDTH="184" />
<SP HEIGHT="47" HPOS="804" VPOS="1843" WIDTH="34" />
<String CONTENT="a" HEIGHT="33" HPOS="839" VPOS="1843" WIDTH="30" />
<SP HEIGHT="49" HPOS="870" VPOS="1842" WIDTH="27" />
<String CONTENT="practical" HEIGHT="68" HPOS="898" VPOS="1823" WIDTH="276" />
<SP HEIGHT="52" HPOS="1175" VPOS="1825" WIDTH="29" />
<String CONTENT="method" HEIGHT="52" HPOS="1205" VPOS="1825" WIDTH="229" />
<SP HEIGHT="52" HPOS="1435" VPOS="1825" WIDTH="29" />
<String CONTENT="of" HEIGHT="54" HPOS="1465" VPOS="1822" WIDTH="63" />
<SP HEIGHT="54" HPOS="1529" VPOS="1822" WIDTH="29" />
<String CONTENT="reducing" HEIGHT="67" HPOS="1559" VPOS="1823" WIDTH="273" />
<SP HEIGHT="61" HPOS="1833" VPOS="1829" WIDTH="28" />
<String CONTENT="the" HEIGHT="51" HPOS="1862" VPOS="1824" WIDTH="93" />
<SP HEIGHT="34" HPOS="1956" VPOS="1842" WIDTH="30" />
<String CONTENT="strains" HEIGHT="52" HPOS="1987" VPOS="1824" WIDTH="207" />
</TextLine>
<TextLine CS="1" HEIGHT="69" HPOS="209" STYLEREFS="StyleId-865951CF-D3AF-490F-8D70-BC0DCD1164B4-" VPOS="1900" WIDTH="1984">
<String CONTENT="of" HEIGHT="52" HPOS="209" VPOS="1900" WIDTH="63" />
<SP HEIGHT="53" HPOS="273" VPOS="1900" WIDTH="23" />
<String CONTENT="modern" HEIGHT="51" HPOS="297" VPOS="1902" WIDTH="235" />
<SP HEIGHT="52" HPOS="533" VPOS="1901" WIDTH="22" />
<String CONTENT="living," HEIGHT="69" HPOS="556" VPOS="1900" WIDTH="202" />
<SP HEIGHT="65" HPOS="759" VPOS="1902" WIDTH="25" />
<String CONTENT="by" HEIGHT="67" HPOS="785" VPOS="1902" WIDTH="75" />
<SP HEIGHT="67" HPOS="861" VPOS="1902" WIDTH="26" />
<String CONTENT="Edmund" HEIGHT="52" HPOS="888" VPOS="1902" WIDTH="270" />
<SP HEIGHT="54" HPOS="1159" VPOS="1902" WIDTH="24" />
<String CONTENT="Jacobson," HEIGHT="66" HPOS="1184" VPOS="1901" WIDTH="299" />
<SP HEIGHT="47" HPOS="1484" VPOS="1920" WIDTH="26" />
<String CONTENT="M." CS="1" HEIGHT="7" HPOS="1568" VPOS="1947" WIDTH="7" />
<SP HEIGHT="33" HPOS="1576" VPOS="1921" WIDTH="28" />
<String CONTENT="D." CS="1" HEIGHT="8" HPOS="1642" VPOS="1944" WIDTH="9" />
<SP HEIGHT="52" HPOS="1652" VPOS="1902" WIDTH="74" />
<String CONTENT="New" HEIGHT="52" HPOS="1727" VPOS="1902" WIDTH="138" />
<SP HEIGHT="51" HPOS="1866" VPOS="1902" WIDTH="26" />
<String CONTENT="York" HEIGHT="52" HPOS="1893" VPOS="1901" WIDTH="163" />
<SP HEIGHT="51" HPOS="2057" VPOS="1901" WIDTH="24" />
<String CONTENT="and" HEIGHT="51" HPOS="2082" VPOS="1902" WIDTH="111" />
</TextLine>
<TextLine CS="1" HEIGHT="69" HPOS="211" STYLEREFS="StyleId-865951CF-D3AF-490F-8D70-BC0DCD1164B4-" VPOS="1977" WIDTH="1983">
<String CONTENT="London," HEIGHT="68" HPOS="211" VPOS="1977" WIDTH="252" />
<SP HEIGHT="65" HPOS="464" VPOS="1980" WIDTH="34" />
<String CONTENT="Whittlesey" CS="1" HEIGHT="54" HPOS="499" VPOS="1979" WIDTH="300" />
<SP HEIGHT="54" HPOS="842" VPOS="1980" WIDTH="32" />
<String CONTENT="house," HEIGHT="66" HPOS="875" VPOS="1980" WIDTH="189" />
<SP HEIGHT="65" HPOS="1065" VPOS="1981" WIDTH="32" />
<String CONTENT="McGraw-Hill" HEIGHT="54" HPOS="1098" VPOS="1979" WIDTH="428" />
<SP HEIGHT="52" HPOS="1527" VPOS="1979" WIDTH="31" />
<String CONTENT="book" HEIGHT="53" HPOS="1559" VPOS="1979" WIDTH="147" />
<SP HEIGHT="50" HPOS="1707" VPOS="1981" WIDTH="32" />
<String CONTENT="company," HEIGHT="50" HPOS="1740" VPOS="1996" WIDTH="295" />
<SP HEIGHT="66" HPOS="2036" VPOS="1979" WIDTH="34" />
<String CONTENT="inc.," HEIGHT="65" HPOS="2071" VPOS="1979" WIDTH="123" />
</TextLine>
<TextLine HEIGHT="51" HPOS="212" STYLEREFS="StyleId-865951CF-D3AF-490F-8D70-BC0DCD1164B4-" VPOS="2058" WIDTH="148">
<String CONTENT="1934." HEIGHT="51" HPOS="212" VPOS="2058" WIDTH="148" />
</TextLine>
<TextLine CS="1" HEIGHT="50" HPOS="282" VPOS="2127" WIDTH="995">
<String CONTENT="xv," HEIGHT="38" HPOS="282" VPOS="2137" WIDTH="75" />
<SP HEIGHT="48" HPOS="358" VPOS="2127" WIDTH="29" />
<String CONTENT="201" HEIGHT="40" HPOS="388" VPOS="2127" WIDTH="85" />
<SP HEIGHT="46" HPOS="474" VPOS="2129" WIDTH="26" />
<String CONTENT="p." HEIGHT="36" HPOS="501" VPOS="2139" WIDTH="42" />
<SP HEIGHT="38" HPOS="544" VPOS="2130" WIDTH="24" />
<String CONTENT="incl." HEIGHT="39" HPOS="569" VPOS="2129" WIDTH="111" />
<SP HEIGHT="28" HPOS="681" VPOS="2140" WIDTH="25" />
<String CONTENT="XVI" CS="1" />
<SP HEIGHT="38" HPOS="793" VPOS="2139" WIDTH="24" />
<String CONTENT="pl." CS="1" HEIGHT="36" HPOS="818" VPOS="2141" WIDTH="60" />
<SP HEIGHT="29" HPOS="879" VPOS="2140" WIDTH="25" />
<String CONTENT="on" HEIGHT="29" HPOS="905" VPOS="2140" WIDTH="61" />
<SP HEIGHT="40" HPOS="967" VPOS="2130" WIDTH="24" />
<String CONTENT="8" HEIGHT="40" HPOS="992" VPOS="2130" WIDTH="27" />
<SP HEIGHT="40" HPOS="1020" VPOS="2130" WIDTH="23" />
<String CONTENT="l." CS="1" HEIGHT="7" HPOS="1066" VPOS="2161" WIDTH="7" />
<SP HEIGHT="38" HPOS="1074" VPOS="2130" WIDTH="60" />
<String CONTENT="19&#189;" CS="1" HEIGHT="40" HPOS="1135" VPOS="2128" WIDTH="53" />
<String CONTENT="cm" HEIGHT="21" HPOS="1220" STYLE="superscript" VPOS="2131" WIDTH="44" />
<String CONTENT="." HEIGHT="8" HPOS="1270" VPOS="2161" WIDTH="7" />
</TextLine>
<TextLine HEIGHT="43" HPOS="284" VPOS="2182" WIDTH="414">
<String CONTENT="&#8220;First" HEIGHT="43" HPOS="284" VPOS="2182" WIDTH="160" />
<SP HEIGHT="38" HPOS="445" VPOS="2187" WIDTH="26" />
<String CONTENT="edition.&#8221;" HEIGHT="40" HPOS="472" VPOS="2185" WIDTH="226" />
</TextLine>
<TextLine CS="1" HEIGHT="111" HPOS="213" VPOS="2237" WIDTH="1968">
<String CONTENT="&#169;" HEIGHT="51" HPOS="213" VPOS="2237" WIDTH="51" />
<SP HEIGHT="51" HPOS="265" VPOS="2237" WIDTH="28" />
<String CONTENT="Apr." HEIGHT="47" HPOS="294" VPOS="2243" WIDTH="112" />
<SP HEIGHT="38" HPOS="407" VPOS="2243" WIDTH="31" />
<String CONTENT="16," HEIGHT="47" HPOS="439" VPOS="2242" WIDTH="67" />
<SP HEIGHT="46" HPOS="507" VPOS="2243" WIDTH="31" />
<String CONTENT="1934;" HEIGHT="47" HPOS="539" VPOS="2242" WIDTH="139" />
<SP HEIGHT="46" HPOS="679" VPOS="2243" WIDTH="32" />
<String CONTENT="2c." HEIGHT="39" HPOS="712" VPOS="2243" WIDTH="65" />
<SP HEIGHT="37" HPOS="778" VPOS="2245" WIDTH="31" />
<String CONTENT="Apr." HEIGHT="45" HPOS="810" VPOS="2245" WIDTH="110" />
<SP HEIGHT="37" HPOS="921" VPOS="2244" WIDTH="33" />
<String CONTENT="18;" HEIGHT="46" HPOS="955" VPOS="2243" WIDTH="79" />
<SP HEIGHT="36" HPOS="1035" VPOS="2253" WIDTH="34" />
<String CONTENT="aff." CS="1" />
<SP HEIGHT="39" HPOS="1150" VPOS="2244" WIDTH="31" />
<String CONTENT="Apr." HEIGHT="46" HPOS="1182" VPOS="2244" WIDTH="113" />
<SP HEIGHT="38" HPOS="1296" VPOS="2245" WIDTH="31" />
<String CONTENT="19;" HEIGHT="41" HPOS="1328" VPOS="2243" WIDTH="80" />
<SP HEIGHT="40" HPOS="1409" VPOS="2244" WIDTH="33" />
<String CONTENT="A" HEIGHT="38" HPOS="1443" VPOS="2244" WIDTH="40" />
<SP HEIGHT="39" HPOS="1484" VPOS="2244" WIDTH="29" />
<String CONTENT="71292;" HEIGHT="46" HPOS="1514" VPOS="2243" WIDTH="170" />
<SP HEIGHT="45" HPOS="1685" VPOS="2244" WIDTH="35" />
<String CONTENT="E." HEIGHT="38" HPOS="1721" VPOS="2244" WIDTH="51" />
<SP HEIGHT="39" HPOS="1773" VPOS="2244" WIDTH="32" />
<String CONTENT="Jacobson," HEIGHT="46" HPOS="1806" VPOS="2243" WIDTH="251" />
<SP HEIGHT="48" HPOS="2058" VPOS="2241" WIDTH="33" />
<String CONTENT="Chicago." HEIGHT="106" HPOS="280" VPOS="2240" WIDTH="1901" />
<SP HEIGHT="47" HPOS="410" VPOS="2299" WIDTH="72" />
<String CONTENT="(34-27091)" HEIGHT="50" HPOS="483" VPOS="2298" WIDTH="278" />
</TextLine>
<TextLine HEIGHT="66" HPOS="203" STYLEREFS="StyleId-C28FC73E-0CE6-4B29-869F-622CF793C3D8-" VPOS="2415" WIDTH="763">
<String CONTENT="Jameson," HEIGHT="66" HPOS="203" VPOS="2415" WIDTH="297" />
<SP HEIGHT="64" HPOS="501" VPOS="2417" WIDTH="26" />
<String CONTENT="Samuel" HEIGHT="54" HPOS="528" VPOS="2417" WIDTH="236" />
<SP HEIGHT="52" HPOS="765" VPOS="2417" WIDTH="25" />
<String CONTENT="Haig." HEIGHT="65" HPOS="791" VPOS="2416" WIDTH="175" />
</TextLine>
<TextLine CS="1" HEIGHT="226" HPOS="208" STYLEREFS="StyleId-865951CF-D3AF-490F-8D70-BC0DCD1164B4-" VPOS="2490" WIDTH="1967">
<String CONTENT="&#8230;" CS="1" />
<SP HEIGHT="55" HPOS="338" VPOS="2490" WIDTH="28" />
<String CONTENT="Status" HEIGHT="56" HPOS="367" VPOS="2490" WIDTH="195" />
<SP HEIGHT="34" HPOS="563" VPOS="2512" WIDTH="21" />
<String CONTENT="and" HEIGHT="53" HPOS="585" VPOS="2492" WIDTH="111" />
<SP HEIGHT="54" HPOS="697" VPOS="2492" WIDTH="21" />
<String CONTENT="social" HEIGHT="54" HPOS="719" VPOS="2492" WIDTH="172" />
<SP HEIGHT="50" HPOS="892" VPOS="2493" WIDTH="20" />
<String CONTENT="welfare" HEIGHT="52" HPOS="913" VPOS="2492" WIDTH="231" />
<SP HEIGHT="35" HPOS="1145" VPOS="2510" WIDTH="22" />
<String CONTENT="organizations;" HEIGHT="67" HPOS="1168" VPOS="2492" WIDTH="443" />
<SP HEIGHT="47" HPOS="1612" VPOS="2511" WIDTH="28" />
<String CONTENT="a" HEIGHT="34" HPOS="1641" VPOS="2511" WIDTH="28" />
<SP HEIGHT="49" HPOS="1670" VPOS="2510" WIDTH="22" />
<String CONTENT="psycho-sociological" HEIGHT="130" HPOS="208" VPOS="2492" WIDTH="1967" />
<SP HEIGHT="53" HPOS="319" VPOS="2569" WIDTH="26" />
<String CONTENT="study," HEIGHT="69" HPOS="346" VPOS="2569" WIDTH="186" />
<SP HEIGHT="69" HPOS="533" VPOS="2569" WIDTH="28" />
<String CONTENT="by" HEIGHT="68" HPOS="562" VPOS="2569" WIDTH="73" />
<SP HEIGHT="69" HPOS="636" VPOS="2568" WIDTH="28" />
<String CONTENT="Samuel" HEIGHT="55" HPOS="665" VPOS="2568" WIDTH="228" />
<SP HEIGHT="51" HPOS="894" VPOS="2570" WIDTH="27" />
<String CONTENT="Haig" HEIGHT="69" HPOS="922" VPOS="2569" WIDTH="159" />
<SP HEIGHT="68" HPOS="1082" VPOS="2570" WIDTH="25" />
<String CONTENT="Jameson" HEIGHT="53" HPOS="1108" VPOS="2570" WIDTH="264" />
<SP HEIGHT="35" HPOS="1373" VPOS="2588" WIDTH="33" />
<String CONTENT="&#8230;" CS="1" />
<SP HEIGHT="53" HPOS="1463" VPOS="2570" WIDTH="59" />
<String CONTENT="Los" HEIGHT="52" HPOS="1523" VPOS="2570" WIDTH="110" />
<SP HEIGHT="51" HPOS="1634" VPOS="2571" WIDTH="30" />
<String CONTENT="Angeles," HEIGHT="67" HPOS="1665" VPOS="2571" WIDTH="261" />
<SP HEIGHT="67" HPOS="1927" VPOS="2569" WIDTH="25" />
<String CONTENT="University" HEIGHT="145" HPOS="209" VPOS="2569" WIDTH="1963" />
<SP HEIGHT="49" HPOS="322" VPOS="2665" WIDTH="24" />
<String CONTENT="of" HEIGHT="53" HPOS="347" VPOS="2646" WIDTH="63" />
<SP HEIGHT="54" HPOS="411" VPOS="2646" WIDTH="23" />
<String CONTENT="Southern" HEIGHT="55" HPOS="435" VPOS="2646" WIDTH="284" />
<SP HEIGHT="55" HPOS="720" VPOS="2647" WIDTH="24" />
<String CONTENT="California" HEIGHT="55" HPOS="745" VPOS="2647" WIDTH="318" />
<SP HEIGHT="49" HPOS="1064" VPOS="2667" WIDTH="26" />
<String CONTENT="press," HEIGHT="52" HPOS="1091" VPOS="2664" WIDTH="170" />
<SP HEIGHT="65" HPOS="1262" VPOS="2650" WIDTH="26" />
<String CONTENT="1934." HEIGHT="50" HPOS="1289" VPOS="2650" WIDTH="149" />
</TextLine>
<TextLine CS="1" HEIGHT="50" HPOS="282" VPOS="2721" WIDTH="1913">
<String CONTENT="3" HEIGHT="40" HPOS="282" VPOS="2722" WIDTH="25" />
<SP HEIGHT="48" HPOS="308" VPOS="2722" WIDTH="30" />
<String CONTENT="p." CS="1" />
<SP />
<String CONTENT="l.," CS="1" HEIGHT="16" HPOS="449" VPOS="2752" WIDTH="7" />
<SP HEIGHT="44" HPOS="457" VPOS="2724" WIDTH="30" />
<String CONTENT="47," HEIGHT="45" HPOS="488" VPOS="2724" WIDTH="69" />
<SP HEIGHT="29" HPOS="558" VPOS="2742" WIDTH="37" />
<String CONTENT="[1]" HEIGHT="48" HPOS="596" VPOS="2723" WIDTH="53" />
<SP HEIGHT="38" HPOS="650" VPOS="2733" WIDTH="32" />
<String CONTENT="p." HEIGHT="37" HPOS="683" VPOS="2733" WIDTH="43" />
<SP HEIGHT="38" HPOS="727" VPOS="2723" WIDTH="60" />
<String CONTENT="22&#189;" CS="1" HEIGHT="38" HPOS="788" VPOS="2723" WIDTH="55" />
<String CONTENT="cm" HEIGHT="21" HPOS="876" STYLE="superscript" VPOS="2724" WIDTH="44" />
<String CONTENT="." HEIGHT="6" HPOS="926" VPOS="2755" WIDTH="6" />
<SP HEIGHT="47" HPOS="933" VPOS="2723" WIDTH="70" />
<String CONTENT="(University" HEIGHT="48" HPOS="1004" VPOS="2722" WIDTH="305" />
<SP HEIGHT="36" HPOS="1310" VPOS="2734" WIDTH="30" />
<String CONTENT="of" HEIGHT="40" HPOS="1341" VPOS="2723" WIDTH="51" />
<SP HEIGHT="40" HPOS="1393" VPOS="2723" WIDTH="34" />
<String CONTENT="Southern" HEIGHT="40" HPOS="1428" VPOS="2723" WIDTH="241" />
<SP HEIGHT="41" HPOS="1670" VPOS="2723" WIDTH="32" />
<String CONTENT="California," HEIGHT="49" HPOS="1703" VPOS="2721" WIDTH="286" />
<SP HEIGHT="46" HPOS="1990" VPOS="2724" WIDTH="36" />
<String CONTENT="School" HEIGHT="41" HPOS="2027" VPOS="2723" WIDTH="168" />
</TextLine>
<TextLine CS="1" HEIGHT="41" HPOS="209" VPOS="2778" WIDTH="715">
<String CONTENT="of" HEIGHT="40" HPOS="209" VPOS="2778" WIDTH="51" />
<SP HEIGHT="39" HPOS="261" VPOS="2778" WIDTH="25" />
<String CONTENT="research" HEIGHT="39" HPOS="287" VPOS="2779" WIDTH="224" />
<SP HEIGHT="40" HPOS="512" VPOS="2779" WIDTH="27" />
<String CONTENT="studies." CS="1" HEIGHT="41" HPOS="540" VPOS="2778" WIDTH="186" />
<SP HEIGHT="29" HPOS="739" VPOS="2789" WIDTH="55" />
<String CONTENT="no." HEIGHT="30" HPOS="795" VPOS="2789" WIDTH="75" />
<SP HEIGHT="39" HPOS="871" VPOS="2780" WIDTH="27" />
<String CONTENT="1)" CS="1" HEIGHT="38" HPOS="899" VPOS="2780" WIDTH="25" />
</TextLine>
<TextLine HEIGHT="49" HPOS="281" VPOS="2834" WIDTH="788">
<String CONTENT="&#8220;Social" HEIGHT="42" HPOS="281" VPOS="2834" WIDTH="187" />
<SP HEIGHT="38" HPOS="469" VPOS="2837" WIDTH="27" />
<String CONTENT="science" HEIGHT="40" HPOS="497" VPOS="2835" WIDTH="185" />
<SP HEIGHT="28" HPOS="683" VPOS="2847" WIDTH="24" />
<String CONTENT="series," HEIGHT="47" HPOS="708" VPOS="2836" WIDTH="164" />
<SP HEIGHT="36" HPOS="873" VPOS="2847" WIDTH="26" />
<String CONTENT="no." HEIGHT="29" HPOS="900" VPOS="2847" WIDTH="73" />
<SP HEIGHT="39" HPOS="974" VPOS="2837" WIDTH="24" />
<String CONTENT="4.&#8221;" HEIGHT="40" HPOS="999" VPOS="2834" WIDTH="70" />
</TextLine>
<TextLine CS="1" HEIGHT="48" HPOS="279" VPOS="2891" WIDTH="1916">
<String CONTENT="Portion" HEIGHT="39" HPOS="279" VPOS="2892" WIDTH="199" />
<SP HEIGHT="29" HPOS="479" VPOS="2903" WIDTH="32" />
<String CONTENT="of" HEIGHT="40" HPOS="512" VPOS="2892" WIDTH="52" />
<SP HEIGHT="39" HPOS="565" VPOS="2892" WIDTH="30" />
<String CONTENT="thesis" HEIGHT="40" HPOS="596" VPOS="2892" WIDTH="150" />
<SP HEIGHT="47" HPOS="747" VPOS="2892" WIDTH="44" />
<String CONTENT="(PH." CS="1" HEIGHT="47" HPOS="792" VPOS="2892" WIDTH="103" />
<SP HEIGHT="28" HPOS="896" VPOS="2903" WIDTH="34" />
<String CONTENT="D.)&#8212;University" CS="1" HEIGHT="48" HPOS="963" VPOS="2891" WIDTH="387" />
<SP HEIGHT="36" HPOS="1351" VPOS="2903" WIDTH="32" />
<String CONTENT="of" HEIGHT="40" HPOS="1384" VPOS="2893" WIDTH="50" />
<SP HEIGHT="41" HPOS="1435" VPOS="2892" WIDTH="36" />
<String CONTENT="Southern" HEIGHT="41" HPOS="1472" VPOS="2892" WIDTH="241" />
<SP HEIGHT="41" HPOS="1714" VPOS="2893" WIDTH="33" />
<String CONTENT="California." HEIGHT="42" HPOS="1748" VPOS="2892" WIDTH="284" />
<SP HEIGHT="40" HPOS="2033" VPOS="2894" WIDTH="35" />
<String CONTENT="1929." HEIGHT="41" HPOS="2069" VPOS="2891" WIDTH="126" />
</TextLine>
<TextLine CS="1" HEIGHT="110" HPOS="213" VPOS="2944" WIDTH="1966">
<String CONTENT="&#169;" HEIGHT="51" HPOS="213" VPOS="2944" WIDTH="50" />
<SP HEIGHT="51" HPOS="264" VPOS="2944" WIDTH="27" />
<String CONTENT="Feb." HEIGHT="39" HPOS="292" VPOS="2948" WIDTH="109" />
<SP HEIGHT="37" HPOS="402" VPOS="2950" WIDTH="26" />
<String CONTENT="1," HEIGHT="45" HPOS="429" VPOS="2950" WIDTH="37" />
<SP HEIGHT="46" HPOS="467" VPOS="2949" WIDTH="28" />
<String CONTENT="1934;" HEIGHT="47" HPOS="496" VPOS="2948" WIDTH="139" />
<SP HEIGHT="46" HPOS="636" VPOS="2949" WIDTH="27" />
<String CONTENT="2c." HEIGHT="39" HPOS="664" VPOS="2949" WIDTH="66" />
<SP HEIGHT="38" HPOS="731" VPOS="2949" WIDTH="28" />
<String CONTENT="Feb." HEIGHT="39" HPOS="760" VPOS="2949" WIDTH="108" />
<SP HEIGHT="38" HPOS="869" VPOS="2950" WIDTH="28" />
<String CONTENT="16;" CS="1" HEIGHT="39" HPOS="898" VPOS="2949" WIDTH="54" />
<SP HEIGHT="35" HPOS="980" VPOS="2959" WIDTH="28" />
<String CONTENT="aff." CS="1" HEIGHT="40" HPOS="1009" VPOS="2948" WIDTH="80" />
<SP HEIGHT="40" HPOS="1090" VPOS="2948" WIDTH="28" />
<String CONTENT="Feb." HEIGHT="41" HPOS="1119" VPOS="2948" WIDTH="108" />
<SP HEIGHT="40" HPOS="1228" VPOS="2949" WIDTH="27" />
<String CONTENT="12;" HEIGHT="47" HPOS="1256" VPOS="2948" WIDTH="81" />
<SP HEIGHT="45" HPOS="1338" VPOS="2950" WIDTH="29" />
<String CONTENT="A" HEIGHT="37" HPOS="1368" VPOS="2950" WIDTH="41" />
<SP HEIGHT="39" HPOS="1410" VPOS="2950" WIDTH="24" />
<String CONTENT="70241;" HEIGHT="45" HPOS="1435" VPOS="2949" WIDTH="169" />
<SP HEIGHT="44" HPOS="1605" VPOS="2950" WIDTH="31" />
<String CONTENT="University" HEIGHT="48" HPOS="1637" VPOS="2949" WIDTH="282" />
<SP HEIGHT="36" HPOS="1920" VPOS="2961" WIDTH="26" />
<String CONTENT="of" HEIGHT="40" HPOS="1947" VPOS="2950" WIDTH="50" />
<SP HEIGHT="40" HPOS="1998" VPOS="2950" WIDTH="29" />
<String CONTENT="Southern" HEIGHT="96" HPOS="280" VPOS="2948" WIDTH="1899" />
<SP HEIGHT="40" HPOS="364" VPOS="3005" WIDTH="35" />
<String CONTENT="California," HEIGHT="48" HPOS="400" VPOS="3004" WIDTH="285" />
<SP HEIGHT="46" HPOS="686" VPOS="3006" WIDTH="35" />
<String CONTENT="Los" HEIGHT="39" HPOS="722" VPOS="3006" WIDTH="92" />
<SP HEIGHT="38" HPOS="815" VPOS="3007" WIDTH="33" />
<String CONTENT="Angeles." HEIGHT="47" HPOS="849" VPOS="3006" WIDTH="216" />
<SP HEIGHT="48" HPOS="1066" VPOS="3004" WIDTH="74" />
<String CONTENT="(34-9012)" HEIGHT="50" HPOS="1141" VPOS="3004" WIDTH="248" />
</TextLine>
<TextLine HEIGHT="65" HPOS="204" STYLEREFS="StyleId-C28FC73E-0CE6-4B29-869F-622CF793C3D8-" VPOS="3121" WIDTH="428">
<String CONTENT="Jaquin," HEIGHT="65" HPOS="204" VPOS="3121" WIDTH="234" />
<SP HEIGHT="64" HPOS="439" VPOS="3122" WIDTH="28" />
<String CONTENT="Noel." HEIGHT="56" HPOS="468" VPOS="3122" WIDTH="164" />
</TextLine>
<TextLine HEIGHT="71" HPOS="280" STYLEREFS="StyleId-865951CF-D3AF-490F-8D70-BC0DCD1164B4-" VPOS="3195" WIDTH="1917">
<String CONTENT="Our" HEIGHT="55" HPOS="280" VPOS="3195" WIDTH="122" />
<SP HEIGHT="32" HPOS="403" VPOS="3216" WIDTH="34" />
<String CONTENT="revealing" HEIGHT="69" HPOS="438" VPOS="3197" WIDTH="290" />
<SP HEIGHT="68" HPOS="729" VPOS="3198" WIDTH="31" />
<String CONTENT="hands;" HEIGHT="67" HPOS="761" VPOS="3198" WIDTH="210" />
<SP HEIGHT="48" HPOS="972" VPOS="3217" WIDTH="38" />
<String CONTENT="a" HEIGHT="32" HPOS="1011" VPOS="3217" WIDTH="30" />
<SP HEIGHT="49" HPOS="1042" VPOS="3216" WIDTH="36" />
<String CONTENT="practical" HEIGHT="67" HPOS="1079" VPOS="3198" WIDTH="274" />
<SP HEIGHT="50" HPOS="1354" VPOS="3200" WIDTH="33" />
<String CONTENT="treatise" HEIGHT="54" HPOS="1388" VPOS="3197" WIDTH="231" />
<SP HEIGHT="34" HPOS="1620" VPOS="3217" WIDTH="35" />
<String CONTENT="of" HEIGHT="54" HPOS="1656" VPOS="3197" WIDTH="63" />
<SP HEIGHT="53" HPOS="1720" VPOS="3197" WIDTH="34" />
<String CONTENT="the" HEIGHT="51" HPOS="1755" VPOS="3199" WIDTH="94" />
<SP HEIGHT="34" HPOS="1850" VPOS="3217" WIDTH="35" />
<String CONTENT="science" HEIGHT="54" HPOS="1886" VPOS="3197" WIDTH="212" />
<SP HEIGHT="36" HPOS="2099" VPOS="3214" WIDTH="34" />
<String CONTENT="of" HEIGHT="55" HPOS="2134" VPOS="3195" WIDTH="63" />
</TextLine>
<TextLine HEIGHT="71" HPOS="208" STYLEREFS="StyleId-865951CF-D3AF-490F-8D70-BC0DCD1164B4-" VPOS="3273" WIDTH="1987">
<String CONTENT="hand" HEIGHT="53" HPOS="208" VPOS="3273" WIDTH="153" />
<SP HEIGHT="52" HPOS="362" VPOS="3274" WIDTH="32" />
<String CONTENT="reading" HEIGHT="68" HPOS="395" VPOS="3274" WIDTH="239" />
<SP HEIGHT="66" HPOS="635" VPOS="3276" WIDTH="31" />
<String CONTENT="dealing" HEIGHT="69" HPOS="667" VPOS="3275" WIDTH="229" />
<SP HEIGHT="68" HPOS="897" VPOS="3276" WIDTH="29" />
<String CONTENT="in" HEIGHT="52" HPOS="927" VPOS="3276" WIDTH="61" />
<SP HEIGHT="52" HPOS="989" VPOS="3276" WIDTH="32" />
<String CONTENT="detail" HEIGHT="53" HPOS="1022" VPOS="3275" WIDTH="174" />
<SP HEIGHT="51" HPOS="1197" VPOS="3276" WIDTH="30" />
<String CONTENT="with" HEIGHT="52" HPOS="1228" VPOS="3275" WIDTH="140" />
<SP HEIGHT="51" HPOS="1369" VPOS="3276" WIDTH="33" />
<String CONTENT="its" HEIGHT="51" HPOS="1403" VPOS="3277" WIDTH="72" />
<SP HEIGHT="50" HPOS="1476" VPOS="3293" WIDTH="34" />
<String CONTENT="psychological," HEIGHT="69" HPOS="1511" VPOS="3275" WIDTH="440" />
<SP HEIGHT="48" HPOS="1952" VPOS="3294" WIDTH="32" />
<String CONTENT="sexual," HEIGHT="65" HPOS="1985" VPOS="3276" WIDTH="210" />
</TextLine>
<TextLine CS="1" HEIGHT="69" HPOS="209" STYLEREFS="StyleId-865951CF-D3AF-490F-8D70-BC0DCD1164B4-" VPOS="3352" WIDTH="1986">
<String CONTENT="superstitious" HEIGHT="65" HPOS="209" VPOS="3352" WIDTH="396" />
<SP HEIGHT="34" HPOS="606" VPOS="3370" WIDTH="40" />
<String CONTENT="and" HEIGHT="51" HPOS="647" VPOS="3353" WIDTH="112" />
<SP HEIGHT="51" HPOS="760" VPOS="3353" WIDTH="39" />
<String CONTENT="medical" HEIGHT="52" HPOS="800" VPOS="3353" WIDTH="240" />
<SP HEIGHT="51" HPOS="1041" VPOS="3353" WIDTH="42" />
<String CONTENT="aspects," HEIGHT="63" HPOS="1084" VPOS="3356" WIDTH="231" />
<SP HEIGHT="67" HPOS="1316" VPOS="3352" WIDTH="37" />
<String CONTENT="by" HEIGHT="69" HPOS="1354" VPOS="3352" WIDTH="78" />
<SP HEIGHT="68" HPOS="1433" VPOS="3353" WIDTH="38" />
<String CONTENT="Noel" HEIGHT="52" HPOS="1472" VPOS="3353" WIDTH="142" />
<SP HEIGHT="54" HPOS="1615" VPOS="3353" WIDTH="40" />
<String CONTENT="Jaquin" HEIGHT="67" HPOS="1656" VPOS="3353" WIDTH="216" />
<SP HEIGHT="34" HPOS="1873" VPOS="3371" WIDTH="46" />
<String CONTENT="&#8230;" CS="1" />
<SP HEIGHT="52" HPOS="1975" VPOS="3352" WIDTH="82" />
<String CONTENT="New" HEIGHT="52" HPOS="2058" VPOS="3352" WIDTH="137" />
</TextLine>
<TextLine CS="1" HEIGHT="72" HPOS="208" STYLEREFS="StyleId-865951CF-D3AF-490F-8D70-BC0DCD1164B4-" VPOS="3426" WIDTH="1289">
<String CONTENT="York," HEIGHT="70" HPOS="208" VPOS="3426" WIDTH="178" />
<SP HEIGHT="67" HPOS="387" VPOS="3429" WIDTH="27" />
<String CONTENT="R." HEIGHT="51" HPOS="415" VPOS="3429" WIDTH="66" />
<SP HEIGHT="51" HPOS="482" VPOS="3429" WIDTH="28" />
<String CONTENT="M." HEIGHT="52" HPOS="511" VPOS="3429" WIDTH="77" />
<SP HEIGHT="52" HPOS="589" VPOS="3429" WIDTH="29" />
<String CONTENT="McBride" HEIGHT="53" HPOS="619" VPOS="3429" WIDTH="273" />
<SP HEIGHT="53" HPOS="893" VPOS="3429" WIDTH="28" />
<String CONTENT="&amp;" HEIGHT="49" HPOS="922" VPOS="3429" WIDTH="44" />
<SP HEIGHT="53" HPOS="967" VPOS="3429" WIDTH="27" />
<String CONTENT="company" HEIGHT="52" HPOS="995" VPOS="3446" WIDTH="277" />
<SP HEIGHT="50" HPOS="1273" VPOS="3448" WIDTH="33" />
<String CONTENT="[" CS="1" />
<String CONTENT="c" HEIGHT="22" HPOS="1324" STYLE="superscript" VPOS="3433" WIDTH="18" />
<String CONTENT="1934]" HEIGHT="64" HPOS="1347" VPOS="3431" WIDTH="150" />
</TextLine>
<TextLine HEIGHT="49" HPOS="276" VPOS="3500" WIDTH="938">
<String CONTENT="268" HEIGHT="42" HPOS="276" VPOS="3500" WIDTH="84" />
<SP HEIGHT="48" HPOS="361" VPOS="3501" WIDTH="30" />
<String CONTENT="p." HEIGHT="37" HPOS="392" VPOS="3512" WIDTH="43" />
<SP HEIGHT="40" HPOS="436" VPOS="3501" WIDTH="58" />
<String CONTENT="front.," HEIGHT="47" HPOS="495" VPOS="3501" WIDTH="161" />
<SP HEIGHT="46" HPOS="657" VPOS="3502" WIDTH="35" />
<String CONTENT="illus.," HEIGHT="44" HPOS="693" VPOS="3502" WIDTH="140" />
<SP HEIGHT="36" HPOS="834" VPOS="3513" WIDTH="35" />
<String CONTENT="plates." HEIGHT="47" HPOS="870" VPOS="3502" WIDTH="169" />
<SP HEIGHT="40" HPOS="1040" VPOS="3502" WIDTH="59" />
<String CONTENT="21" HEIGHT="39" HPOS="1100" VPOS="3501" WIDTH="54" />
<String CONTENT="cm" HEIGHT="22" HPOS="1158" STYLE="superscript" VPOS="3503" WIDTH="44" />
<String CONTENT="." HEIGHT="8" HPOS="1205" VPOS="3533" WIDTH="9" />
</TextLine>
<TextLine HEIGHT="49" HPOS="279" VPOS="3556" WIDTH="1915">
<String CONTENT="London" HEIGHT="42" HPOS="279" VPOS="3556" WIDTH="196" />
<SP HEIGHT="28" HPOS="476" VPOS="3569" WIDTH="25" />
<String CONTENT="edition" HEIGHT="40" HPOS="502" VPOS="3557" WIDTH="183" />
<SP HEIGHT="46" HPOS="686" VPOS="3557" WIDTH="35" />
<String CONTENT="(Faber" HEIGHT="46" HPOS="722" VPOS="3557" WIDTH="182" />
<SP HEIGHT="39" HPOS="905" VPOS="3559" WIDTH="23" />
<String CONTENT="&amp;" HEIGHT="39" HPOS="929" VPOS="3559" WIDTH="36" />
<SP HEIGHT="40" HPOS="966" VPOS="3558" WIDTH="25" />
<String CONTENT="Faber" HEIGHT="41" HPOS="992" VPOS="3557" WIDTH="156" />
<SP HEIGHT="40" HPOS="1149" VPOS="3557" WIDTH="24" />
<String CONTENT="limited)" HEIGHT="48" HPOS="1174" VPOS="3557" WIDTH="209" />
<SP HEIGHT="46" HPOS="1384" VPOS="3559" WIDTH="37" />
<String CONTENT="has" HEIGHT="39" HPOS="1422" VPOS="3559" WIDTH="90" />
<SP HEIGHT="37" HPOS="1513" VPOS="3561" WIDTH="24" />
<String CONTENT="title:" HEIGHT="41" HPOS="1538" VPOS="3557" WIDTH="135" />
<SP HEIGHT="39" HPOS="1674" VPOS="3558" WIDTH="28" />
<String CONTENT="The" HEIGHT="40" HPOS="1703" VPOS="3558" WIDTH="100" />
<SP HEIGHT="39" HPOS="1804" VPOS="3559" WIDTH="26" />
<String CONTENT="hand" HEIGHT="39" HPOS="1831" VPOS="3559" WIDTH="131" />
<SP HEIGHT="38" HPOS="1963" VPOS="3560" WIDTH="27" />
<String CONTENT="of" HEIGHT="40" HPOS="1991" VPOS="3558" WIDTH="52" />
<SP HEIGHT="38" HPOS="2044" VPOS="3558" WIDTH="25" />
<String CONTENT="man." HEIGHT="29" HPOS="2070" VPOS="3568" WIDTH="124" />
</TextLine>
<TextLine HEIGHT="52" HPOS="211" VPOS="3610" WIDTH="1981">
<String CONTENT="&#169;" HEIGHT="51" HPOS="211" VPOS="3610" WIDTH="51" />
<SP HEIGHT="51" HPOS="263" VPOS="3610" WIDTH="39" />
<String CONTENT="Mar." HEIGHT="39" HPOS="303" VPOS="3616" WIDTH="121" />
<SP HEIGHT="39" HPOS="425" VPOS="3616" WIDTH="39" />
<String CONTENT="5," HEIGHT="46" HPOS="465" VPOS="3616" WIDTH="38" />
<SP HEIGHT="46" HPOS="504" VPOS="3616" WIDTH="38" />
<String CONTENT="1934;" HEIGHT="42" HPOS="543" VPOS="3615" WIDTH="139" />
<SP HEIGHT="41" HPOS="683" VPOS="3616" WIDTH="41" />
<String CONTENT="2c." HEIGHT="39" HPOS="725" VPOS="3616" WIDTH="66" />
<SP HEIGHT="37" HPOS="792" VPOS="3617" WIDTH="41" />
<String CONTENT="Mar." HEIGHT="39" HPOS="834" VPOS="3617" WIDTH="120" />
<SP HEIGHT="39" HPOS="955" VPOS="3617" WIDTH="37" />
<String CONTENT="26;" HEIGHT="45" HPOS="993" VPOS="3616" WIDTH="82" />
<SP HEIGHT="35" HPOS="1076" VPOS="3626" WIDTH="42" />
<String CONTENT="aff." HEIGHT="40" HPOS="1119" VPOS="3615" WIDTH="77" />
<SP HEIGHT="38" HPOS="1197" VPOS="3616" WIDTH="42" />
<String CONTENT="Mar." HEIGHT="40" HPOS="1240" VPOS="3616" WIDTH="120" />
<SP HEIGHT="40" HPOS="1361" VPOS="3616" WIDTH="39" />
<String CONTENT="23;" HEIGHT="45" HPOS="1401" VPOS="3616" WIDTH="82" />
<SP HEIGHT="43" HPOS="1484" VPOS="3618" WIDTH="41" />
<String CONTENT="A" HEIGHT="37" HPOS="1526" VPOS="3618" WIDTH="41" />
<SP HEIGHT="39" HPOS="1568" VPOS="3617" WIDTH="38" />
<String CONTENT="71016;" HEIGHT="46" HPOS="1607" VPOS="3616" WIDTH="168" />
<SP HEIGHT="45" HPOS="1776" VPOS="3617" WIDTH="42" />
<String CONTENT="William" HEIGHT="41" HPOS="1819" VPOS="3615" WIDTH="217" />
<SP HEIGHT="38" HPOS="2037" VPOS="3616" WIDTH="37" />
<String CONTENT="Noel" HEIGHT="38" HPOS="2075" VPOS="3616" WIDTH="117" />
</TextLine>
<TextLine HEIGHT="48" HPOS="281" VPOS="3671" WIDTH="749">
<String CONTENT="Jaquin." HEIGHT="48" HPOS="281" VPOS="3671" WIDTH="193" />
<SP HEIGHT="40" HPOS="475" VPOS="3672" WIDTH="25" />
<String CONTENT="London." HEIGHT="39" HPOS="501" VPOS="3672" WIDTH="208" />
<SP HEIGHT="47" HPOS="710" VPOS="3671" WIDTH="70" />
<String CONTENT="(34-8966)" HEIGHT="47" HPOS="781" VPOS="3671" WIDTH="249" />
</TextLine>
<TextLine CS="1" HEIGHT="69" HPOS="204" STYLEREFS="StyleId-865951CF-D3AF-490F-8D70-BC0DCD1164B4-" VPOS="3788" WIDTH="1985">
<String CONTENT="The" HEIGHT="53" HPOS="204" VPOS="3788" WIDTH="118" />
<SP HEIGHT="52" HPOS="323" VPOS="3789" WIDTH="34" />
<String CONTENT="Jewish" HEIGHT="53" HPOS="358" VPOS="3789" WIDTH="220" />
<SP HEIGHT="53" HPOS="579" VPOS="3789" WIDTH="34" />
<String CONTENT="library;" HEIGHT="68" HPOS="614" VPOS="3788" WIDTH="244" />
<SP HEIGHT="59" HPOS="859" VPOS="3795" WIDTH="38" />
<String CONTENT="third" HEIGHT="51" HPOS="898" VPOS="3790" WIDTH="157" />
<SP HEIGHT="51" HPOS="1056" VPOS="3791" WIDTH="36" />
<String CONTENT="series," HEIGHT="67" HPOS="1093" VPOS="3789" WIDTH="182" />
<SP HEIGHT="48" HPOS="1276" VPOS="3808" WIDTH="35" />
<String CONTENT="edited" HEIGHT="52" HPOS="1312" VPOS="3789" WIDTH="187" />
<SP HEIGHT="51" HPOS="1500" VPOS="3790" WIDTH="33" />
<String CONTENT="by" HEIGHT="67" HPOS="1534" VPOS="3790" WIDTH="75" />
<SP HEIGHT="65" HPOS="1610" VPOS="3792" WIDTH="35" />
<String CONTENT="Rabbi" HEIGHT="53" HPOS="1646" VPOS="3789" WIDTH="184" />
<SP HEIGHT="51" HPOS="1831" VPOS="3789" WIDTH="32" />
<String CONTENT="Leo" HEIGHT="52" HPOS="1864" VPOS="3790" WIDTH="113" />
<SP HEIGHT="53" HPOS="1978" VPOS="3790" WIDTH="36" />
<String CONTENT="Jung," CS="1" HEIGHT="66" HPOS="2015" VPOS="3790" WIDTH="174" />
</TextLine>
<TextLine CS="1" HEIGHT="69" HPOS="360" STYLEREFS="StyleId-865951CF-D3AF-490F-8D70-BC0DCD1164B4-" VPOS="3866" WIDTH="1828">
<String CONTENT="PH." CS="1" HEIGHT="9" HPOS="360" VPOS="3910" WIDTH="9" />
<SP HEIGHT="33" HPOS="370" VPOS="3886" WIDTH="31" />
<String CONTENT="D." CS="1" HEIGHT="9" HPOS="440" VPOS="3910" WIDTH="9" />
<SP HEIGHT="51" HPOS="450" VPOS="3868" WIDTH="67" />
<String CONTENT="New" HEIGHT="51" HPOS="518" VPOS="3868" WIDTH="136" />
<SP HEIGHT="50" HPOS="655" VPOS="3869" WIDTH="30" />
<String CONTENT="York," HEIGHT="54" HPOS="686" VPOS="3867" WIDTH="178" />
<SP HEIGHT="51" HPOS="865" VPOS="3870" WIDTH="31" />
<String CONTENT="The" HEIGHT="53" HPOS="897" VPOS="3868" WIDTH="119" />
<SP HEIGHT="53" HPOS="1017" VPOS="3869" WIDTH="32" />
<String CONTENT="Jewish" HEIGHT="56" HPOS="1050" VPOS="3866" WIDTH="211" />
<SP HEIGHT="50" HPOS="1262" VPOS="3868" WIDTH="32" />
<String CONTENT="library" HEIGHT="67" HPOS="1295" VPOS="3868" WIDTH="217" />
<SP HEIGHT="48" HPOS="1513" VPOS="3887" WIDTH="31" />
<String CONTENT="publishing" HEIGHT="67" HPOS="1545" VPOS="3868" WIDTH="333" />
<SP HEIGHT="51" HPOS="1879" VPOS="3884" WIDTH="31" />
<String CONTENT="co.," HEIGHT="49" HPOS="1911" VPOS="3884" WIDTH="94" />
<SP HEIGHT="63" HPOS="2006" VPOS="3870" WIDTH="33" />
<String CONTENT="1934." HEIGHT="49" HPOS="2040" VPOS="3869" WIDTH="148" />
</TextLine>
<TextLine CS="1" HEIGHT="47" HPOS="275" STYLEREFS="StyleId-865951CF-D3AF-490F-8D70-BC0DCD1164B4-" VPOS="3940" WIDTH="740">
<String CONTENT="xiii" HEIGHT="39" HPOS="275" VPOS="3940" WIDTH="90" />
<SP HEIGHT="47" HPOS="366" VPOS="3940" WIDTH="24" />
<String CONTENT="p.," HEIGHT="36" HPOS="391" VPOS="3951" WIDTH="56" />
<SP HEIGHT="46" HPOS="448" VPOS="3941" WIDTH="27" />
<String CONTENT="2" HEIGHT="38" HPOS="476" VPOS="3941" WIDTH="29" />
<SP HEIGHT="40" HPOS="506" VPOS="3941" WIDTH="21" />
<String CONTENT="l.," CS="1" HEIGHT="16" HPOS="564" VPOS="3971" WIDTH="7" />
<SP HEIGHT="46" HPOS="572" VPOS="3941" WIDTH="27" />
<String CONTENT="3-510" HEIGHT="40" HPOS="600" VPOS="3940" WIDTH="149" />
<SP HEIGHT="43" HPOS="750" VPOS="3940" WIDTH="21" />
<String CONTENT="p." HEIGHT="32" HPOS="772" VPOS="3951" WIDTH="41" />
<SP HEIGHT="38" HPOS="814" VPOS="3942" WIDTH="57" />
<String CONTENT="19&#189;" CS="1" HEIGHT="40" HPOS="872" VPOS="3940" WIDTH="54" />
<String CONTENT="cm" HEIGHT="21" HPOS="959" STYLE="superscript" VPOS="3943" WIDTH="44" />
<String CONTENT="." HEIGHT="7" HPOS="1008" VPOS="3973" WIDTH="7" />
</TextLine>
</TextBlock>
</PrintSpace>
</Page>
</Layout>
</alto>