2350 4296
1057 4006 98 49 1337

158 360 241 64 Adams,
430 359 366 64 Marguerite
823 358 270 56 Janvrin.

302 431 1854 74 I give you words [by] Marguerite Janvrin Adams. New
162 515 176 67 York,
371 515 48 52 T.
449 513 345 70 Washburn,
826 515 125 66 inc.,
986 516 151 50 1934.

228 586 640 51 xii p., 1 l., 87 p. 21½cm.
229 645 182 40 Poems.

165 700 50 51 ©
244 703 101 40 Oct.
375 703 40 47 5,
446 700 140 48 1934;
617 701 67 41 2c.
716 703 93 38 and
838 711 81 31 aff.
953 701 100 41 Oct.
1084 701 80 45 11;
1196 701 41 37 A
1266 699 171 47 75709;
1471 700 60 38 M.
1566 700 40 39 J.
1638 699 196 50 Adams,
1865 702 118 38 New
2011 703 146 40 York.

238 759 279 49 (34-33652)

158 877 242 66 Adams,
434 877 274 65 Thomas,
746 877 171 52 1871-

227 955 118 51 The
384 955 197 66 design
618 955 64 51 of
716 953 329 54 residential
1084 972 183 46 areas;
1307 952 152 54 basic
1495 953 463 54 considerations,
157 957 1969 142 principles,
375 1033 109 50 and
512 1033 277 67 methods,
815 1033 73 64 by
916 1032 246 54 Thomas
1188 1030 235 54 Adams.
1489 1030 363 69 Cambridge,
1880 1034 274 52 Harvard

156 1110 317 67 university
500 1127 174 51 press,
705 1114 148 51 1934.

226 1185 95 47 xiv,
365 1183 84 40 296
496 1196 39 35 p.
609 1185 162 41 front.,
858 1186 87 37 illus,
977 1184 127 47 (incl.
1154 1183 159 47 maps)
1368 1183 171 48 plates,
1585 1184 154 46 plans,
1785 1181 179 51 diagrs.
2038 1187 115 38 25cm.

166 1242 297 47 (Half-title:
492 1241 229 40 Harvard
753 1242 98 47 city
880 1240 234 49 planning
1143 1238 184 42 studies.
1463 1239 12 47 VI)

159 1295 50 51 ©
252 1301 125 45 Sept.
447 1299 37 48 11,
523 1296 140 43 1934:
704 1298 63 40 2c.
813 1299 125 47 Sept.
976 1299 81 39 24;
1099 1296 81 42 aff.
1219 1297 100 41 Oct.
1357 1298 53 47 4;
1450 1297 43 39 A
1530 1298 169 46 76448;
1741 1297 168 49 Henry
1946 1298 207 42 Vincent

227 1356 248 46 Hubbard,
521 1355 265 42 chairman.
833 1354 227 41 Harvard
1107 1355 128 41 univ.
1282 1354 162 40 school
1490 1354 52 41 of
1583 1355 99 47 city
1725 1354 233 49 planning.
223 1366 1912 94 cambridge,

438 1413 146 40 Mass.
657 1412 279 47 (34-27287)

153 1531 343 64 Aldington,
527 1532 277 55 Richard.

223 1607 260 55 “Mother
514 1608 323 70 England”.

234 1682 79 50 (In
341 1679 200 43 London
569 1678 201 52 Sunday
796 1680 210 50 referee,
1036 1679 138 51 Sept.
1229 1682 41 48 16,
1300 1679 143 50 1934)

157 1736 49 51 ©
250 1741 60 40 1c.
349 1741 115 38 Nov.
504 1739 67 48 12,
611 1738 140 48 1934;
791 1741 40 38 A
870 1742 60 37 ad
970 1740 85 41 int.
1094 1739 168 47 19578;
1303 1739 141 49 pubd.
1488 1740 124 47 Sept.
1654 1740 81 47 16;
1778 1741 54 39 R.
1871 1740 279 44 Aldington,

222 1797 210 40 London.

146 1912 186 68 Allen,
365 1914 257 66 Hervey,
659 1916 170 51 1889-

217 1991 278 68 Anthony
529 1990 273 71 Adverse,
838 1992 74 68 by
949 1992 230 67 Hervey
1215 1990 200 69 Allen;
1455 1989 380 56 illustrations
1869 1991 75 68 by
1978 1991 71 52 N.
2088 1993 61 54 C.

146 2070 237 68 Wyeth;
415 2088 109 49 pen
555 2070 354 54 decorations
936 2069 75 69 by
1038 2068 175 54 Allan
1240 2068 242 54 McNab.
1558 2068 139 54 New
1728 2069 179 68 York,
1936 2072 215 52 Farrar

147 2148 111 53 and
285 2147 298 67 Rinehart,
609 2147 127 67 inc.,
766 2149 148 50 1934.

215 2220 627 43 2 v . col. fronts. 24cm.
216 2279 161 48 Paged
412 2277 355 49 continuously.

217 2336 286 39 Illustrated
538 2334 350 50 lining-papers
923 2334 49 40 in
1007 2335 167 40 colors.

153 2389 49 52 ©
231 2394 101 40 Oct.
359 2394 69 46 15,
456 2392 140 41 1934:
626 2392 65 40 2c.
720 2393 118 39 each
867 2392 99 40 Oct.
997 2393 81 45 17;
1110 2391 78 39 aff.
1221 2392 100 41 Oct.
1350 2391 55 42 16;
1462 2393 41 38 A
1531 2393 168 48 76566;
1732 2393 183 41 Farrar
1943 2394 37 39 &
217 2394 1913 97 Rinehart,
371 2451 90 39 inc.
526 2449 280 51 [Copyright
837 2450 40 39 is
907 2447 204 43 claimed
1140 2460 58 29 on
1228 2449 343 51 illustrations]

228 2506 278 49 (34-33869)

148 2625 314 55 American
494 2625 277 55 institute
802 2628 63 50 of
896 2626 390 64 cooperation.

216 2702 302 53 American
555 2704 383 67 cooperation.
972 2705 161 65 1934;
1168 2723 31 32 a
1230 2702 295 55 collection
1558 2705 62 53 of
1654 2723 207 49 papers
1889 2707 111 51 and
146 2707 1976 128 discussions
424 2781 351 69 comprising
801 2783 94 50 the
922 2783 162 51 tenth
1112 2800 246 34 summer
1384 2783 212 54 session
1625 2784 63 51 of
1716 2784 93 52 the
1839 2785 306 54 American

146 2859 260 53 institute
442 2860 63 53 of
540 2860 364 67 cooperation
941 2865 60 47 at
1031 2861 94 51 the
1160 2860 336 69 University
1532 2862 64 52 of
1628 2863 340 59 Wisconsin,
2003 2865 142 65 July

148 2939 150 65 9-14,
346 2941 149 47 1934.
569 2937 403 68 Washington,
1017 2940 70 49 D.
1134 2939 78 66 C.,
1259 2940 119 51 The
1424 2941 307 53 American
1774 2939 261 55 institute
2083 2945 61 48 of

147 3014 359 69 cooperation
543 3017 192 64 [c1934]

215 3089 63 46 xi,
312 3088 87 40 553
427 3099 42 37 p.
529 3087 145 41 23½cm.

150 3141 50 52 ©
233 3145 98 41 Oct.
366 3145 68 47 16,
464 3142 142 48 1934;
641 3143 68 43 2c.
741 3145 117 38 Nov.
891 3144 83 41 10:
1008 3145 82 41 aff.
1124 3146 116 40 Nov.
1274 3147 52 46 9;
1362 3148 40 39 A
1436 3148 168 47 78027;
1641 3149 159 42 Amer.
1834 3149 227 40 institute
2091 3152 54 38 of

213 3202 320 47 cooperation.

145 3320 307 55 American
483 3320 221 54 Jewish
735 3334 298 50 congress.

211 3397 118 52 The
363 3415 120 35 case
519 3396 64 53 of
618 3396 349 53 civilization
1005 3397 224 69 against
1265 3398 326 72 Hitlerism,
1627 3403 300 66 presented
1963 3404 181 52 under

146 3474 89 53 the
280 3475 255 68 auspices
582 3474 64 52 of
695 3475 93 51 the
837 3473 306 55 American
1190 3475 213 56 Jewish
1457 3494 263 54 congress
1770 3485 59 49 at
1874 3480 265 54 Madison

145 3566 193 52 square
368 3553 235 69 garden,
633 3553 140 51 New
805 3551 180 61 York,
1015 3553 204 53 March
1250 3553 50 70 7,
1334 3557 162 68 1934;
1528 3557 96 52 the
1657 3557 278 69 pleaders,
145 3559 1974 141 Bainbridge

373 3626 1766 80 Colby, Bernard S. Deutsch, Arthur R. Brown … [and
146 3705 200 71 others]
413 3709 139 53 New
581 3707 180 67 York,
787 3708 69 53 R.
886 3707 68 55 O.
984 3708 226 69 Ballou,
1240 3713 150 52 1934.

212 3780 624 52 3 p. l. , [3]-145 p. 20cm.
149 3834 49 53 ©
224 3840 115 49 Aug.
369 3841 38 46 6,
437 3840 140 47 1934;
607 3840 67 41 2c.
707 3840 127 47 Sept.
862 3839 81 47 22;
977 3840 81 40 aff.
1092 3841 123 47 Sept.
1246 3841 55 40 27
1319 3853 8 29 :
1361 3842 38 41 A
1430 3844 170 41 76184:
1633 3845 158 41 Amer.
1823 3845 183 41 Jewish
212 3857 1912 87 congress.
391 3899 117 38 New
539 3897 145 41 York.
757 3895 279 51 (34-33994)
