2350 4196
1089 3992 131 49 1101

182 348 222 67 Ewing,
437 351 300 63 Hampton
769 352 286 59 Denman,
1089 354 168 50 1866-

251 428 293 53 Problems
572 429 63 52 of
662 429 382 55 aeronautical
1073 431 121 51 law.
1272 430 119 52 The
1420 431 201 52 second
1651 430 64 53 of
1742 432 93 51 the
1868 437 308 49 1983-1934

181 506 167 53 series
381 507 63 51 of
473 509 239 52 lectures
745 509 179 53 under
956 509 93 51 the
1083 507 252 68 auspices
1367 508 63 53 of
1463 509 95 51 the
1591 509 361 53 Association
1985 510 63 52 of
2079 512 96 52 the

182 583 101 55 bar
318 583 63 54 of
416 586 95 51 the
545 587 115 61 city
695 586 63 52 of
792 588 137 51 New
966 588 162 51 York
1162 591 57 46 at
1254 587 93 51 the
1383 588 174 51 house
1591 588 63 50 of
1688 588 95 51 the
1818 589 352 53 association.

181 663 1989 146 By Hampton D. Ewing, Thursday, April 5th, 1934 … [New York, Printed by
749 746 66 50 B.
842 745 76 51 H.
947 744 203 66 Tyrrel
1175 746 44 50 &
1245 762 96 48 co.,
1366 749 17 21 c
1388 747 151 63 1934]

253 817 23 37 1
340 848 8 7 p.
409 847 8 10 l.,
443 816 54 39 33
525 828 42 35 p.
629 816 55 38 22½
717 819 43 20 cm

181 883 50 51 ©
275 888 114 46 May
428 888 38 47 3,
509 887 140 41 1934:
694 891 64 37 2c.
803 889 116 45 May
957 887 81 40 10:
1084 887 81 41 aff.
1207 888 116 46 May
1362 886 82 48 12;
1488 888 42 38 A
1571 886 169 49 71894;
1786 889 60 39 H.
1888 890 58 38 D.
1990 889 182 48 Ewing,

245 944 231 47 Yonkers,
506 945 53 38 N.
589 946 50 37 Y.
716 945 278 48 (34-28971)

173 1046 162 65 Gide,
367 1047 203 53 André
599 1049 146 52 Paul
778 1047 346 66 Guillaume,
1159 1051 169 49 1869-

243 1123 1925 124 … Pages de journal (1929-1932) Paris, Gallimard [1934] 2 p. l., 7-217 p., 2 l.
864 1200 58 39 18½
952 1201 44 20 cm
1002 1230 7 8 .
1080 1198 98 47 (On
1209 1208 162 30 cover:
1400 1198 89 40 Les
1522 1199 167 39 essais.
1751 1199 80 47 11)

243 1256 64 40 At
336 1257 124 38 head
490 1257 51 39 of
571 1256 107 41 title:
737 1256 163 40 André
932 1255 132 41 Gide.

177 1310 1993 51 © June 5, 1934; 1c. Aug. 14; A-Foreign 25397; Librairie Gallimard.
257 1369 278 50 (34-29153)

172 1473 299 65 Guedalla,
501 1473 212 65 Philip,
748 1480 170 48 1889-

171 1549 2000 146 The hundred days, by Philip Guedalla. New York, G. P. Putnam’s sons [ c 1934]
240 1703 87 40 176
358 1714 44 37 p.
462 1702 55 40 19½
550 1705 15 21 cm
600 1734 7 9 .

244 1759 359 40 “Authorities”:
665 1771 42 36 p.
738 1758 214 41 172-176.

175 1814 51 52 ©
267 1819 117 47 Aug.
427 1817 68 48 10,
538 1817 140 47 1934;
721 1816 65 40 2c.
829 1816 119 47 Aug.
991 1817 80 39 13:
1117 1815 79 40 aff.
1238 1817 118 46 Aug.
1400 1817 81 39 11:
1527 1817 39 38 A
1608 1816 170 48 74505;
1821 1818 51 41 P.
1917 1818 251 49 Guedalla,

245 1876 211 39 London.
528 1874 13 47 (
551 1873 256 48 34-27237)

172 1978 226 64 Harris,
430 1980 137 51 Mrs.
602 1978 245 64 Evelyn.

241 2057 119 51 The
386 2057 192 51 barter
601 2056 136 66 lady;
796 2075 31 33 a
852 2072 219 35 woman
1097 2054 216 53 farmer
1338 2073 113 36 sees
1478 2056 46 52 it
1550 2056 269 68 through,
1843 2056 75 67 by
1943 2057 222 67 Evelyn

172 2133 224 54 Harris.
473 2134 232 54 Garden
733 2134 151 68 City,
910 2135 69 53 N.
1009 2135 89 67 Y.,
1124 2133 355 69 Doubleday,
1504 2135 199 52 Doran
1730 2135 113 52 and
1869 2153 298 50 company,

170 2213 124 67 inc.,
327 2216 148 50 1934.

244 2286 48 39 vi
317 2297 58 37 p.,
401 2286 26 39 2
490 2317 7 14 l.,
524 2285 145 41 3-338
694 2296 42 37 p.
796 2285 57 41 20
855 2288 44 22 cm
904 2317 9 9 .

245 2342 160 42 “First
436 2342 225 41 edition.”

173 2398 1994 52 © July 25, 1934; 2c. and aff. Aug. 15; A 74548; E. Harris, Betterton,
242 2460 93 38 Md.
409 2458 278 47 (34-27216)

169 2560 358 66 Hirschfeld,
560 2563 273 62 Magnus,
867 2564 170 51 1868-
1249 2561 84 53 ed.

240 2638 119 53 The
410 2639 193 52 sexual
655 2637 221 69 history
927 2636 64 54 of
1040 2638 93 52 the
1186 2637 181 54 world
1421 2656 118 34 war
1614 2637 93 69 [by]
1764 2638 104 52 Dr.
1921 2637 248 69 Magnus
170 2714 356 55 Hirschfeid.
589 2715 138 53 New

757 2715 179 67 York,
963 2716 119 51 The
1109 2715 269 69 Panurge
1405 2734 157 50 press
1595 2748 13 34 [
1612 2721 18 22 c
1635 2717 152 64 1934]

240 2789 79 48 vii,
353 2789 68 50 [3],
453 2788 186 46 11-350,
719 2809 9 28 [1]
759 2797 43 38 p.
866 2787 144 41 24½cm.

240 2845 320 41 “Translated
590 2845 102 40 into
723 2844 203 48 English
957 2845 125 39 from
1115 2846 80 40 the
1226 2844 208 42 German
1469 2846 135 38 work
1635 2845 161 40 edited
1828 2845 60 48 by
1921 2845 82 38 Dr.
171 2844 1981 98 Magnus
293 2901 297 46 Hirschfeid,
626 2902 209 39 assisted

870 2901 61 47 by
963 2902 81 40 Dr.
1082 2902 218 40 Andreas
1336 2901 204 52 Gaspar,
1574 2903 48 39 in
1660 2902 349 40 collaboration
2047 2900 117 42 with

170 2958 1947 48 Dr. Paul Englisch, Dr. Friedrich S. Krauss, Dr. Eduard von Liszt …
183 3017 93 38 [and
305 3015 316 49 others·]”—p.
652 3015 76 50 [iv]

173 3071 49 51 ©
254 3076 118 46 Aug.
402 3074 68 47 20,
502 3073 114 41 1934;
674 3074 65 40 2c.
773 3076 95 38 and
901 3074 80 41 aff.
1013 3075 117 47 Aug.
1164 3075 53 39 25;
1278 3076 41 38 A
1349 3075 143 40 74646;
1554 3076 224 47 Panurge
1808 3085 149 38 press,
1991 3076 91 40 inc.

249 3131 278 49 (34-29001)

167 3236 364 64 Humphrey,
565 3234 225 57 Elliott.

234 3310 285 70 Working
554 3312 167 67 dogs;
762 3330 71 33 an
870 3317 243 63 attempt
1148 3317 57 48 to
1243 3313 247 67 produce
1527 3335 31 33 a
1595 3311 181 54 strain
1813 3310 65 54 of
1914 3310 247 56 German

166 3388 310 68 shepherds
506 3389 184 52 which
721 3388 281 54 combines
1033 3389 261 70 working
1325 3390 205 68 ability
1561 3390 113 53 and
1702 3390 210 68 beauty
1943 3388 64 54 of
169 3405 1972 128 conformation,
527 3466 76 69 by

635 3467 209 52 Elliott
875 3467 345 69 Humphrey
1255 3469 112 52 and
1401 3467 214 53 Lucien
1647 3468 274 67 Warner;
1957 3467 142 53 with
2133 3484 33 36 a

168 3541 285 56 foreword
479 3545 75 68 by
582 3545 301 68 Raymond
913 3545 187 53 Pearl.
1166 3545 333 69 Baltimore,
1529 3545 120 53 The
1680 3544 185 56 Johns
1895 3543 272 70 Hopkins
166 3639 173 52 press,
374 3625 150 50 1934.

238 3695 82 39 xiv
350 3707 56 37 p.,
439 3697 25 38 1
529 3727 9 16 l.,
569 3694 85 41 253
685 3706 43 37 p.
787 3695 165 48 front.,
981 3696 128 40 illus.
1169 3695 54 40 23½c
1273 3697 28 22 m
1305 3728 9 8 .

237 3752 101 40 The
370 3756 133 42 story
536 3752 51 39 of
617 3753 81 39 the
729 3752 269 40 Fortunate
1027 3752 137 41 fields
1194 3753 269 47 enterprise
1496 3753 50 39 in
1580 3751 333 41 Switzerland.

237 3807 348 49 Bibliography:
645 3819 42 37 p.
720 3808 214 41 235-243.

170 3862 50 52 ©
253 3868 119 47 Aug.
405 3868 67 47 11,
505 3866 139 42 1934:
680 3867 64 40 2c.
780 3869 93 38 and
907 3866 79 41 aff.
1022 3868 119 48 Aug.
1174 3868 80 48 25;
1291 3869 41 38 A
1364 3868 170 42 74654;
1570 3868 154 40 Johns
1757 3867 223 48 Hopkins
2012 3877 149 40 press.

251 3923 277 49 (34-28992)
