<alto xmlns="http://www.loc.gov/standards/alto/ns-v3#" xmlns:xsi="http://www.w3.org/2001/XMLSchema-instance" xsi:schemaLocation="http://www.loc.gov/standards/alto/ns-v3# http://www.loc.gov/alto/v3/alto-3-0.xsd"><Description>
<MeasurementUnit>pixel</MeasurementUnit>
<sourceImageInformation>
<fileName>1934_v1_Part1.pdf</fileName>
</sourceImageInformation>
<OCRProcessing ID="IdOcr">
<ocrProcessingStep>
<processingDateTime>2019-01-10</processingDateTime>
<processingSoftware>
<softwareCreator>ABBYY</softwareCreator>
<softwareName>ABBYY Recognition Server</softwareName>
<softwareVersion>4.0</softwareVersion>
</processingSoftware>
</ocrProcessingStep>
</OCRProcessing>
</Description>
<Styles>
<ParagraphStyle ALIGN="Left" FIRSTLINE="0." ID="StyleId-FFFFFFFF-FFFF-FFFF-FFFF-FFFFFFFFFFFF-" LEFT="0." RIGHT="0." />
<ParagraphStyle ALIGN="Right" FIRSTLINE="0." ID="StyleId-521E1FC6-FE7E-43A4-90E6-A9B61626A263-" LEFT="0." LINESPACE="13.30000019" RIGHT="0." />
<ParagraphStyle ALIGN="Left" FIRSTLINE="-27." ID="StyleId-639B624E-F6F5-47B6-BB1D-34E64B53022F-" LEFT="0." LINESPACE="13.43999958" RIGHT="0." />
<ParagraphStyle ALIGN="Left" FIRSTLINE="0." ID="StyleId-100905F9-D385-406B-A5BD-ED5B8FD85431-" LEFT="0." RIGHT="0." />
<ParagraphStyle ALIGN="Left" FIRSTLINE="-27." ID="StyleId-7C9F9BA2-EF3A-4B7F-8486-CCC7B7F49B39-" LEFT="0." LINESPACE="18.71999931" RIGHT="0." />
<ParagraphStyle ALIGN="Block" FIRSTLINE="-27." ID="StyleId-350780E3-60F2-4605-88F5-BB54F9B87091-" LEFT="0." LINESPACE="18.71999931" RIGHT="0." />
<ParagraphStyle ALIGN="Left" FIRSTLINE="0." ID="StyleId-90B16C58-D795-4C77-9B89-30378C515D40-" LEFT="0." LINESPACE="14.39999962" RIGHT="0." />
<ParagraphStyle ALIGN="Right" FIRSTLINE="-27." ID="StyleId-17090E09-AFAF-4086-BD9B-4E99FAE6B057-" LEFT="0." LINESPACE="14.39999962" RIGHT="0." />
<ParagraphStyle ALIGN="Left" FIRSTLINE="-27." ID="StyleId-8B87B633-89DB-4D72-B1FC-26E4ABD680BC-" LEFT="0." LINESPACE="18.47999954" RIGHT="0." />
<ParagraphStyle ALIGN="Left" FIRSTLINE="0." ID="StyleId-42DA7417-CA90-4D71-A57B-06556C38D752-" LEFT="0." LINESPACE="13.30000019" RIGHT="0." />
<ParagraphStyle ALIGN="Block" FIRSTLINE="0." ID="StyleId-D8EE2A7E-42AE-4E35-98DB-F0F935637AA0-" LEFT="0." LINESPACE="6.599999905" RIGHT="0." />
<ParagraphStyle ALIGN="Left" FIRSTLINE="0." ID="StyleId-33CD3121-D4F5-43B6-BA96-6382D166E6B8-" LEFT="0." LINESPACE="15.5" RIGHT="0." />
<ParagraphStyle ALIGN="Block" FIRSTLINE="-21." ID="StyleId-1CE52AFA-C319-4DD9-B4B1-F0EBFA2B3F0B-" LEFT="0." LINESPACE="18.71999931" RIGHT="0." />
<ParagraphStyle ALIGN="Left" FIRSTLINE="0." ID="StyleId-B74F1B65-92F1-49C5-A5FA-D20442F031F2-" LEFT="0." LINESPACE="17.70006076" RIGHT="0." />
<ParagraphStyle ALIGN="Center" FIRSTLINE="0." ID="StyleId-79E2924A-215C-40B7-B577-7236BFBAA25E-" LEFT="0." LINESPACE="7.199999809" RIGHT="0." />
</Styles>
<Layout>
<Page HEIGHT="4196" ID="Page812" PHYSICAL_IMG_NR="812" WIDTH="2350">
<TopMargin HEIGHT="376" HPOS="0" VPOS="0" WIDTH="2350">
</TopMargin>
<LeftMargin HEIGHT="3614" HPOS="0" VPOS="376" WIDTH="212">
</LeftMargin>
<RightMargin HEIGHT="3614" HPOS="2222" VPOS="376" WIDTH="128">
</RightMargin>
<BottomMargin HEIGHT="206" HPOS="0" VPOS="3990" WIDTH="2350">
<TextBlock HEIGHT="63" HPOS="1163" ID="Page812_Block1" LANG="en-US" STYLEREFS="StyleId-384D7C3C-1A2E-4392-BD02-7C1EE7AC8BEC-" VPOS="4000" WIDTH="111">
<TextLine HEIGHT="51" HPOS="1169" VPOS="4006" WIDTH="99">
<String CONTENT="812" HEIGHT="51" HPOS="1169" VPOS="4006" WIDTH="99" />
</TextLine>
</TextBlock>
</BottomMargin>
<PrintSpace HEIGHT="3614" HPOS="212" VPOS="376" WIDTH="2010">
<TextBlock CS="1" HEIGHT="3614" HPOS="212" ID="Page812_Block2" LANG="en-US" STYLEREFS="StyleId-8219F1AC-A7E6-40CB-B4B7-9DA55908F42C-" VPOS="376" WIDTH="2010">
<TextLine CS="1" HEIGHT="50" HPOS="292" VPOS="453" WIDTH="1293">
<String CONTENT="2" HEIGHT="39" HPOS="292" VPOS="453" WIDTH="26" />
<SP HEIGHT="49" HPOS="319" VPOS="453" WIDTH="22" />
<String CONTENT="p." HEIGHT="36" HPOS="342" VPOS="466" WIDTH="42" />
<SP />
<String CONTENT="l.," CS="1" />
<SP />
<String CONTENT="9-441" HEIGHT="40" HPOS="486" VPOS="454" WIDTH="141" />
<SP HEIGHT="46" HPOS="628" VPOS="456" WIDTH="25" />
<String CONTENT="p." HEIGHT="36" HPOS="654" VPOS="466" WIDTH="43" />
<SP HEIGHT="39" HPOS="698" VPOS="455" WIDTH="54" />
<String CONTENT="Illus.," CS="1" HEIGHT="45" HPOS="791" VPOS="456" WIDTH="104" />
<SP HEIGHT="35" HPOS="896" VPOS="466" WIDTH="26" />
<String CONTENT="col." HEIGHT="39" HPOS="923" VPOS="456" WIDTH="83" />
<SP HEIGHT="37" HPOS="1007" VPOS="466" WIDTH="27" />
<String CONTENT="plates," HEIGHT="48" HPOS="1035" VPOS="455" WIDTH="169" />
<SP HEIGHT="45" HPOS="1205" VPOS="456" WIDTH="27" />
<String CONTENT="diagrs." HEIGHT="48" HPOS="1233" VPOS="455" WIDTH="177" />
<SP HEIGHT="39" HPOS="1411" VPOS="455" WIDTH="59" />
<String CONTENT="20" HEIGHT="39" HPOS="1471" VPOS="455" WIDTH="57" />
<String CONTENT="cm" HEIGHT="21" HPOS="1531" STYLE="superscript" VPOS="457" WIDTH="43" />
<String CONTENT="." HEIGHT="8" HPOS="1578" VPOS="486" WIDTH="7" />
</TextLine>
<TextLine CS="1" HEIGHT="51" HPOS="225" VPOS="519" WIDTH="1982">
<String CONTENT="&#169;" HEIGHT="51" HPOS="225" VPOS="519" WIDTH="51" />
<SP HEIGHT="51" HPOS="277" VPOS="519" WIDTH="31" />
<String CONTENT="June" HEIGHT="38" HPOS="309" VPOS="524" WIDTH="127" />
<SP HEIGHT="39" HPOS="437" VPOS="523" WIDTH="25" />
<String CONTENT="20," HEIGHT="46" HPOS="463" VPOS="522" WIDTH="68" />
<SP HEIGHT="45" HPOS="532" VPOS="523" WIDTH="31" />
<String CONTENT="1934;" CS="1" HEIGHT="40" HPOS="564" VPOS="522" WIDTH="112" />
<SP HEIGHT="46" HPOS="704" VPOS="522" WIDTH="32" />
<String CONTENT="2c." HEIGHT="40" HPOS="737" VPOS="522" WIDTH="66" />
<SP HEIGHT="38" HPOS="804" VPOS="523" WIDTH="31" />
<String CONTENT="June" HEIGHT="38" HPOS="836" VPOS="523" WIDTH="127" />
<SP HEIGHT="38" HPOS="964" VPOS="523" WIDTH="27" />
<String CONTENT="27:" CS="1" HEIGHT="38" HPOS="992" VPOS="523" WIDTH="55" />
<SP />
<String CONTENT="aff." CS="1" />
<SP />
<String CONTENT="June" HEIGHT="38" HPOS="1222" VPOS="523" WIDTH="125" />
<SP HEIGHT="37" HPOS="1348" VPOS="523" WIDTH="28" />
<String CONTENT="28;" CS="1" HEIGHT="39" HPOS="1377" VPOS="522" WIDTH="57" />
<SP HEIGHT="39" HPOS="1460" VPOS="523" WIDTH="33" />
<String CONTENT="A" HEIGHT="37" HPOS="1494" VPOS="523" WIDTH="40" />
<SP HEIGHT="38" HPOS="1535" VPOS="523" WIDTH="31" />
<String CONTENT="73240;" CS="1" HEIGHT="40" HPOS="1567" VPOS="522" WIDTH="143" />
<SP HEIGHT="45" HPOS="1734" VPOS="523" WIDTH="34" />
<String CONTENT="W." HEIGHT="38" HPOS="1769" VPOS="523" WIDTH="71" />
<SP HEIGHT="38" HPOS="1841" VPOS="523" WIDTH="33" />
<String CONTENT="B." HEIGHT="38" HPOS="1875" VPOS="523" WIDTH="51" />
<SP HEIGHT="40" HPOS="1927" VPOS="523" WIDTH="36" />
<String CONTENT="Saunders" HEIGHT="40" HPOS="1964" VPOS="523" WIDTH="243" />
</TextLine>
<TextLine HEIGHT="47" HPOS="292" VPOS="579" WIDTH="415">
<String CONTENT="&#1089;o." HEIGHT="30" HPOS="292" LANG="ru" VPOS="589" WIDTH="64" />
<SP HEIGHT="47" HPOS="357" VPOS="579" WIDTH="71" />
<String CONTENT="(34-18145)" HEIGHT="47" HPOS="429" LANG="en-US" VPOS="579" WIDTH="278" />
</TextLine>
<TextLine CS="1" HEIGHT="67" HPOS="245" STYLEREFS="StyleId-612CACE6-A34C-43D4-8952-BFD459BB6C61-" VPOS="696" WIDTH="650">
<String CONTENT="[Carr," CS="1" HEIGHT="64" HPOS="245" VPOS="699" WIDTH="162" />
<SP HEIGHT="66" HPOS="408" VPOS="697" WIDTH="27" />
<String CONTENT="John" HEIGHT="53" HPOS="436" VPOS="697" WIDTH="154" />
<SP HEIGHT="52" HPOS="591" VPOS="698" WIDTH="28" />
<String CONTENT="Dickson]" HEIGHT="67" HPOS="620" VPOS="696" WIDTH="275" />
</TextLine>
<TextLine CS="1" HEIGHT="69" HPOS="292" STYLEREFS="StyleId-FF9DC68E-D588-4B3B-9551-272B174E3A22-" VPOS="771" WIDTH="1911">
<String CONTENT="The" HEIGHT="51" HPOS="292" VPOS="773" WIDTH="119" />
<SP HEIGHT="52" HPOS="412" VPOS="773" WIDTH="36" />
<String CONTENT="Plague" HEIGHT="67" HPOS="449" VPOS="773" WIDTH="218" />
<SP HEIGHT="33" HPOS="668" VPOS="792" WIDTH="36" />
<String CONTENT="court" HEIGHT="46" HPOS="705" VPOS="780" WIDTH="159" />
<SP HEIGHT="46" HPOS="865" VPOS="780" WIDTH="35" />
<String CONTENT="murders," HEIGHT="65" HPOS="901" VPOS="774" WIDTH="274" />
<SP HEIGHT="67" HPOS="1176" VPOS="772" WIDTH="36" />
<String CONTENT="by" HEIGHT="68" HPOS="1213" VPOS="772" WIDTH="75" />
<SP HEIGHT="69" HPOS="1289" VPOS="771" WIDTH="39" />
<String CONTENT="Carter" HEIGHT="54" HPOS="1329" VPOS="771" WIDTH="201" />
<SP HEIGHT="52" HPOS="1531" VPOS="772" WIDTH="37" />
<String CONTENT="Dickson" HEIGHT="53" HPOS="1569" VPOS="771" WIDTH="250" />
<SP HEIGHT="47" HPOS="1820" VPOS="791" WIDTH="47" />
<String CONTENT="[pseud.]" HEIGHT="67" HPOS="1868" VPOS="773" WIDTH="229" />
<SP HEIGHT="34" HPOS="2098" VPOS="805" WIDTH="49" />
<String CONTENT="..." HEIGHT="11" HPOS="2148" VPOS="813" WIDTH="55" />
</TextLine>
<TextLine HEIGHT="67" HPOS="222" STYLEREFS="StyleId-FF9DC68E-D588-4B3B-9551-272B174E3A22-" VPOS="849" WIDTH="1376">
<String CONTENT="New" HEIGHT="54" HPOS="222" VPOS="849" WIDTH="139" />
<SP HEIGHT="51" HPOS="362" VPOS="851" WIDTH="25" />
<String CONTENT="York," HEIGHT="66" HPOS="388" VPOS="850" WIDTH="178" />
<SP HEIGHT="66" HPOS="567" VPOS="850" WIDTH="23" />
<String CONTENT="W." HEIGHT="53" HPOS="591" VPOS="850" WIDTH="89" />
<SP HEIGHT="52" HPOS="681" VPOS="851" WIDTH="27" />
<String CONTENT="Morrow" HEIGHT="52" HPOS="709" VPOS="851" WIDTH="250" />
<SP HEIGHT="34" HPOS="960" VPOS="869" WIDTH="26" />
<String CONTENT="and" HEIGHT="51" HPOS="987" VPOS="852" WIDTH="111" />
<SP HEIGHT="51" HPOS="1099" VPOS="852" WIDTH="27" />
<String CONTENT="company," HEIGHT="50" HPOS="1127" VPOS="866" WIDTH="294" />
<SP HEIGHT="63" HPOS="1422" VPOS="853" WIDTH="28" />
<String CONTENT="1934." HEIGHT="49" HPOS="1451" VPOS="852" WIDTH="147" />
</TextLine>
<TextLine CS="1" HEIGHT="49" HPOS="291" VPOS="922" WIDTH="561">
<String CONTENT="4" HEIGHT="39" HPOS="291" LANG="en-US" VPOS="923" WIDTH="28" />
<SP HEIGHT="48" HPOS="320" VPOS="923" WIDTH="25" />
<String CONTENT="p." HEIGHT="37" HPOS="346" LANG="fr" VPOS="934" WIDTH="43" />
<SP />
<String CONTENT="l.," CS="1" LANG="fr" />
<SP />
<String CONTENT="312" HEIGHT="40" HPOS="492" LANG="en-US" VPOS="923" WIDTH="85" />
<SP HEIGHT="48" HPOS="578" VPOS="923" WIDTH="25" />
<String CONTENT="p." HEIGHT="37" HPOS="604" LANG="en-US" VPOS="934" WIDTH="44" />
<SP HEIGHT="39" HPOS="649" VPOS="924" WIDTH="58" />
<String CONTENT="19&#189;" CS="1" HEIGHT="41" HPOS="708" LANG="en-US" VPOS="922" WIDTH="55" />
<String CONTENT="cm" HEIGHT="22" HPOS="797" LANG="en-US" STYLE="superscript" VPOS="925" WIDTH="44" />
<String CONTENT="." HEIGHT="9" HPOS="844" LANG="en-US" VPOS="955" WIDTH="8" />
</TextLine>
<TextLine CS="1" HEIGHT="108" HPOS="228" VPOS="992" WIDTH="1965">
<String CONTENT="&#169;" HEIGHT="51" HPOS="228" VPOS="992" WIDTH="50" />
<SP HEIGHT="51" HPOS="279" VPOS="992" WIDTH="27" />
<String CONTENT="May" HEIGHT="45" HPOS="307" VPOS="998" WIDTH="113" />
<SP HEIGHT="46" HPOS="421" VPOS="997" WIDTH="24" />
<String CONTENT="23." HEIGHT="39" HPOS="446" VPOS="997" WIDTH="67" />
<SP HEIGHT="37" HPOS="514" VPOS="998" WIDTH="28" />
<String CONTENT="1934;" HEIGHT="46" HPOS="543" VPOS="996" WIDTH="139" />
<SP HEIGHT="45" HPOS="683" VPOS="997" WIDTH="28" />
<String CONTENT="2c." HEIGHT="39" HPOS="712" VPOS="997" WIDTH="65" />
<SP HEIGHT="38" HPOS="778" VPOS="998" WIDTH="30" />
<String CONTENT="June" HEIGHT="38" HPOS="809" VPOS="998" WIDTH="125" />
<SP HEIGHT="38" HPOS="935" VPOS="997" WIDTH="24" />
<String CONTENT="12;" HEIGHT="46" HPOS="960" VPOS="996" WIDTH="81" />
<SP HEIGHT="36" HPOS="1042" VPOS="1006" WIDTH="30" />
<String CONTENT="aff." HEIGHT="41" HPOS="1073" VPOS="995" WIDTH="80" />
<SP HEIGHT="40" HPOS="1154" VPOS="996" WIDTH="27" />
<String CONTENT="June" HEIGHT="39" HPOS="1182" VPOS="996" WIDTH="126" />
<SP HEIGHT="39" HPOS="1309" VPOS="996" WIDTH="25" />
<String CONTENT="29;" HEIGHT="46" HPOS="1335" VPOS="995" WIDTH="81" />
<SP HEIGHT="45" HPOS="1417" VPOS="996" WIDTH="29" />
<String CONTENT="A" HEIGHT="38" HPOS="1447" VPOS="996" WIDTH="41" />
<SP HEIGHT="39" HPOS="1489" VPOS="996" WIDTH="26" />
<String CONTENT="74068;" HEIGHT="41" HPOS="1516" VPOS="996" WIDTH="168" />
<SP HEIGHT="40" HPOS="1685" VPOS="997" WIDTH="30" />
<String CONTENT="J." HEIGHT="39" HPOS="1716" LANG="fr" VPOS="997" WIDTH="43" />
<SP HEIGHT="39" HPOS="1760" VPOS="997" WIDTH="27" />
<String CONTENT="D." HEIGHT="38" HPOS="1788" VPOS="997" WIDTH="55" />
<SP HEIGHT="40" HPOS="1844" VPOS="996" WIDTH="30" />
<String CONTENT="Carr," HEIGHT="47" HPOS="1875" VPOS="996" WIDTH="134" />
<SP HEIGHT="47" HPOS="2010" VPOS="996" WIDTH="27" />
<String CONTENT="Kingswood," HEIGHT="103" HPOS="293" VPOS="996" WIDTH="1900" />
<SP HEIGHT="45" HPOS="442" VPOS="1054" WIDTH="31" />
<String CONTENT="Bristol," HEIGHT="46" HPOS="474" VPOS="1053" WIDTH="195" />
<SP HEIGHT="45" HPOS="670" VPOS="1054" WIDTH="32" />
<String CONTENT="England." HEIGHT="46" HPOS="703" VPOS="1054" WIDTH="233" />
<SP HEIGHT="47" HPOS="937" VPOS="1053" WIDTH="73" />
<String CONTENT="(34-17978)" CS="1" HEIGHT="48" HPOS="1011" VPOS="1052" WIDTH="277" />
</TextLine>
<TextLine HEIGHT="68" HPOS="222" STYLEREFS="StyleId-612CACE6-A34C-43D4-8952-BFD459BB6C61-" VPOS="1166" WIDTH="799">
<String CONTENT="Chapman," HEIGHT="67" HPOS="222" VPOS="1166" WIDTH="321" />
<SP HEIGHT="63" HPOS="544" VPOS="1170" WIDTH="32" />
<String CONTENT="Joseph," HEIGHT="64" HPOS="577" VPOS="1170" WIDTH="238" />
<SP HEIGHT="61" HPOS="816" VPOS="1173" WIDTH="34" />
<String CONTENT="1881-" HEIGHT="50" HPOS="851" VPOS="1172" WIDTH="170" />
</TextLine>
<TextLine CS="1" HEIGHT="145" HPOS="225" STYLEREFS="StyleId-FF9DC68E-D588-4B3B-9551-272B174E3A22-" VPOS="1245" WIDTH="1957">
<String CONTENT="Uncle" HEIGHT="54" HPOS="294" VPOS="1246" WIDTH="178" />
<SP HEIGHT="54" HPOS="473" VPOS="1248" WIDTH="24" />
<String CONTENT="Jed," HEIGHT="65" HPOS="498" VPOS="1248" WIDTH="126" />
<SP HEIGHT="47" HPOS="625" VPOS="1266" WIDTH="26" />
<String CONTENT="caddie-master," HEIGHT="66" HPOS="652" VPOS="1247" WIDTH="449" />
<SP HEIGHT="67" HPOS="1102" VPOS="1246" WIDTH="22" />
<String CONTENT="by" HEIGHT="67" HPOS="1125" VPOS="1246" WIDTH="75" />
<SP HEIGHT="66" HPOS="1201" VPOS="1247" WIDTH="23" />
<String CONTENT="Joe" HEIGHT="53" HPOS="1225" VPOS="1247" WIDTH="106" />
<SP HEIGHT="55" HPOS="1332" VPOS="1246" WIDTH="24" />
<String CONTENT="Chronicles" HEIGHT="56" HPOS="1357" VPOS="1245" WIDTH="326" />
<SP HEIGHT="45" HPOS="1684" VPOS="1268" WIDTH="33" />
<String CONTENT="[pseud.]" CS="1" HEIGHT="65" HPOS="1735" VPOS="1248" WIDTH="211" />
<SP HEIGHT="64" HPOS="1947" VPOS="1249" WIDTH="65" />
<String CONTENT="Philadelphia," HEIGHT="144" HPOS="225" VPOS="1246" WIDTH="1957" />
</TextLine>
<TextLine CS="1" HEIGHT="66" HPOS="499" STYLEREFS="StyleId-FF9DC68E-D588-4B3B-9551-272B174E3A22-" VPOS="1325" WIDTH="733">
<String CONTENT="Pa.," HEIGHT="63" HPOS="499" VPOS="1326" WIDTH="118" />
<SP HEIGHT="63" HPOS="618" VPOS="1326" WIDTH="25" />
<String CONTENT="J." HEIGHT="53" HPOS="644" VPOS="1326" WIDTH="54" />
<SP HEIGHT="54" HPOS="699" VPOS="1325" WIDTH="31" />
<String CONTENT="Chapman" HEIGHT="66" HPOS="731" VPOS="1325" WIDTH="298" />
<SP HEIGHT="43" HPOS="1030" VPOS="1346" WIDTH="30" />
<String CONTENT="[" CS="1" />
<String CONTENT="c" HEIGHT="20" HPOS="1079" STYLE="superscript" VPOS="1331" WIDTH="17" />
<String CONTENT="1934]" CS="1" HEIGHT="48" HPOS="1101" VPOS="1328" WIDTH="131" />
</TextLine>
<TextLine CS="1" HEIGHT="48" HPOS="297" STYLEREFS="StyleId-FF9DC68E-D588-4B3B-9551-272B174E3A22-" VPOS="1396" WIDTH="887">
<String CONTENT="229" HEIGHT="40" HPOS="297" VPOS="1396" WIDTH="85" />
<SP HEIGHT="46" HPOS="383" VPOS="1396" WIDTH="25" />
<String CONTENT="p." HEIGHT="36" HPOS="409" VPOS="1406" WIDTH="42" />
<SP HEIGHT="40" HPOS="452" VPOS="1397" WIDTH="25" />
<String CONTENT="incl." HEIGHT="39" HPOS="478" VPOS="1397" WIDTH="108" />
<SP HEIGHT="40" HPOS="587" VPOS="1396" WIDTH="24" />
<String CONTENT="front.," HEIGHT="48" HPOS="612" VPOS="1396" WIDTH="162" />
<SP HEIGHT="46" HPOS="775" VPOS="1398" WIDTH="26" />
<String CONTENT="1" HEIGHT="38" HPOS="802" VPOS="1398" WIDTH="24" />
<SP HEIGHT="38" HPOS="827" VPOS="1398" WIDTH="25" />
<String CONTENT="illus." HEIGHT="40" HPOS="853" VPOS="1397" WIDTH="127" />
<SP HEIGHT="40" HPOS="981" VPOS="1397" WIDTH="59" />
<String CONTENT="20&#189;" CS="1" HEIGHT="40" HPOS="1041" VPOS="1396" WIDTH="55" />
<String CONTENT="cm" HEIGHT="21" HPOS="1128" STYLE="superscript" VPOS="1398" WIDTH="43" />
<String CONTENT="." HEIGHT="7" HPOS="1177" VPOS="1429" WIDTH="7" />
</TextLine>
<TextLine CS="1" HEIGHT="108" HPOS="229" VPOS="1464" WIDTH="1662">
<String CONTENT="&#169;" HEIGHT="51" HPOS="229" VPOS="1464" WIDTH="51" />
<SP HEIGHT="51" HPOS="281" VPOS="1464" WIDTH="23" />
<String CONTENT="June" HEIGHT="38" HPOS="305" VPOS="1469" WIDTH="126" />
<SP HEIGHT="39" HPOS="432" VPOS="1468" WIDTH="20" />
<String CONTENT="15." HEIGHT="40" HPOS="453" VPOS="1468" WIDTH="68" />
<SP HEIGHT="39" HPOS="522" VPOS="1469" WIDTH="24" />
<String CONTENT="1934;" HEIGHT="46" HPOS="547" VPOS="1468" WIDTH="139" />
<SP HEIGHT="46" HPOS="687" VPOS="1468" WIDTH="26" />
<String CONTENT="2c." HEIGHT="39" HPOS="714" VPOS="1468" WIDTH="66" />
<SP HEIGHT="28" HPOS="781" VPOS="1479" WIDTH="25" />
<String CONTENT="and" HEIGHT="38" HPOS="807" VPOS="1469" WIDTH="94" />
<SP />
<String CONTENT="aff." CS="1" />
<SP />
<String CONTENT="June" HEIGHT="38" HPOS="1035" VPOS="1469" WIDTH="126" />
<SP HEIGHT="38" HPOS="1162" VPOS="1468" WIDTH="21" />
<String CONTENT="27:" CS="1" HEIGHT="39" HPOS="1184" VPOS="1468" WIDTH="55" />
<SP HEIGHT="39" HPOS="1267" VPOS="1468" WIDTH="26" />
<String CONTENT="A" HEIGHT="38" HPOS="1294" VPOS="1468" WIDTH="40" />
<SP HEIGHT="39" HPOS="1335" VPOS="1468" WIDTH="25" />
<String CONTENT="74015;" CS="1" HEIGHT="39" HPOS="1361" VPOS="1468" WIDTH="142" />
<SP HEIGHT="44" HPOS="1530" VPOS="1469" WIDTH="29" />
<String CONTENT="J." HEIGHT="38" HPOS="1560" VPOS="1469" WIDTH="42" />
<SP HEIGHT="40" HPOS="1603" VPOS="1468" WIDTH="26" />
<String CONTENT="Chapman." HEIGHT="47" HPOS="1630" VPOS="1468" WIDTH="261" />
<SP />
<String CONTENT="(34-18192)" HEIGHT="47" HPOS="309" VPOS="1525" WIDTH="277" />
</TextLine>
<TextLine CS="1" HEIGHT="67" HPOS="225" STYLEREFS="StyleId-CF4014EC-94EA-419E-879B-2C55E35F1EE7-" VPOS="1641" WIDTH="1845">
<String CONTENT="Chicago." HEIGHT="65" HPOS="225" VPOS="1641" WIDTH="271" />
<SP HEIGHT="53" HPOS="497" VPOS="1643" WIDTH="78" />
<String CONTENT="University." HEIGHT="63" HPOS="576" VPOS="1642" WIDTH="365" />
<SP HEIGHT="51" HPOS="942" VPOS="1645" WIDTH="76" />
<String CONTENT="Social" HEIGHT="54" HPOS="1019" VPOS="1642" WIDTH="191" />
<SP HEIGHT="51" HPOS="1211" VPOS="1643" WIDTH="35" />
<String CONTENT="science" HEIGHT="52" HPOS="1247" VPOS="1642" WIDTH="209" />
<SP HEIGHT="35" HPOS="1457" VPOS="1659" WIDTH="37" />
<String CONTENT="survey" HEIGHT="48" HPOS="1495" VPOS="1660" WIDTH="204" />
<SP HEIGHT="49" HPOS="1700" VPOS="1659" WIDTH="38" />
<String CONTENT="committee." HEIGHT="54" HPOS="1739" VPOS="1641" WIDTH="331" />
</TextLine>
<TextLine HEIGHT="69" HPOS="298" STYLEREFS="StyleId-CF4014EC-94EA-419E-879B-2C55E35F1EE7-" VPOS="1718" WIDTH="1912">
<String CONTENT="Rotary?" HEIGHT="67" HPOS="298" VPOS="1720" WIDTH="250" />
<SP HEIGHT="53" HPOS="549" VPOS="1720" WIDTH="77" />
<String CONTENT="A" HEIGHT="52" HPOS="627" VPOS="1721" WIDTH="55" />
<SP HEIGHT="52" HPOS="683" VPOS="1721" WIDTH="36" />
<String CONTENT="university" HEIGHT="68" HPOS="720" VPOS="1719" WIDTH="315" />
<SP HEIGHT="50" HPOS="1036" VPOS="1737" WIDTH="37" />
<String CONTENT="group" HEIGHT="50" HPOS="1074" VPOS="1737" WIDTH="182" />
<SP HEIGHT="67" HPOS="1257" VPOS="1720" WIDTH="37" />
<String CONTENT="looks" HEIGHT="52" HPOS="1295" VPOS="1720" WIDTH="157" />
<SP HEIGHT="33" HPOS="1453" VPOS="1739" WIDTH="42" />
<String CONTENT="at" HEIGHT="46" HPOS="1496" VPOS="1725" WIDTH="58" />
<SP HEIGHT="47" HPOS="1555" VPOS="1725" WIDTH="36" />
<String CONTENT="the" HEIGHT="51" HPOS="1592" VPOS="1721" WIDTH="95" />
<SP HEIGHT="52" HPOS="1688" VPOS="1719" WIDTH="35" />
<String CONTENT="Rotary" HEIGHT="67" HPOS="1724" VPOS="1719" WIDTH="219" />
<SP HEIGHT="48" HPOS="1944" VPOS="1738" WIDTH="38" />
<String CONTENT="club" HEIGHT="53" HPOS="1983" VPOS="1719" WIDTH="125" />
<SP HEIGHT="52" HPOS="2109" VPOS="1719" WIDTH="38" />
<String CONTENT="of" HEIGHT="53" HPOS="2148" VPOS="1718" WIDTH="62" />
</TextLine>
<TextLine HEIGHT="70" HPOS="230" STYLEREFS="StyleId-CF4014EC-94EA-419E-879B-2C55E35F1EE7-" VPOS="1796" WIDTH="1979">
<String CONTENT="Chicago." HEIGHT="70" HPOS="230" VPOS="1796" WIDTH="263" />
<SP HEIGHT="51" HPOS="494" VPOS="1798" WIDTH="76" />
<String CONTENT="At" HEIGHT="51" HPOS="571" VPOS="1798" WIDTH="79" />
<SP HEIGHT="46" HPOS="651" VPOS="1804" WIDTH="47" />
<String CONTENT="the" HEIGHT="52" HPOS="699" VPOS="1798" WIDTH="94" />
<SP HEIGHT="52" HPOS="794" VPOS="1798" WIDTH="47" />
<String CONTENT="instance" HEIGHT="52" HPOS="842" VPOS="1798" WIDTH="251" />
<SP HEIGHT="35" HPOS="1094" VPOS="1816" WIDTH="45" />
<String CONTENT="of" HEIGHT="55" HPOS="1140" VPOS="1796" WIDTH="61" />
<SP HEIGHT="53" HPOS="1202" VPOS="1796" WIDTH="46" />
<String CONTENT="the" HEIGHT="52" HPOS="1249" VPOS="1798" WIDTH="96" />
<SP HEIGHT="35" HPOS="1346" VPOS="1815" WIDTH="43" />
<String CONTENT="oldest" HEIGHT="52" HPOS="1390" VPOS="1798" WIDTH="180" />
<SP HEIGHT="47" HPOS="1571" VPOS="1803" WIDTH="44" />
<String CONTENT="club" HEIGHT="52" HPOS="1616" VPOS="1798" WIDTH="124" />
<SP HEIGHT="53" HPOS="1741" VPOS="1797" WIDTH="48" />
<String CONTENT="in" HEIGHT="53" HPOS="1790" VPOS="1797" WIDTH="56" />
<SP HEIGHT="52" HPOS="1847" VPOS="1798" WIDTH="48" />
<String CONTENT="Rotary," HEIGHT="66" HPOS="1896" VPOS="1798" WIDTH="236" />
<SP HEIGHT="47" HPOS="2133" VPOS="1817" WIDTH="45" />
<String CONTENT="a" HEIGHT="33" HPOS="2179" VPOS="1817" WIDTH="30" />
</TextLine>
<TextLine HEIGHT="68" HPOS="228" STYLEREFS="StyleId-CF4014EC-94EA-419E-879B-2C55E35F1EE7-" VPOS="1874" WIDTH="1981">
<String CONTENT="committee" HEIGHT="53" HPOS="228" VPOS="1875" WIDTH="317" />
<SP HEIGHT="34" HPOS="546" VPOS="1894" WIDTH="31" />
<String CONTENT="of" HEIGHT="52" HPOS="578" VPOS="1875" WIDTH="62" />
<SP HEIGHT="53" HPOS="641" VPOS="1875" WIDTH="30" />
<String CONTENT="social" HEIGHT="52" HPOS="672" VPOS="1876" WIDTH="170" />
<SP HEIGHT="52" HPOS="843" VPOS="1876" WIDTH="33" />
<String CONTENT="scientists" HEIGHT="54" HPOS="877" VPOS="1874" WIDTH="278" />
<SP HEIGHT="52" HPOS="1156" VPOS="1876" WIDTH="32" />
<String CONTENT="from" HEIGHT="52" HPOS="1189" VPOS="1876" WIDTH="150" />
<SP HEIGHT="47" HPOS="1340" VPOS="1881" WIDTH="31" />
<String CONTENT="the" HEIGHT="52" HPOS="1372" VPOS="1876" WIDTH="96" />
<SP HEIGHT="53" HPOS="1469" VPOS="1877" WIDTH="27" />
<String CONTENT="University" HEIGHT="67" HPOS="1497" VPOS="1875" WIDTH="337" />
<SP HEIGHT="49" HPOS="1835" VPOS="1893" WIDTH="28" />
<String CONTENT="of" HEIGHT="53" HPOS="1864" VPOS="1874" WIDTH="63" />
<SP HEIGHT="54" HPOS="1928" VPOS="1874" WIDTH="31" />
<String CONTENT="Chicago" HEIGHT="68" HPOS="1960" VPOS="1874" WIDTH="249" />
</TextLine>
<TextLine CS="1" HEIGHT="68" HPOS="229" STYLEREFS="StyleId-CF4014EC-94EA-419E-879B-2C55E35F1EE7-" VPOS="1952" WIDTH="1980">
<String CONTENT="reports" HEIGHT="62" HPOS="229" VPOS="1958" WIDTH="218" />
<SP HEIGHT="52" HPOS="448" VPOS="1954" WIDTH="22" />
<String CONTENT="herewith" HEIGHT="53" HPOS="471" VPOS="1953" WIDTH="274" />
<SP HEIGHT="50" HPOS="746" VPOS="1956" WIDTH="24" />
<String CONTENT="an" HEIGHT="33" HPOS="771" VPOS="1972" WIDTH="70" />
<SP HEIGHT="53" HPOS="842" VPOS="1952" WIDTH="23" />
<String CONTENT="inquiry" CS="1" HEIGHT="68" HPOS="866" VPOS="1952" WIDTH="189" />
<SP HEIGHT="50" HPOS="1095" VPOS="1952" WIDTH="26" />
<String CONTENT="into" HEIGHT="53" HPOS="1122" VPOS="1952" WIDTH="118" />
<SP HEIGHT="47" HPOS="1241" VPOS="1958" WIDTH="22" />
<String CONTENT="the" HEIGHT="51" HPOS="1264" VPOS="1954" WIDTH="96" />
<SP HEIGHT="51" HPOS="1361" VPOS="1954" WIDTH="21" />
<String CONTENT="history," HEIGHT="68" HPOS="1383" VPOS="1952" WIDTH="238" />
<SP HEIGHT="48" HPOS="1622" VPOS="1972" WIDTH="23" />
<String CONTENT="achievements," HEIGHT="66" HPOS="1646" VPOS="1952" WIDTH="425" />
<SP HEIGHT="46" HPOS="2072" VPOS="1972" WIDTH="26" />
<String CONTENT="and" HEIGHT="51" HPOS="2099" VPOS="1955" WIDTH="110" />
</TextLine>
<TextLine HEIGHT="69" HPOS="231" STYLEREFS="StyleId-CF4014EC-94EA-419E-879B-2C55E35F1EE7-" VPOS="2029" WIDTH="1980">
<String CONTENT="possibilities" HEIGHT="68" HPOS="231" VPOS="2030" WIDTH="363" />
<SP HEIGHT="34" HPOS="595" VPOS="2049" WIDTH="44" />
<String CONTENT="of" HEIGHT="52" HPOS="640" VPOS="2030" WIDTH="63" />
<SP HEIGHT="52" HPOS="704" VPOS="2030" WIDTH="42" />
<String CONTENT="that" HEIGHT="50" HPOS="747" VPOS="2032" WIDTH="126" />
<SP HEIGHT="47" HPOS="874" VPOS="2036" WIDTH="42" />
<String CONTENT="club." HEIGHT="53" HPOS="917" VPOS="2030" WIDTH="141" />
<SP HEIGHT="54" HPOS="1059" VPOS="2030" WIDTH="77" />
<String CONTENT="Chicago," HEIGHT="68" HPOS="1137" VPOS="2030" WIDTH="265" />
<SP HEIGHT="64" HPOS="1403" VPOS="2032" WIDTH="44" />
<String CONTENT="Ill.," HEIGHT="65" HPOS="1448" VPOS="2031" WIDTH="111" />
<SP HEIGHT="63" HPOS="1560" VPOS="2033" WIDTH="45" />
<String CONTENT="The" HEIGHT="51" HPOS="1606" VPOS="2032" WIDTH="120" />
<SP HEIGHT="53" HPOS="1727" VPOS="2031" WIDTH="42" />
<String CONTENT="University" HEIGHT="67" HPOS="1770" VPOS="2030" WIDTH="334" />
<SP HEIGHT="48" HPOS="2105" VPOS="2049" WIDTH="43" />
<String CONTENT="of" HEIGHT="54" HPOS="2149" VPOS="2029" WIDTH="62" />
</TextLine>
<TextLine CS="1" HEIGHT="69" HPOS="230" STYLEREFS="StyleId-CF4014EC-94EA-419E-879B-2C55E35F1EE7-" VPOS="2107" WIDTH="656">
<String CONTENT="Chicago" HEIGHT="69" HPOS="230" VPOS="2107" WIDTH="250" />
<SP HEIGHT="48" HPOS="481" VPOS="2127" WIDTH="28" />
<String CONTENT="press" HEIGHT="48" HPOS="510" VPOS="2127" WIDTH="153" />
<SP HEIGHT="47" HPOS="664" VPOS="2128" WIDTH="32" />
<String CONTENT="[" CS="1" />
<String CONTENT="c" HEIGHT="20" HPOS="715" STYLE="superscript" VPOS="2115" WIDTH="17" />
<String CONTENT="1934]" HEIGHT="63" HPOS="736" VPOS="2112" WIDTH="150" />
</TextLine>
<TextLine CS="1" HEIGHT="49" HPOS="304" VPOS="2180" WIDTH="1689">
<String CONTENT="xxii," HEIGHT="47" HPOS="304" VPOS="2181" WIDTH="118" />
<SP HEIGHT="48" HPOS="423" VPOS="2180" WIDTH="28" />
<String CONTENT="293" HEIGHT="41" HPOS="452" VPOS="2180" WIDTH="83" />
<SP HEIGHT="47" HPOS="536" VPOS="2181" WIDTH="28" />
<String CONTENT="p." HEIGHT="37" HPOS="565" VPOS="2191" WIDTH="43" />
<SP HEIGHT="41" HPOS="609" VPOS="2180" WIDTH="56" />
<String CONTENT="front," HEIGHT="42" HPOS="666" VPOS="2180" WIDTH="148" />
<SP HEIGHT="48" HPOS="815" VPOS="2180" WIDTH="29" />
<String CONTENT="(port.)" HEIGHT="49" HPOS="845" VPOS="2180" WIDTH="170" />
<SP HEIGHT="49" HPOS="1016" VPOS="2180" WIDTH="39" />
<String CONTENT="illus.," HEIGHT="48" HPOS="1056" VPOS="2180" WIDTH="140" />
<SP HEIGHT="47" HPOS="1197" VPOS="2181" WIDTH="31" />
<String CONTENT="double" HEIGHT="40" HPOS="1229" VPOS="2180" WIDTH="172" />
<SP HEIGHT="29" HPOS="1402" VPOS="2191" WIDTH="27" />
<String CONTENT="maps," HEIGHT="38" HPOS="1430" VPOS="2190" WIDTH="149" />
<SP HEIGHT="46" HPOS="1580" VPOS="2182" WIDTH="31" />
<String CONTENT="diagrs." HEIGHT="48" HPOS="1612" VPOS="2180" WIDTH="177" />
<SP HEIGHT="38" HPOS="1790" VPOS="2181" WIDTH="59" />
<String CONTENT="23&#189;" CS="1" HEIGHT="39" HPOS="1850" VPOS="2181" WIDTH="54" />
<String CONTENT="cm" HEIGHT="21" HPOS="1936" STYLE="superscript" VPOS="2182" WIDTH="44" />
<String CONTENT="." HEIGHT="7" HPOS="1985" VPOS="2213" WIDTH="8" />
</TextLine>
<TextLine HEIGHT="48" HPOS="302" VPOS="2236" WIDTH="1911">
<String CONTENT="Louis" HEIGHT="41" HPOS="302" VPOS="2236" WIDTH="145" />
<SP HEIGHT="39" HPOS="448" VPOS="2238" WIDTH="25" />
<String CONTENT="Brownlow," HEIGHT="46" HPOS="474" VPOS="2238" WIDTH="285" />
<SP HEIGHT="36" HPOS="760" VPOS="2248" WIDTH="27" />
<String CONTENT="chairman," HEIGHT="47" HPOS="788" VPOS="2236" WIDTH="264" />
<SP HEIGHT="46" HPOS="1053" VPOS="2237" WIDTH="29" />
<String CONTENT="Frederick" HEIGHT="40" HPOS="1083" VPOS="2237" WIDTH="258" />
<SP HEIGHT="39" HPOS="1342" VPOS="2237" WIDTH="27" />
<String CONTENT="L." HEIGHT="40" HPOS="1370" VPOS="2237" WIDTH="50" />
<SP HEIGHT="41" HPOS="1421" VPOS="2237" WIDTH="32" />
<String CONTENT="Schuman," HEIGHT="47" HPOS="1454" LANG="fr" VPOS="2237" WIDTH="254" />
<SP HEIGHT="36" HPOS="1709" VPOS="2248" WIDTH="29" />
<String CONTENT="research" HEIGHT="39" HPOS="1739" VPOS="2237" WIDTH="223" />
<SP HEIGHT="40" HPOS="1963" VPOS="2237" WIDTH="27" />
<String CONTENT="director," HEIGHT="47" HPOS="1991" VPOS="2237" WIDTH="222" />
</TextLine>
<TextLine HEIGHT="50" HPOS="236" VPOS="2293" WIDTH="1976">
<String CONTENT="Social" HEIGHT="40" HPOS="236" VPOS="2293" WIDTH="158" />
<SP HEIGHT="39" HPOS="395" VPOS="2294" WIDTH="50" />
<String CONTENT="science" HEIGHT="40" HPOS="446" VPOS="2293" WIDTH="186" />
<SP HEIGHT="30" HPOS="633" VPOS="2304" WIDTH="50" />
<String CONTENT="survey" HEIGHT="37" HPOS="684" VPOS="2303" WIDTH="172" />
<SP HEIGHT="36" HPOS="857" VPOS="2304" WIDTH="55" />
<String CONTENT="committee" HEIGHT="40" HPOS="913" VPOS="2293" WIDTH="271" />
<SP HEIGHT="38" HPOS="1185" VPOS="2294" WIDTH="52" />
<String CONTENT="from" HEIGHT="39" HPOS="1238" VPOS="2294" WIDTH="126" />
<SP HEIGHT="37" HPOS="1365" VPOS="2296" WIDTH="53" />
<String CONTENT="the" HEIGHT="39" HPOS="1419" VPOS="2294" WIDTH="81" />
<SP HEIGHT="40" HPOS="1501" VPOS="2294" WIDTH="53" />
<String CONTENT="University" HEIGHT="47" HPOS="1555" VPOS="2293" WIDTH="278" />
<SP HEIGHT="36" HPOS="1834" VPOS="2304" WIDTH="51" />
<String CONTENT="of" HEIGHT="40" HPOS="1886" VPOS="2293" WIDTH="53" />
<SP HEIGHT="42" HPOS="1940" VPOS="2293" WIDTH="51" />
<String CONTENT="Chicago." HEIGHT="49" HPOS="1992" VPOS="2294" WIDTH="220" />
</TextLine>
<TextLine HEIGHT="49" HPOS="233" VPOS="2348" WIDTH="271">
<String CONTENT="cf." HEIGHT="48" HPOS="233" VPOS="2348" WIDTH="60" />
<SP HEIGHT="37" HPOS="294" VPOS="2360" WIDTH="24" />
<String CONTENT="p." HEIGHT="37" HPOS="319" VPOS="2360" WIDTH="42" />
<SP HEIGHT="29" HPOS="362" VPOS="2361" WIDTH="24" />
<String CONTENT="xxii." HEIGHT="42" HPOS="387" VPOS="2349" WIDTH="117" />
</TextLine>
<TextLine CS="1" HEIGHT="52" HPOS="233" VPOS="2417" WIDTH="1980">
<String CONTENT="&#169;" HEIGHT="50" HPOS="233" VPOS="2417" WIDTH="51" />
<SP HEIGHT="50" HPOS="285" VPOS="2417" WIDTH="26" />
<String CONTENT="June" HEIGHT="39" HPOS="312" VPOS="2421" WIDTH="125" />
<SP HEIGHT="39" HPOS="438" VPOS="2421" WIDTH="22" />
<String CONTENT="14." HEIGHT="40" HPOS="461" VPOS="2421" WIDTH="67" />
<SP HEIGHT="39" HPOS="529" VPOS="2422" WIDTH="25" />
<String CONTENT="1934;" CS="1" HEIGHT="40" HPOS="555" VPOS="2420" WIDTH="113" />
<SP HEIGHT="40" HPOS="695" VPOS="2421" WIDTH="25" />
<String CONTENT="2c." HEIGHT="39" HPOS="721" VPOS="2421" WIDTH="67" />
<SP HEIGHT="29" HPOS="789" VPOS="2431" WIDTH="25" />
<String CONTENT="and" HEIGHT="38" HPOS="815" VPOS="2422" WIDTH="94" />
<SP />
<String CONTENT="aff." CS="1" />
<SP />
<String CONTENT="June" HEIGHT="38" HPOS="1044" VPOS="2422" WIDTH="126" />
<SP HEIGHT="39" HPOS="1171" VPOS="2421" WIDTH="21" />
<String CONTENT="15;" HEIGHT="46" HPOS="1193" VPOS="2421" WIDTH="81" />
<SP HEIGHT="46" HPOS="1275" VPOS="2421" WIDTH="27" />
<String CONTENT="A" HEIGHT="38" HPOS="1303" VPOS="2421" WIDTH="41" />
<SP HEIGHT="39" HPOS="1345" VPOS="2421" WIDTH="24" />
<String CONTENT="72817;" CS="1" HEIGHT="39" HPOS="1370" VPOS="2421" WIDTH="142" />
<SP HEIGHT="46" HPOS="1538" VPOS="2421" WIDTH="29" />
<String CONTENT="Rotary" HEIGHT="47" HPOS="1568" VPOS="2421" WIDTH="186" />
<SP HEIGHT="36" HPOS="1755" VPOS="2432" WIDTH="24" />
<String CONTENT="club" HEIGHT="39" HPOS="1780" VPOS="2422" WIDTH="106" />
<SP HEIGHT="40" HPOS="1887" VPOS="2422" WIDTH="24" />
<String CONTENT="of" HEIGHT="40" HPOS="1912" VPOS="2422" WIDTH="52" />
<SP HEIGHT="40" HPOS="1965" VPOS="2422" WIDTH="26" />
<String CONTENT="Chicago," HEIGHT="48" HPOS="1992" VPOS="2421" WIDTH="221" />
</TextLine>
<TextLine HEIGHT="47" HPOS="300" VPOS="2477" WIDTH="570">
<String CONTENT="Chicago." HEIGHT="47" HPOS="300" VPOS="2477" WIDTH="221" />
<SP HEIGHT="47" HPOS="522" VPOS="2477" WIDTH="70" />
<String CONTENT="(34-17994)" HEIGHT="47" HPOS="593" VPOS="2477" WIDTH="277" />
</TextLine>
<TextLine HEIGHT="66" HPOS="228" STYLEREFS="StyleId-612CACE6-A34C-43D4-8952-BFD459BB6C61-" VPOS="2593" WIDTH="527">
<String CONTENT="Clarke," HEIGHT="66" HPOS="228" VPOS="2593" WIDTH="227" />
<SP HEIGHT="63" HPOS="456" VPOS="2596" WIDTH="29" />
<String CONTENT="Mary" HEIGHT="62" HPOS="486" VPOS="2596" WIDTH="171" />
<SP HEIGHT="64" HPOS="658" VPOS="2594" WIDTH="25" />
<String CONTENT="A." HEIGHT="57" HPOS="684" VPOS="2594" WIDTH="71" />
</TextLine>
<TextLine CS="1" HEIGHT="70" HPOS="300" STYLEREFS="StyleId-FF9DC68E-D588-4B3B-9551-272B174E3A22-" VPOS="2670" WIDTH="1911">
<String CONTENT="Memories" HEIGHT="55" HPOS="300" VPOS="2670" WIDTH="299" />
<SP HEIGHT="35" HPOS="600" VPOS="2690" WIDTH="40" />
<String CONTENT="of" HEIGHT="53" HPOS="641" VPOS="2671" WIDTH="62" />
<SP HEIGHT="53" HPOS="704" VPOS="2671" WIDTH="39" />
<String CONTENT="Jane" HEIGHT="53" HPOS="744" VPOS="2671" WIDTH="149" />
<SP HEIGHT="52" HPOS="894" VPOS="2671" WIDTH="39" />
<String CONTENT="A." HEIGHT="51" HPOS="934" VPOS="2671" WIDTH="70" />
<SP HEIGHT="50" HPOS="1005" VPOS="2672" WIDTH="41" />
<String CONTENT="Delano" HEIGHT="52" HPOS="1047" VPOS="2672" WIDTH="218" />
<SP HEIGHT="47" HPOS="1266" VPOS="2691" WIDTH="48" />
<String CONTENT="[by]" HEIGHT="68" HPOS="1315" VPOS="2672" WIDTH="107" />
<SP HEIGHT="66" HPOS="1423" VPOS="2672" WIDTH="46" />
<String CONTENT="Mary" CS="1" HEIGHT="52" HPOS="1470" VPOS="2672" WIDTH="130" />
<SP HEIGHT="52" HPOS="1641" VPOS="2671" WIDTH="40" />
<String CONTENT="A." HEIGHT="52" HPOS="1682" VPOS="2671" WIDTH="69" />
<SP HEIGHT="55" HPOS="1752" VPOS="2671" WIDTH="43" />
<String CONTENT="Clarke," HEIGHT="68" HPOS="1796" VPOS="2671" WIDTH="225" />
<SP HEIGHT="49" HPOS="2022" VPOS="2690" WIDTH="39" />
<String CONTENT="R" CS="1" />
<String CONTENT="." HEIGHT="9" HPOS="2101" LANG="ru" VPOS="2715" WIDTH="8" />
<SP HEIGHT="35" HPOS="2110" VPOS="2689" WIDTH="42" />
<String CONTENT="N" CS="1" LANG="ru" />
<String CONTENT="." HEIGHT="10" HPOS="2203" VPOS="2713" WIDTH="8" />
</TextLine>
<TextLine CS="1" HEIGHT="70" HPOS="232" STYLEREFS="StyleId-FF9DC68E-D588-4B3B-9551-272B174E3A22-" VPOS="2747" WIDTH="1518">
<String CONTENT="New" HEIGHT="51" HPOS="232" VPOS="2749" WIDTH="134" />
<SP HEIGHT="52" HPOS="367" VPOS="2749" WIDTH="28" />
<String CONTENT="York," HEIGHT="67" HPOS="396" VPOS="2748" WIDTH="178" />
<SP HEIGHT="66" HPOS="575" VPOS="2749" WIDTH="25" />
<String CONTENT="Lakeside" HEIGHT="54" HPOS="601" VPOS="2747" WIDTH="277" />
<SP HEIGHT="49" HPOS="879" VPOS="2767" WIDTH="23" />
<String CONTENT="publishing" HEIGHT="70" HPOS="903" VPOS="2747" WIDTH="332" />
<SP HEIGHT="49" HPOS="1236" VPOS="2768" WIDTH="26" />
<String CONTENT="company" HEIGHT="49" HPOS="1263" VPOS="2768" WIDTH="279" />
<SP HEIGHT="48" HPOS="1543" VPOS="2769" WIDTH="32" />
<String CONTENT="[" HEIGHT="33" HPOS="1576" VPOS="2783" WIDTH="11" />
<String CONTENT="c" HEIGHT="21" HPOS="1591" STYLE="superscript" VPOS="2757" WIDTH="20" />
<String CONTENT="1934]" CS="1" HEIGHT="50" HPOS="1616" VPOS="2752" WIDTH="134" />
</TextLine>
<TextLine CS="1" HEIGHT="50" HPOS="300" VPOS="2820" WIDTH="1190">
<String CONTENT="3" HEIGHT="40" HPOS="300" VPOS="2821" WIDTH="26" />
<SP HEIGHT="49" HPOS="327" VPOS="2821" WIDTH="25" />
<String CONTENT="p." HEIGHT="37" HPOS="353" LANG="fr" VPOS="2833" WIDTH="41" />
<SP />
<String CONTENT="l.," CS="1" LANG="fr" />
<SP />
<String CONTENT="62" HEIGHT="40" HPOS="493" VPOS="2821" WIDTH="54" />
<SP HEIGHT="48" HPOS="548" VPOS="2821" WIDTH="22" />
<String CONTENT="p." HEIGHT="38" HPOS="571" VPOS="2831" WIDTH="43" />
<SP HEIGHT="40" HPOS="615" VPOS="2821" WIDTH="23" />
<String CONTENT="incl." HEIGHT="40" HPOS="639" VPOS="2821" WIDTH="108" />
<SP HEIGHT="41" HPOS="748" VPOS="2820" WIDTH="24" />
<String CONTENT="illus.," HEIGHT="49" HPOS="773" VPOS="2820" WIDTH="142" />
<SP HEIGHT="37" HPOS="916" VPOS="2833" WIDTH="25" />
<String CONTENT="plates," HEIGHT="49" HPOS="942" VPOS="2821" WIDTH="170" />
<SP HEIGHT="38" HPOS="1113" VPOS="2832" WIDTH="23" />
<String CONTENT="ports." HEIGHT="47" HPOS="1137" VPOS="2823" WIDTH="148" />
<SP HEIGHT="40" HPOS="1286" VPOS="2822" WIDTH="57" />
<String CONTENT="27&#189;" CS="1" HEIGHT="41" HPOS="1344" VPOS="2822" WIDTH="57" />
<String CONTENT="cm" HEIGHT="21" HPOS="1433" STYLE="superscript" VPOS="2825" WIDTH="44" />
<String CONTENT="." HEIGHT="10" HPOS="1480" VPOS="2854" WIDTH="10" />
</TextLine>
<TextLine CS="1" HEIGHT="54" HPOS="234" VPOS="2890" WIDTH="1867">
<String CONTENT="&#169;" HEIGHT="51" HPOS="234" VPOS="2890" WIDTH="51" />
<SP HEIGHT="51" HPOS="286" VPOS="2890" WIDTH="31" />
<String CONTENT="Apr." HEIGHT="45" HPOS="318" VPOS="2896" WIDTH="112" />
<SP HEIGHT="39" HPOS="431" VPOS="2895" WIDTH="32" />
<String CONTENT="21," HEIGHT="45" HPOS="464" VPOS="2895" WIDTH="68" />
<SP HEIGHT="45" HPOS="533" VPOS="2895" WIDTH="31" />
<String CONTENT="1934;" CS="1" HEIGHT="39" HPOS="565" VPOS="2894" WIDTH="113" />
<SP HEIGHT="39" HPOS="705" VPOS="2895" WIDTH="33" />
<String CONTENT="2c." HEIGHT="38" HPOS="739" VPOS="2895" WIDTH="66" />
<SP HEIGHT="28" HPOS="806" VPOS="2904" WIDTH="33" />
<String CONTENT="and" HEIGHT="37" HPOS="840" VPOS="2895" WIDTH="94" />
<SP HEIGHT="37" HPOS="935" VPOS="2895" WIDTH="32" />
<String CONTENT="aff." HEIGHT="40" HPOS="968" VPOS="2892" WIDTH="78" />
<SP HEIGHT="38" HPOS="1047" VPOS="2894" WIDTH="35" />
<String CONTENT="May" HEIGHT="47" HPOS="1083" VPOS="2894" WIDTH="111" />
<SP HEIGHT="47" HPOS="1195" VPOS="2894" WIDTH="31" />
<String CONTENT="29;" CS="1" HEIGHT="39" HPOS="1227" VPOS="2894" WIDTH="59" />
<SP HEIGHT="45" HPOS="1310" VPOS="2895" WIDTH="34" />
<String CONTENT="A" HEIGHT="38" HPOS="1345" VPOS="2895" WIDTH="41" />
<SP HEIGHT="39" HPOS="1387" VPOS="2895" WIDTH="30" />
<String CONTENT="72533;" CS="1" HEIGHT="40" HPOS="1418" VPOS="2895" WIDTH="141" />
<SP HEIGHT="45" HPOS="1587" VPOS="2896" WIDTH="35" />
<String CONTENT="Lakeside" HEIGHT="39" HPOS="1623" VPOS="2896" WIDTH="237" />
<SP HEIGHT="38" HPOS="1861" VPOS="2906" WIDTH="31" />
<String CONTENT="pub." HEIGHT="49" HPOS="1893" VPOS="2895" WIDTH="106" />
<SP HEIGHT="29" HPOS="2000" VPOS="2907" WIDTH="34" />
<String CONTENT="&#1089;o." HEIGHT="29" HPOS="2035" LANG="ru" VPOS="2907" WIDTH="66" />
</TextLine>
<TextLine HEIGHT="49" HPOS="315" VPOS="2950" WIDTH="277">
<String CONTENT="(31-18149)" HEIGHT="49" HPOS="315" VPOS="2950" WIDTH="277" />
</TextLine>
<TextLine HEIGHT="66" HPOS="229" STYLEREFS="StyleId-612CACE6-A34C-43D4-8952-BFD459BB6C61-" VPOS="3051" WIDTH="853">
<String CONTENT="Cronin," HEIGHT="66" HPOS="229" VPOS="3051" WIDTH="232" />
<SP HEIGHT="64" HPOS="462" VPOS="3053" WIDTH="32" />
<String CONTENT="Archibald" HEIGHT="55" HPOS="495" VPOS="3051" WIDTH="318" />
<SP HEIGHT="53" HPOS="814" VPOS="3053" WIDTH="31" />
<String CONTENT="Joseph." HEIGHT="64" HPOS="846" VPOS="3052" WIDTH="236" />
</TextLine>
<TextLine HEIGHT="70" HPOS="304" STYLEREFS="StyleId-FF9DC68E-D588-4B3B-9551-272B174E3A22-" VPOS="3130" WIDTH="1908">
<String CONTENT="[Adventures" HEIGHT="66" HPOS="304" VPOS="3130" WIDTH="376" />
<SP HEIGHT="33" HPOS="681" VPOS="3149" WIDTH="26" />
<String CONTENT="of" HEIGHT="51" HPOS="708" VPOS="3130" WIDTH="62" />
<SP HEIGHT="52" HPOS="771" VPOS="3130" WIDTH="25" />
<String CONTENT="a" HEIGHT="32" HPOS="797" VPOS="3150" WIDTH="28" />
<SP HEIGHT="52" HPOS="826" VPOS="3130" WIDTH="26" />
<String CONTENT="black" HEIGHT="52" HPOS="853" VPOS="3130" WIDTH="164" />
<SP HEIGHT="52" HPOS="1018" VPOS="3130" WIDTH="23" />
<String CONTENT="bag]" HEIGHT="67" HPOS="1042" VPOS="3130" WIDTH="127" />
<SP HEIGHT="64" HPOS="1170" VPOS="3132" WIDTH="66" />
<String CONTENT="Baby" HEIGHT="65" HPOS="1237" VPOS="3132" WIDTH="161" />
<SP HEIGHT="63" HPOS="1399" VPOS="3134" WIDTH="25" />
<String CONTENT="Duncan's" HEIGHT="54" HPOS="1425" VPOS="3131" WIDTH="286" />
<SP HEIGHT="33" HPOS="1712" VPOS="3152" WIDTH="27" />
<String CONTENT="whistling" HEIGHT="68" HPOS="1740" VPOS="3132" WIDTH="292" />
<SP HEIGHT="66" HPOS="2033" VPOS="3134" WIDTH="26" />
<String CONTENT="lung." HEIGHT="66" HPOS="2060" VPOS="3134" WIDTH="152" />
</TextLine>
<TextLine HEIGHT="53" HPOS="316" STYLEREFS="StyleId-FF9DC68E-D588-4B3B-9551-272B174E3A22-" VPOS="3199" WIDTH="1139">
<String CONTENT="(In" HEIGHT="47" HPOS="316" VPOS="3205" WIDTH="83" />
<SP HEIGHT="43" HPOS="400" VPOS="3200" WIDTH="23" />
<String CONTENT="Glasgow" HEIGHT="52" HPOS="424" VPOS="3199" WIDTH="231" />
<SP HEIGHT="43" HPOS="656" VPOS="3200" WIDTH="27" />
<String CONTENT="Sunday" HEIGHT="51" HPOS="684" VPOS="3200" WIDTH="199" />
<SP HEIGHT="38" HPOS="884" VPOS="3213" WIDTH="27" />
<String CONTENT="post," HEIGHT="47" HPOS="912" VPOS="3204" WIDTH="125" />
<SP HEIGHT="49" HPOS="1038" VPOS="3201" WIDTH="27" />
<String CONTENT="May" HEIGHT="50" HPOS="1066" VPOS="3201" WIDTH="115" />
<SP HEIGHT="48" HPOS="1182" VPOS="3203" WIDTH="29" />
<String CONTENT="20," HEIGHT="49" HPOS="1212" VPOS="3202" WIDTH="70" />
<SP HEIGHT="48" HPOS="1283" VPOS="3203" WIDTH="28" />
<String CONTENT="1934)" HEIGHT="50" HPOS="1312" VPOS="3201" WIDTH="143" />
</TextLine>
<TextLine CS="1" HEIGHT="101" HPOS="236" VPOS="3271" WIDTH="1963">
<String CONTENT="&#169;" HEIGHT="51" HPOS="236" VPOS="3271" WIDTH="51" />
<SP />
<String CONTENT="1c." CS="1" />
<SP />
<String CONTENT="July" HEIGHT="46" HPOS="412" VPOS="3276" WIDTH="114" />
<SP HEIGHT="47" HPOS="527" VPOS="3275" WIDTH="26" />
<String CONTENT="13," HEIGHT="46" HPOS="554" VPOS="3275" WIDTH="67" />
<SP HEIGHT="45" HPOS="622" VPOS="3276" WIDTH="28" />
<String CONTENT="1934;" HEIGHT="39" HPOS="651" VPOS="3274" WIDTH="138" />
<SP HEIGHT="38" HPOS="790" VPOS="3275" WIDTH="30" />
<String CONTENT="A" HEIGHT="37" HPOS="821" VPOS="3275" WIDTH="40" />
<SP HEIGHT="38" HPOS="862" VPOS="3275" WIDTH="28" />
<String CONTENT="ad" HEIGHT="37" HPOS="891" VPOS="3276" WIDTH="59" />
<SP HEIGHT="38" HPOS="951" VPOS="3275" WIDTH="25" />
<String CONTENT="int." HEIGHT="38" HPOS="977" VPOS="3275" WIDTH="83" />
<SP HEIGHT="37" HPOS="1061" VPOS="3276" WIDTH="29" />
<String CONTENT="19205:" HEIGHT="41" HPOS="1091" VPOS="3274" WIDTH="168" />
<SP HEIGHT="37" HPOS="1260" VPOS="3286" WIDTH="31" />
<String CONTENT="pubd." HEIGHT="46" HPOS="1292" VPOS="3277" WIDTH="139" />
<SP HEIGHT="38" HPOS="1432" VPOS="3276" WIDTH="30" />
<String CONTENT="May" HEIGHT="47" HPOS="1463" VPOS="3276" WIDTH="112" />
<SP HEIGHT="45" HPOS="1576" VPOS="3278" WIDTH="27" />
<String CONTENT="20;" HEIGHT="46" HPOS="1604" VPOS="3276" WIDTH="82" />
<SP HEIGHT="46" HPOS="1687" VPOS="3276" WIDTH="31" />
<String CONTENT="A." HEIGHT="39" HPOS="1719" VPOS="3276" WIDTH="51" />
<SP HEIGHT="38" HPOS="1771" VPOS="3278" WIDTH="32" />
<String CONTENT="J." HEIGHT="38" HPOS="1804" VPOS="3278" WIDTH="41" />
<SP HEIGHT="40" HPOS="1846" VPOS="3276" WIDTH="30" />
<String CONTENT="Cronin," HEIGHT="47" HPOS="1877" VPOS="3274" WIDTH="190" />
<SP HEIGHT="44" HPOS="2068" VPOS="3277" WIDTH="30" />
<String CONTENT="London." HEIGHT="95" HPOS="307" VPOS="3277" WIDTH="1892" />
</TextLine>
<TextLine CS="1" HEIGHT="131" HPOS="230" VPOS="3432" WIDTH="1984">
<String CONTENT="The" HEIGHT="53" HPOS="230" VPOS="3432" WIDTH="120" />
<SP HEIGHT="35" HPOS="351" VPOS="3451" WIDTH="26" />
<String CONTENT="cyclopedia" HEIGHT="64" HPOS="378" VPOS="3432" WIDTH="331" />
<SP HEIGHT="36" HPOS="710" VPOS="3449" WIDTH="27" />
<String CONTENT="of" HEIGHT="53" HPOS="738" VPOS="3432" WIDTH="63" />
<SP HEIGHT="52" HPOS="802" VPOS="3432" WIDTH="25" />
<String CONTENT="medicine." HEIGHT="52" HPOS="828" VPOS="3433" WIDTH="288" />
<SP HEIGHT="53" HPOS="1117" VPOS="3434" WIDTH="60" />
<String CONTENT="George" HEIGHT="67" HPOS="1178" VPOS="3434" WIDTH="222" />
<SP HEIGHT="51" HPOS="1401" VPOS="3436" WIDTH="25" />
<String CONTENT="Morris" HEIGHT="53" HPOS="1427" VPOS="3434" WIDTH="209" />
<SP HEIGHT="51" HPOS="1637" VPOS="3437" WIDTH="26" />
<String CONTENT="Piersol" HEIGHT="52" HPOS="1664" VPOS="3436" WIDTH="220" />
<SP HEIGHT="50" HPOS="1885" VPOS="3437" WIDTH="33" />
<String CONTENT="..." HEIGHT="9" HPOS="1919" VPOS="3477" WIDTH="54" />
<SP HEIGHT="32" HPOS="1974" VPOS="3454" WIDTH="33" />
<String CONTENT="editor-in-chief" HEIGHT="129" HPOS="299" VPOS="3434" WIDTH="1915" />
</TextLine>
<TextLine CS="1" HEIGHT="146" HPOS="300" VPOS="3511" WIDTH="1910">
<String CONTENT="and" HEIGHT="51" HPOS="578" VPOS="3512" WIDTH="111" />
<SP HEIGHT="51" HPOS="690" VPOS="3512" WIDTH="37" />
<String CONTENT="Edward" HEIGHT="52" HPOS="728" VPOS="3511" WIDTH="250" />
<SP HEIGHT="52" HPOS="979" VPOS="3511" WIDTH="36" />
<String CONTENT="L." HEIGHT="52" HPOS="1016" VPOS="3513" WIDTH="62" />
<SP HEIGHT="51" HPOS="1079" VPOS="3514" WIDTH="39" />
<String CONTENT="Bortz" HEIGHT="50" HPOS="1119" VPOS="3514" WIDTH="173" />
<SP HEIGHT="32" HPOS="1293" VPOS="3531" WIDTH="43" />
<String CONTENT="..." HEIGHT="8" HPOS="1337" VPOS="3555" WIDTH="53" />
<SP HEIGHT="32" HPOS="1391" VPOS="3532" WIDTH="43" />
<String CONTENT="assistant" HEIGHT="51" HPOS="1435" VPOS="3513" WIDTH="266" />
<SP HEIGHT="46" HPOS="1702" VPOS="3518" WIDTH="35" />
<String CONTENT="editor" HEIGHT="53" HPOS="1738" VPOS="3512" WIDTH="183" />
<SP HEIGHT="31" HPOS="1922" VPOS="3534" WIDTH="40" />
<String CONTENT="..." HEIGHT="9" HPOS="1963" VPOS="3555" WIDTH="53" />
<SP HEIGHT="51" HPOS="2017" VPOS="3513" WIDTH="40" />
<String CONTENT="illustrated" HEIGHT="128" HPOS="300" VPOS="3513" WIDTH="1889" />
<SP HEIGHT="51" HPOS="487" VPOS="3589" WIDTH="48" />
<String CONTENT="with" HEIGHT="50" HPOS="536" VPOS="3589" WIDTH="137" />
<SP HEIGHT="50" HPOS="674" VPOS="3589" WIDTH="45" />
<String CONTENT="numerous" HEIGHT="34" HPOS="720" VPOS="3606" WIDTH="300" />
<SP HEIGHT="51" HPOS="1021" VPOS="3589" WIDTH="44" />
<String CONTENT="half-tone" HEIGHT="54" HPOS="1066" VPOS="3588" WIDTH="285" />
<SP HEIGHT="33" HPOS="1352" VPOS="3609" WIDTH="44" />
<String CONTENT="and" HEIGHT="51" HPOS="1397" VPOS="3591" WIDTH="111" />
<SP HEIGHT="51" HPOS="1509" VPOS="3591" WIDTH="45" />
<String CONTENT="line" HEIGHT="51" HPOS="1555" VPOS="3591" WIDTH="114" />
<SP HEIGHT="33" HPOS="1670" VPOS="3609" WIDTH="43" />
<String CONTENT="engravings" HEIGHT="67" HPOS="1714" VPOS="3590" WIDTH="341" />
<SP HEIGHT="32" HPOS="2056" VPOS="3609" WIDTH="47" />
<String CONTENT="and" HEIGHT="52" HPOS="2104" VPOS="3589" WIDTH="106" />
</TextLine>
<TextLine CS="1" HEIGHT="68" HPOS="300" VPOS="3666" WIDTH="1909">
<String CONTENT="many" HEIGHT="48" HPOS="300" VPOS="3685" WIDTH="171" />
<SP HEIGHT="67" HPOS="472" VPOS="3666" WIDTH="27" />
<String CONTENT="handsome" HEIGHT="52" HPOS="500" VPOS="3666" WIDTH="309" />
<SP HEIGHT="51" HPOS="810" VPOS="3666" WIDTH="28" />
<String CONTENT="full" HEIGHT="51" HPOS="839" VPOS="3666" WIDTH="111" />
<SP HEIGHT="66" HPOS="951" VPOS="3667" WIDTH="31" />
<String CONTENT="page" HEIGHT="48" HPOS="983" VPOS="3685" WIDTH="143" />
<SP HEIGHT="33" HPOS="1127" VPOS="3686" WIDTH="29" />
<String CONTENT="color" HEIGHT="51" HPOS="1157" VPOS="3668" WIDTH="149" />
<SP HEIGHT="48" HPOS="1307" VPOS="3686" WIDTH="29" />
<String CONTENT="plates," HEIGHT="65" HPOS="1337" VPOS="3669" WIDTH="197" />
<SP HEIGHT="32" HPOS="1535" VPOS="3687" WIDTH="64" />
<String CONTENT="v." HEIGHT="32" HPOS="1600" VPOS="3687" WIDTH="47" />
<SP HEIGHT="47" HPOS="1648" VPOS="3672" WIDTH="35" />
<String CONTENT="10." HEIGHT="48" HPOS="1684" VPOS="3671" WIDTH="77" />
<SP HEIGHT="32" HPOS="1762" VPOS="3701" WIDTH="73" />
<String CONTENT="[Pre" CS="1" HEIGHT="51" HPOS="1852" VPOS="3669" WIDTH="111" />
<SP HEIGHT="46" HPOS="1964" VPOS="3673" WIDTH="28" />
<String CONTENT="to" HEIGHT="46" HPOS="1993" VPOS="3673" WIDTH="58" />
<SP HEIGHT="50" HPOS="2052" VPOS="3670" WIDTH="29" />
<String CONTENT="Rib]" HEIGHT="66" HPOS="2082" VPOS="3667" WIDTH="127" />
</TextLine>
<TextLine HEIGHT="69" HPOS="300" VPOS="3742" WIDTH="1326">
<String CONTENT="Philadelphia," HEIGHT="69" HPOS="300" VPOS="3742" WIDTH="423" />
<SP HEIGHT="65" HPOS="724" VPOS="3745" WIDTH="26" />
<String CONTENT="F." HEIGHT="50" HPOS="751" VPOS="3745" WIDTH="63" />
<SP HEIGHT="50" HPOS="815" VPOS="3746" WIDTH="29" />
<String CONTENT="A." HEIGHT="50" HPOS="845" VPOS="3746" WIDTH="68" />
<SP HEIGHT="51" HPOS="914" VPOS="3745" WIDTH="28" />
<String CONTENT="Davis" HEIGHT="54" HPOS="943" VPOS="3744" WIDTH="178" />
<SP HEIGHT="33" HPOS="1122" VPOS="3765" WIDTH="30" />
<String CONTENT="company," HEIGHT="49" HPOS="1153" VPOS="3762" WIDTH="292" />
<SP HEIGHT="63" HPOS="1446" VPOS="3748" WIDTH="31" />
<String CONTENT="1934." HEIGHT="49" HPOS="1478" VPOS="3748" WIDTH="148" />
</TextLine>
<TextLine CS="1" HEIGHT="49" HPOS="305" VPOS="3816" WIDTH="1293">
<String CONTENT="xxviii," HEIGHT="47" HPOS="305" VPOS="3817" WIDTH="167" />
<SP HEIGHT="46" HPOS="473" VPOS="3818" WIDTH="26" />
<String CONTENT="1167" HEIGHT="39" HPOS="500" VPOS="3817" WIDTH="112" />
<SP HEIGHT="46" HPOS="613" VPOS="3818" WIDTH="26" />
<String CONTENT="p." HEIGHT="37" HPOS="640" VPOS="3827" WIDTH="41" />
<SP HEIGHT="39" HPOS="682" VPOS="3816" WIDTH="55" />
<String CONTENT="illus.," HEIGHT="48" HPOS="738" VPOS="3816" WIDTH="141" />
<SP HEIGHT="36" HPOS="880" VPOS="3828" WIDTH="28" />
<String CONTENT="col." HEIGHT="38" HPOS="909" VPOS="3818" WIDTH="84" />
<SP HEIGHT="36" HPOS="994" VPOS="3828" WIDTH="27" />
<String CONTENT="plates," HEIGHT="46" HPOS="1022" VPOS="3818" WIDTH="168" />
<SP HEIGHT="46" HPOS="1191" VPOS="3817" WIDTH="28" />
<String CONTENT="diagrs." HEIGHT="48" HPOS="1220" VPOS="3817" WIDTH="177" />
<SP HEIGHT="38" HPOS="1398" VPOS="3818" WIDTH="55" />
<String CONTENT="26&#189;" CS="1" HEIGHT="39" HPOS="1454" VPOS="3818" WIDTH="55" />
<String CONTENT="cm" HEIGHT="21" HPOS="1542" STYLE="superscript" VPOS="3820" WIDTH="43" />
<String CONTENT="." HEIGHT="8" HPOS="1591" VPOS="3849" WIDTH="7" />
</TextLine>
<TextLine CS="1" HEIGHT="53" HPOS="239" VPOS="3883" WIDTH="1894">
<String CONTENT="&#169;" HEIGHT="53" HPOS="239" VPOS="3883" WIDTH="50" />
<SP HEIGHT="53" HPOS="290" VPOS="3883" WIDTH="29" />
<String CONTENT="July" HEIGHT="48" HPOS="320" VPOS="3888" WIDTH="115" />
<SP HEIGHT="47" HPOS="436" VPOS="3889" WIDTH="26" />
<String CONTENT="10," HEIGHT="48" HPOS="463" VPOS="3888" WIDTH="67" />
<SP HEIGHT="48" HPOS="531" VPOS="3888" WIDTH="28" />
<String CONTENT="1934;" HEIGHT="46" HPOS="560" VPOS="3887" WIDTH="138" />
<SP HEIGHT="45" HPOS="699" VPOS="3888" WIDTH="29" />
<String CONTENT="2c." HEIGHT="39" HPOS="729" VPOS="3888" WIDTH="64" />
<SP HEIGHT="40" HPOS="794" VPOS="3887" WIDTH="30" />
<String CONTENT="July" HEIGHT="48" HPOS="825" VPOS="3887" WIDTH="115" />
<SP HEIGHT="47" HPOS="941" VPOS="3888" WIDTH="27" />
<String CONTENT="14:" HEIGHT="38" HPOS="969" VPOS="3888" WIDTH="79" />
<SP HEIGHT="28" HPOS="1049" VPOS="3897" WIDTH="34" />
<String CONTENT="aff." CS="1" HEIGHT="38" HPOS="1114" VPOS="3887" WIDTH="48" />
<SP HEIGHT="38" HPOS="1163" VPOS="3888" WIDTH="29" />
<String CONTENT="July" HEIGHT="46" HPOS="1193" VPOS="3888" WIDTH="114" />
<SP HEIGHT="46" HPOS="1308" VPOS="3888" WIDTH="27" />
<String CONTENT="19;" HEIGHT="45" HPOS="1336" VPOS="3888" WIDTH="81" />
<SP HEIGHT="45" HPOS="1418" VPOS="3888" WIDTH="30" />
<String CONTENT="A" HEIGHT="38" HPOS="1449" VPOS="3888" WIDTH="40" />
<SP HEIGHT="39" HPOS="1490" VPOS="3888" WIDTH="28" />
<String CONTENT="74280;" HEIGHT="44" HPOS="1519" VPOS="3887" WIDTH="168" />
<SP HEIGHT="43" HPOS="1688" VPOS="3888" WIDTH="32" />
<String CONTENT="F." HEIGHT="40" HPOS="1721" VPOS="3888" WIDTH="50" />
<SP HEIGHT="40" HPOS="1772" VPOS="3888" WIDTH="29" />
<String CONTENT="A." HEIGHT="41" HPOS="1802" VPOS="3888" WIDTH="53" />
<SP HEIGHT="40" HPOS="1856" VPOS="3889" WIDTH="28" />
<String CONTENT="Davis" HEIGHT="41" HPOS="1885" VPOS="3885" WIDTH="152" />
<SP HEIGHT="29" HPOS="2038" VPOS="3897" WIDTH="27" />
<String CONTENT="&#1089;o." HEIGHT="29" HPOS="2066" LANG="ru" VPOS="3897" WIDTH="67" />
</TextLine>
</TextBlock>
</PrintSpace>
</Page>
</Layout>
</alto>