2350 4196
1135 4022 98 42 463

168 365 142 52 New
343 365 160 52 York
534 367 160 51 state
725 364 226 63 society
980 364 63 52 of
1075 363 261 54 certified
1369 362 192 66 public
1594 366 408 53 accountants.

239 440 315 54 Addresses
592 442 111 51 and
740 439 314 55 discussion
1090 438 248 69 relating
1375 444 57 48 to
1469 439 95 52 the
1601 439 245 54 Federal
1880 438 290 54 securities

171 524 88 46 act
286 519 111 51 and
426 517 338 69 accounting
792 517 405 70 requirements
1224 518 181 51 under
1433 517 97 53 the
1557 517 274 52 National
1861 517 308 54 industrial

175 612 261 52 recovery
466 600 106 65 act,
604 596 296 69 presented
930 594 196 54 before
1155 595 97 53 the
1278 595 259 53 eleventh
1567 596 212 51 annual
1810 595 109 53 fall
170 589 1976 141 conference
328 673 63 53 of
419 675 95 51 the
543 675 138 52 New
710 674 162 53 York
900 678 147 48 state
1072 673 210 68 society
1312 671 63 54 of
1405 671 252 55 certified
1686 673 194 69 public
172 672 1977 137 accountants
328 753 133 51 held
492 757 57 48 at
578 753 96 51 the
702 748 551 70 Waldorf-Astoria,
1283 750 139 53 New
1454 750 163 54 York
1647 751 134 69 city,
1812 750 245 56 October
2088 753 85 64 30,

174 826 1193 72 1933. New York. The Society [ c 1933]
242 901 68 48 83,
390 922 9 30 [1]
429 912 44 38 p.
535 903 53 38 21½
623 904 43 21 cm
672 934 8 8 .

177 969 50 53 ©
256 975 108 40 Dec.
392 975 67 46 14,
487 973 111 42 1933;
655 974 66 42 2c.
750 976 110 40 Dec.
887 975 81 44 22;
997 973 80 41 aff.
1106 974 107 40 Jan.
1239 974 40 45 3,
1307 973 139 46 1934;
1477 974 41 39 A
1543 974 143 40 68741;
1743 976 116 40 New
1887 976 130 40 York
2045 977 127 41 state

244 1041 92 30 soc.
368 1032 215 40 certified
615 1031 158 48 public
804 1032 331 46 accountants,
1169 1031 114 40 New
1316 1031 142 39 York.
1531 1030 251 50 (34-9368)

171 1146 231 65 Orcutt,
433 1148 254 55 William
718 1152 186 62 Dana,
938 1149 168 53 1870-

245 1226 121 52 The
401 1226 232 54 miracle
672 1227 63 52 of
772 1228 221 52 mutual
1030 1227 248 69 savings,
1318 1246 59 34 as
1414 1226 328 54 illustrated
1780 1228 75 70 by
1893 1247 104 35 one
176 1223 1976 139 hundred
360 1323 162 50 years
568 1305 63 53 of
673 1305 96 53 the
813 1307 242 67 Bowery
1100 1306 228 68 savings
1374 1306 168 68 bank,
1588 1308 73 66 by
1705 1307 263 54 William
2010 1309 168 53 Dana

176 1381 223 55 Orcutt.
472 1383 140 53 New
651 1384 178 68 York,
866 1385 121 52 The
1024 1385 242 67 Bowery
1303 1385 231 70 savings
1571 1386 170 66 bank,
1780 1389 152 50 1934.

249 1454 96 49 126,
379 1455 53 50 [3]
461 1467 43 37 p.
532 1455 109 41 incl.
668 1456 164 48 front.,
860 1458 127 40 illus.
1047 1457 54 40 23½
1137 1460 42 22 cm
1184 1492 8 8 .

249 1513 285 42 Illustrated
570 1515 362 50 lining-papers.

249 1571 288 41 “Published
567 1574 50 37 in
646 1570 425 43 commemoration
1100 1573 50 41 of
1176 1573 64 41 its
1269 1575 288 41 centennial."

249 1629 161 41 “First
444 1629 225 42 edition.”

182 1683 1938 60 © Apr. 9, 1934; 2c. and aff. Apr. 12; A 71223; Bowery savings bank.
258 1745 251 47 (34-9231)

174 1859 274 65 Ormsby,
476 1861 197 55 Oliver
702 1863 252 65 Samuel,
987 1863 170 52 1874-

245 1938 55 53 A
339 1938 275 69 practical
655 1939 230 55 treatise
925 1959 66 34 on
1035 1941 240 54 diseases
1315 1942 63 53 of
1416 1943 94 53 the
1549 1942 128 54 skin
1717 1944 93 54 for
1848 1948 96 51 the
1983 1965 94 36 use
2116 1949 64 54 of

175 2015 1979 157 students and practitioners, by Oliver S. Ormsby … with revision of the histopathology in this edition by Clark Wylie
176 2101 2004 230 Finnerud … 4th ed., thoroughly rev. Illustrated with 619 engravings and 3 colored plates. Philadelphia, Lea & Febiger,
181 2331 147 50 1934.

249 2401 1272 55 xiii. 17-1288 p. illus., III col. pl., diagr. 24 cm .
186 2455 50 51 ©
265 2460 114 47 Apr.
407 2461 67 42 13,
503 2459 113 41 1934;
672 2461 66 40 2c.
768 2464 93 38 and
891 2462 80 40 aff.
1001 2463 112 48 Apr.
1141 2464 55 39 14;
1253 2465 40 38 A
1323 2465 142 41 71255;
1525 2469 94 38 Lea
1651 2469 38 39 &
1716 2468 215 50 Febiger.

264 2516 252 50 (34-9239)

180 2632 376 67 Ossowiecki,
587 2636 231 54 Stefan.

311 2710 1873 82 … Świat mego ducha i mizje przyszłości. Warszawa, Dom
180 2790 218 53 ksiązki
427 2790 263 69 polskiej,
718 2810 82 49 sp.
834 2791 136 68 akc.,
1003 2797 149 50 1933.

256 2864 97 46 367,
386 2864 54 48 [1]
471 2875 40 37 p.
569 2864 127 40 illus.
727 2865 132 47 (incl.
887 2866 240 48 facsims.)
1164 2869 25 39 4
1218 2871 146 38 numb.
1408 2871 170 49 plates.
1636 2873 54 39 21
1695 2875 43 21 cm
1742 2905 8 7 .

188 2916 1979 115 © Mar. 1, 1933; 1c. Mar. 23; A-Foreign 21131; S. Ossowiecki, Warsaw, Poland. 3005
181 3092 176 66 Page,
389 3091 253 57 William
675 3097 275 64 Herbert,
985 3101 170 50 1868-
1367 3102 82 54 ed.

255 3172 53 52 A
335 3170 188 70 digest
548 3173 61 53 of
638 3175 76 51 all
742 3175 264 68 reported
1036 3176 274 55 decisions
1338 3179 62 53 of
1426 3181 95 53 the
1547 3188 188 48 courts
1763 3183 63 54 of
1854 3186 149 54 Ohio
2033 3186 152 54 from

182 3250 97 51 the
310 3249 228 54 earliest
568 3252 199 67 period
800 3259 57 47 to
888 3254 145 52 date.
1110 3255 271 55 Lifetime
1413 3259 84 52 ed.
1574 3261 213 53 Edited
1821 3263 73 67 by
1925 3264 260 55 William

185 3328 2002 79 Herbert Page … v. 10. Parties to Receipts. Cincinnati, The
183 3408 90 52 W.
313 3408 76 51 H.
431 3406 302 54 Anderson
773 3427 306 51 company;
1123 3411 416 72 Indianapolis,
1580 3418 121 52 The
1742 3419 444 56 Bobbs-Merrill

185 3487 490 66 company [ c 1934]
260 3558 80 48 vii,
370 3558 87 40 886
482 3570 42 37 p.
582 3559 54 39 26
640 3561 15 21 cm
690 3592 8 7 .

195 3610 50 51 ©
277 3616 114 46 May
420 3614 39 47 5,
490 3613 112 42 1934;
663 3616 65 39 2c.
760 3618 94 39 and
885 3617 80 40 aff.
997 3620 114 47 May
1140 3621 50 45 7;
1224 3621 41 39 A
1296 3621 169 46 72315;
1498 3624 72 40 W.
1604 3625 58 39 H.
1695 3625 252 41 Anderson
1977 3639 67 29 co.

186 3730 240 65 Peham,
462 3731 303 65 Heinrich,
798 3733 172 54 ritter
1001 3753 109 36 von
1145 3738 374 70 Bojernberg,
1556 3741 326 57 1781-1930.

258 3809 1928 82 Operative gynecology, by Dr. H. v. Peham … [and] Dr.
188 3887 1996 85 J. Amreich … with an introduction to the edition in English
