2350 4196
1133 4047 126 51 1183

232 477 169 45 xxviii,
454 474 87 41 516
592 483 42 39 p.
698 473 148 41 front.,
874 471 16 49 (fold.
1068 469 133 47 map)
1272 467 55 40 17c
1348 469 26 20 m
1380 499 7 7 .
1459 463 298 50 (Half-title:
1810 464 99 42 The
1965 464 193 40 modern

162 531 183 50 library
374 532 53 40 of
452 532 83 40 the
562 530 193 41 world’s
780 530 106 39 best
914 527 171 48 books)

232 588 161 42 “First
425 586 198 42 Modern
657 586 186 48 library
873 582 227 45 edition.”

166 644 50 53 ©
245 649 124 39 June
394 647 68 43 25.
492 646 138 42 1934;
660 647 65 39 2c.
758 645 125 47 Sept.
913 646 23 37 7;
993 642 79 40 aff.
1107 642 124 47 Sept.
1262 643 51 39 6;
1344 641 42 37 A
1410 639 169 46 75178;
1612 639 199 39 Modern
1840 637 199 50 library,
2069 639 90 39 inc.

235 704 280 50 [Copyright
540 704 41 39 is
607 702 204 42 claimed
836 711 59 29 on
921 697 344 51 introduction]
1335 695 279 50 (34-27221)

160 807 118 53 The
309 804 218 57 United
557 806 205 54 States
789 808 224 64 patents
1042 801 319 68 quarterly;
1395 803 220 63 reports
1646 798 63 53 of
1737 817 149 35 cases
1914 798 248 68 relating

230 874 1871 80 to patents, trade marks and copyrights … v. 16-20 …
234 962 355 68 [Jan-Mar.,
671 958 543 70 1933—Jan-Mar.,
1296 961 149 62 1934]
1563 955 403 70 Washington,
2044 955 120 53 The

233 1042 215 54 United
486 1039 189 55 States
710 1040 158 68 daily
903 1036 334 71 publishing
1270 1035 383 69 corporation,
1689 1038 152 65 1933,
1879 1037 149 51 1934.

241 1118 27 38 5
293 1128 39 28 v.
391 1115 142 48 illus.,
563 1114 179 48 diagrs.
801 1114 54 39 23½
889 1116 43 21 cm
939 1148 6 6 .

170 1186 40 29 v.
237 1174 68 46 16,
334 1169 51 51 ©
410 1172 113 47 Apr.
549 1170 69 43 30,
645 1170 141 42 1933:
816 1183 38 27 v.
884 1171 69 45 17,
981 1164 52 51 ©
1060 1168 116 46 July
1202 1167 82 40 28:
1313 1177 42 29 v.
1384 1167 68 45 18,
1482 1161 52 52 ©
1565 1165 100 40 Oct.
1692 1163 57 42 25;
1804 1175 43 29 v.
1874 1164 68 48 19,
1972 1160 52 52 ©
2054 1163 110 41 Feb.

240 1231 38 45 5,
306 1228 139 43 1934;
474 1241 40 26 v.
544 1227 69 42 20.
644 1224 50 50 ©
724 1228 125 40 June
876 1225 80 48 13;
986 1225 66 42 2c.
1080 1224 116 41 each
1224 1224 95 40 and
1347 1222 107 41 affs.
1483 1222 126 40 June
1638 1221 54 39 22;
1751 1223 35 37 A
1820 1218 344 49 72950-72954;

242 1286 175 41 United
449 1286 162 40 States
636 1294 132 29 news
795 1284 109 47 pub.
930 1280 322 51 corporation.

168 1389 189 67 Valet,
393 1389 332 56 Henriette.

302 1455 1585 82 … Madame 60 bis , roman. Paris, B. Grasset [1934]
241 1534 654 53 3 p. l., 243 p., 2 l. 19 cm .
175 1580 1981 123 © Mar. 15, 1934; 1c . July 10: A-Foreign 25186: Editions Bernard Grasset. (34-28634)
170 1740 318 69 Vallentin,
520 1742 322 66 Antonina,
876 1744 171 51 1893-

306 1812 1238 79 … Henri Heine. Paris, Gallimard [ 1934]
244 1887 778 56 2 p. l., [7]-349 p., 1 l. 18½ cm .
181 1947 50 51 ©
260 1951 125 40 June
413 1952 38 40 1,
480 1948 139 49 1934;
651 1952 64 39 1c.
746 1950 114 48 July
887 1948 81 48 24;
999 1947 309 48 A·—Foreign
1336 1946 170 43 25273;
1538 1946 241 43 Librairie
1810 1945 283 42 Gallimard.

259 2007 280 49 (34-28639)

172 2097 176 68 Wait,
383 2096 273 69 William,
695 2099 323 51 1821-1880.

246 2175 203 56 Wait's
487 2176 258 53 Practice
784 2182 60 45 at
878 2175 126 67 law,
1041 2175 59 53 in
1137 2175 192 68 equity
1367 2176 112 51 and
1516 2177 60 50 in
1611 2172 317 69 particular
1965 2172 213 55 actions

180 2256 110 52 and
318 2255 373 71 proceedings
715 2257 61 51 in
807 2257 74 50 all
911 2255 94 52 the
1033 2258 187 51 courts
1249 2255 63 52 of
1340 2255 196 52 record
1565 2253 63 52 of
1654 2253 97 53 the
1778 2258 144 48 state
1951 2253 63 54 of
2042 2251 138 53 New

238 2333 120 64 York,
402 2332 140 54 with
589 2332 372 71 appropriate
1006 2331 195 55 forms.
1285 2332 406 68 Replacement
1733 2332 223 54 volume
1999 2349 182 36 seven.

179 2414 98 52 4th
318 2413 104 68 eel.,
464 2428 112 38 rev.
618 2413 113 51 and
772 2410 243 69 entirely
1058 2416 290 50 rewritten
1390 2417 59 47 to
1491 2410 261 56 conform
1795 2410 139 53 with
179 2410 1979 149 Surrogate’s

396 2483 1727 81 court act and allied statutes, by Edwin M. Bohm …
181 2567 374 72 Supplement
587 2574 59 47 to
677 2568 384 69 replacement
1088 2570 222 51 volume
1341 2587 180 35 seven.
1598 2570 139 51 New
1770 2570 178 67 York,
1979 2568 207 58 Baker,

181 2648 246 57 Voorhis
455 2653 44 50 &
527 2667 96 48 co.,
654 2651 148 49 1934.

256 2722 498 50 1 p. l., 41 p. 23 cm .
262 2781 117 40 This
402 2780 247 48 pamphlet
675 2780 40 38 is
740 2782 48 37 to
813 2779 140 40 tilted
978 2778 102 41 into
1107 2779 81 38 the
1211 2779 171 47 pocket
1408 2781 50 37 at
1487 2781 80 38 the
1593 2779 121 41 back
1739 2779 51 39 of
1816 2780 81 39 the
1923 2777 190 43 volume
2139 2779 50 39 of

190 2839 79 39 the
298 2841 73 38 set
399 2840 49 36 to
475 2835 159 42 which
661 2836 39 39 it
728 2835 209 49 belongs.

194 2877 1997 70 © Sept. 18. 1934; 2c. Sept. 20: aff. Sept. 19: A 76013: W. Wait and Isaac
261 2952 52 40 V.
342 2952 52 38 A.
423 2951 145 40 Wait.
600 2949 258 43 Feekskill,
888 2948 54 40 N.
973 2949 51 38 Y.

186 3040 288 67 Webster,
509 3041 191 63 Noah,
735 3038 323 56 1758-1843.

262 3118 305 56 Webster’s
598 3119 139 53 New
770 3115 403 59 international
1211 3115 323 57 dictionary
1569 3119 63 52 of
1664 3117 95 52 the
1792 3115 242 61 English
195 3135 1971 132 language.

196 3186 1993 158 2d ed., unabridged, with reference history. An entirely new book … A Merriam-Webster … William Allan
197 3338 1991 92 Neilson … editor in chief; Thomas A. Knott … general editor;
203 3430 139 53 Paul
375 3434 87 51 W.
498 3430 264 70 Carhart,
794 3428 315 73 managing
1141 3429 198 57 editor.
1419 3428 370 71 Springfield,
1822 3431 189 66 Mass.,
2045 3431 69 54 G.
2149 3434 45 50 &

199 3507 61 54 C.
286 3508 275 56 Merriam
589 3526 297 53 company,
917 3513 149 50 1934.

273 3569 1916 73 xcii p., 1 l., [xciii]-xcvi, 3210, 360 p. col. front., illus., plates (part col.)
205 3638 160 49 ports.,
394 3648 149 39 maps,
572 3638 178 49 diagrs.
811 3639 54 39 31
869 3641 43 22 cm
919 3672 8 7 .

275 3694 117 42 Part
416 3697 51 37 of
489 3697 81 38 the
591 3698 157 46 plates
772 3696 340 49 accompanied
1136 3696 60 49 by
1218 3697 154 47 guard
1396 3699 163 38 sheets
1582 3695 118 42 with
1724 3695 293 50 descriptive
207 3696 1992 99 letter-press.

209 3793 1975 120 “A reference history of the world from the earliest times to the present … by
484 3865 167 40 Albert
683 3866 230 41 Bushnell
942 3866 156 41 Hart”
1127 3868 88 38 has
1245 3868 179 48 special
1455 3870 82 46 t.-p
1580 3868 92 40 and
1702 3869 225 46 separate
1954 3867 189 49 paging.

212 3903 1858 76 © Aug. 30, 1934; 2c. and aff. Sept. 1: A 74917; G. & O. Merriam co.
287 3977 279 52 (34-30233)
