2350 4196
1171 4001 66 48 44

192 381 267 62 Morgan,
487 380 161 63 Lucy
674 379 176 55 Belle.

191 452 1961 149 The way triumphant [by] Lucy Belle Morgan … [Georgetown, Tex., c 1933]
269 606 85 41 177
381 616 42 37 p.
484 606 55 40 20
542 609 43 20 cm
591 641 8 8 .

198 661 50 50 ©
288 666 111 38 Dec.
438 663 69 41 15.
545 664 139 45 1933;
725 664 66 39 2c.
831 664 111 38 Dec.
981 662 82 46 19;
1104 661 79 40 aff.
1223 662 109 38 Dec.
1372 660 81 46 29;
1495 660 41 38 A
1574 658 167 46 68689;
1784 659 48 37 L.
1873 658 52 38 B.
1966 659 215 46 Morgan,

268 721 326 47 Georgetown,
625 721 112 38 Tex.
809 718 249 49 (34-1329)

195 809 228 65 Munro,
451 808 253 55 William
732 811 277 61 Bennett,
1041 809 169 51 1875-

265 888 361 67 Personality
660 888 59 52 in
753 886 256 69 politics;
1044 904 32 34 a
1108 885 171 68 study
1311 885 62 53 of
1404 885 157 53 three
1595 890 162 62 types
1789 884 59 52 in
1880 883 303 52 American

198 965 193 68 public
431 964 123 68 life,
594 965 75 68 by
711 964 261 55 William
1014 965 246 51 Bennett
1304 964 226 51 Munro.
1607 963 138 51 New
1789 962 113 52 and
1944 980 113 34 rev.
2099 961 86 52 ed.

195 1042 137 53 New
364 1042 178 68 York,
572 1044 120 52 The
724 1043 333 52 Macmillan
1090 1060 295 50 company,
1418 1044 150 49 1934.

264 1115 578 50 5 p. l., 121 p. 19½ cm .
198 1170 50 51 ©
277 1176 107 40 Jan.
412 1175 67 47 16,
507 1174 113 40 1934;
675 1174 66 39 2c.
769 1174 94 39 and
890 1173 82 39 aff.
1001 1173 107 38 Jan.
1137 1173 54 38 17;
1246 1172 42 39 A
1315 1172 141 40 69021;
1514 1172 281 39 Macmillan
1823 1183 64 28 co.

276 1230 249 48 (34-1213)

198 1320 289 64 Neuman,
518 1321 151 52 Fred
701 1320 139 63 Gus,
874 1322 170 49 1893-

264 1397 164 52 Irvin
466 1396 55 54 S.
559 1396 183 67 Cobb;
779 1397 88 52 his
900 1396 104 52 life
1039 1397 110 51 and
1184 1395 428 68 achievements,
1644 1397 74 66 by
1754 1397 151 53 Fred
1939 1396 68 54 G.
196 1397 1967 143 Neuman;
394 1474 139 52 with

571 1473 1617 69 an introduction by O. O. McIntyre … Paducah,
196 1554 130 67 Ky.,
358 1552 210 68 Young
594 1551 334 68 publishing
956 1569 294 49 company,
1283 1555 149 51 1934.

266 1624 1482 50 275 p. incl. illus., plates, ports, front. (port.) 23½ cm .
203 1680 50 50 ©
284 1685 107 38 Jan.
421 1684 38 40 9,
489 1683 139 41 1934;
660 1684 66 38 2c.
757 1685 93 36 and
881 1682 80 40 aff.
992 1683 108 38 Jan.
1131 1683 54 38 17;
1243 1682 41 38 A
1313 1681 168 47 69050;
1514 1682 50 40 F.
1597 1681 52 41 G.
1680 1682 232 46 Neuman,
1945 1680 243 47 Paducah,

267 1741 89 46 Ky.
429 1740 249 47 (34-1260)

201 1830 144 52 New
394 1828 286 52 universal
732 1828 532 68 self-pronouncing
1314 1829 322 68 dictionary
1687 1829 62 52 of
1798 1830 94 52 the
1944 1827 242 69 English

270 1903 1898 147 language … based upon the foundation laid by Noah Webster, edited and
271 1981 1919 148 modernized by W. J. Pelo … with an appendix containing foreign words and phrases, Christian
270 2154 191 36 names
495 2137 64 53 of
586 2155 128 34 men
749 2138 114 52 and
896 2155 234 49 women,
1164 2136 178 55 tables
1376 2137 64 53 of
1474 2137 239 70 weights
1749 2139 113 52 and
1895 2154 297 48 measures,

273 2215 282 53 electrical
594 2215 171 68 units,
806 2215 438 68 abbreviations,
1287 2221 118 61 etc.,
1449 2221 101 47 etc.
1628 2215 426 68 Philadelphia,
271 2214 1897 132 International
646 2310 157 50 press
839 2325 13 35 [
857 2298 17 22 c
879 2294 133 51 1933
1017 2325 14 35 ]

271 2368 80 39 xvi
378 2379 58 36 p.,
464 2368 25 38 1
552 2397 9 16 l.,
588 2367 114 39 1064
729 2378 42 36 p.
828 2368 85 40 col.
942 2367 163 46 front.,
1132 2367 143 47 illus.,
1303 2368 168 47 plates.
1530 2368 57 40 19
1588 2370 43 20 cm
1637 2400 7 7 .

271 2425 225 39 Lettered
525 2434 60 29 on
614 2432 139 31 cover:
812 2424 101 39 The
941 2423 200 48 graphic
1172 2423 285 48 dictionary,
1488 2423 458 49 self-pronouncing.

206 2477 51 51 ©
283 2481 109 39 Dec.
419 2481 68 46 11,
513 2480 113 39 1933;
680 2480 64 38 2c.
772 2481 95 38 and
892 2479 80 41 aff.
999 2481 109 39 Jan.
1135 2480 37 47 6,
1199 2479 113 41 1934;
1367 2483 39 36 A
1433 2480 141 40 68771;
1632 2482 128 38 John
1786 2480 48 40 C.
1861 2480 223 40 Winston
2111 2489 80 36 co.,

275 2536 350 47 Philadelphia,
710 2533 51 50 [©
796 2537 235 40 revisions
1065 2539 95 38 and
1192 2537 260 47 additions]
1525 2537 249 48 (34-1277)

205 2628 144 50 New
389 2626 181 52 York.
644 2626 418 64 Metropolitan
1102 2643 268 37 museum
1409 2628 64 52 of
1509 2630 115 50 art.
1699 2628 295 68 Bashford
2031 2629 164 51 Dean

274 2705 296 52 memorial
602 2705 308 53 collection.

275 2778 120 53 The
438 2778 295 54 Bashford
774 2780 162 54 Dean
979 2782 295 52 collection
1315 2781 64 53 of
1421 2799 149 35 arms
1612 2782 114 52 and
1769 2799 188 35 armor
1999 2782 59 51 in
2101 2781 94 51 the

206 2856 411 68 Metropolitan
657 2875 253 35 museum
951 2857 65 54 of
1055 2864 117 62 art;
1216 2858 388 53 introduction
1647 2860 113 52 and
1802 2857 393 69 biographical

207 2933 1987 72 outline by Carl Otto v. Kienbusch … catalogue by Stephen
208 3010 1989 72 V. Grancsay … Portland, Me., Pub. by the Southworth press
212 3088 91 53 for
330 3089 95 53 the
453 3089 211 53 Armor
693 3090 111 53 and
834 3109 150 35 arms
1014 3091 128 53 club
1171 3091 63 53 of
1262 3091 138 53 New
1431 3091 162 53 York
1622 3091 134 69 city,
1787 3093 150 51 1933.

280 3163 1666 50 v p., 1 l., 270 p.. 2 l. front., LXIII ph, tables (1 fold.) 31 cm .
281 3220 103 39 “An
412 3220 183 40 edition
623 3220 189 41 limited
841 3225 49 36 to
921 3224 95 38 two
1045 3223 220 39 hundred
1294 3224 96 38 and
1420 3222 111 48 fifty
1562 3221 200 49 copies.”
1822 3221 118 40 This
1969 3232 118 37 copy
2119 3221 80 39 not

205 3277 273 40 numbered.

283 3331 244 41 Bashford
555 3332 176 40 Dean's
758 3333 220 48 writings:
1035 3346 42 36 p.
1103 3335 141 39 17-23;
1301 3334 349 48 Bibliography
1677 3338 50 37 at
1755 3334 90 40 end
1872 3333 52 41 of
1949 3334 253 46 catalogue

220 3389 62 46 (p.
313 3388 227 48 253-258)

215 3442 50 50 ©
299 3447 109 38 Dec.
443 3445 68 40 27.
545 3445 139 39 1933;
719 3446 65 39 2c.
819 3448 93 37 and
946 3446 82 40 aff.
1063 3448 107 38 Jan.
1205 3447 37 46 8,
1277 3447 140 40 1934;
1454 3447 40 38 A
1527 3446 167 47 67900;
1733 3447 172 38 Armor
1940 3446 94 40 and
2069 3455 129 29 arms

285 3503 121 39 club.
435 3502 115 38 New
579 3502 144 39 York.
794 3502 249 47 (34-1270)

215 3590 142 51 New
385 3590 179 52 York.
639 3592 272 52 Museum
940 3593 64 51 of
1031 3594 240 52 modern
1298 3596 115 54 art.

285 3666 421 53 International
741 3668 315 53 exhibition
1095 3670 62 53 of
1190 3672 219 51 theatre
1448 3676 105 60 art,
1587 3670 263 68 January
217 3668 1961 128 16-February

345 3745 1791 68 26, 1934. New York, The Museum of modern art [ c 1934]
287 3817 1042 51 1 p. l., 5-66, [1] p., 1 l. plates. 25½ cm .
290 3875 1914 52 “Twenty-five hundred copies … printed … by Plandome press, inc.,
217 3933 114 39 New
362 3932 171 41 York.”
