2350 4196
1126 4007 128 47 1548

217 379 143 52 New
392 378 179 52 York.
646 378 417 64 Metropolitan
1095 394 268 37 museum
1393 378 64 53 of
1486 380 115 53 art.

346 451 1859 64 … Chinese textiles; an introduction to the study of their
217 530 236 69 history,
478 548 238 49 sources,
741 531 314 68 technique,
1083 530 344 69 symbolism,
1455 531 112 52 and
1595 548 113 49 use,
1734 531 76 68 by
1837 530 154 53 Alan
2018 529 188 55 Priest

217 609 111 51 and
356 608 241 52 Pauline
630 607 300 55 Simmons.
997 609 54 51 A
1079 627 120 34 new
1230 609 110 52 and
1374 627 111 35 rev.
1519 608 83 52 ed.
1671 608 138 52 New
1842 608 179 68 York,
2055 610 148 50 1934.

288 680 995 48 x. 96 p., 1 l incl. illus., plates. 22 cm .
288 738 62 39 At
372 738 123 39 head
520 737 52 39 of
596 738 133 39 title:
756 738 100 40 The
882 738 344 47 Metropolitan
1250 746 217 30 museum
1495 737 51 39 of
1570 740 91 37 art.

291 793 1915 49 “Of this book … 1,000 copies were printed in a second edition with
220 851 220 46 revision,
476 849 216 44 October,
724 851 156 40 1934."

286 905 347 49 Bibliography:
692 917 43 37 p.
765 907 157 40 95-96.

220 961 1984 52 © Nov. 2. 1934; 2c. and aff. Nov. 12: A 78029: Metropolitan museum
288 1022 832 48 of art. New York. (34-38348)
217 1112 347 61 Newhouse,
597 1114 270 54 Edward.

286 1191 125 50 You
457 1190 147 51 can’t
645 1190 149 67 sleep
838 1192 147 65 here,
1028 1192 73 65 by
1144 1192 252 51 Edward
1438 1191 328 52 Newhouse.
1842 1192 137 51 New
2025 1193 177 63 York,

213 1267 967 62 The Macaulay company [ c 1934]
285 1339 85 40 252
396 1350 43 37 p.
498 1340 57 40 19½
585 1343 43 20 cm
636 1374 7 7 .

219 1393 1684 50 © Nov. 15. 1934; 2c. and aff. Nov. 20: A 78197: Macaulay co.
297 1453 276 47 (34-38718)

215 1544 259 65 Ogburn,
509 1543 251 54 William
794 1544 283 65 Fielding,
1112 1548 168 49 1886-

216 1619 1967 145 You and machines [by] William F. Ogburn … [Washington,
352 1698 70 52 D.
452 1697 80 67 C.,
556 1697 274 53 National
855 1699 213 66 capital
1093 1716 173 49 press,
1291 1698 126 67 inc.,
1443 1704 18 20 c
1467 1701 151 62 1934]

285 1769 788 48 3 p. l., 55 p., 1 l. illus. 23 cm .
290 1828 144 39 "This
468 1827 248 46 pamphlet
752 1828 40 38 is
828 1837 88 30 one
951 1828 51 38 of
1036 1838 27 28 a
1101 1827 149 40 series
1285 1829 236 44 prepared
1555 1827 79 39 for
1671 1838 84 29 use
1792 1828 48 38 in
1878 1828 82 38 the
1997 1826 209 40 Civilian

217 1884 336 40 conservation
585 1894 136 36 corps
753 1885 151 38 under
937 1895 27 28 a
996 1887 144 44 grant
1171 1884 123 39 from
1328 1884 81 40 the
1444 1883 203 40 General
1682 1884 260 39 education
1975 1884 148 39 board
2157 1885 48 38 to

216 1940 80 40 the
337 1941 255 39 American
632 1941 186 39 council
856 1952 59 29 on
954 1940 268 41 education.
1294 1940 100 40 The
1435 1941 156 40 editor
1633 1941 51 39 of
1721 1941 82 42 the
1846 1941 149 39 series
2038 1942 41 38 is
2121 1941 83 39 Dr.

220 1996 142 48 Percy
391 1997 70 40 W.
490 1996 369 41 Bidwell.”—3d
887 1998 184 46 prelim,
1100 1997 111 40 leaf.

289 2053 238 40 “Further
557 2053 226 47 reading”:
841 2063 43 38 p.
915 2053 70 42 55.

218 2109 1965 108 © Oct. 24. 1934; 2c. and aff. Oct. 25: A 75935: Amor, council on education. Washington. (34-38356)
216 2260 170 64 Pape,
416 2258 300 66 Heinrich,
748 2264 171 49 1891-

284 2336 106 52 Die
425 2337 195 66 praxis
656 2338 98 50 der
788 2336 391 68 bekämpfung
1214 2356 108 32 von
1357 2337 376 52 krankheiten
1768 2338 116 50 und
214 2336 1964 145 Schädlingen

364 2413 1836 68 der zierpflanzen, von dr. Heinrich Pape … Berlin, P.
213 2493 203 66 Parey,
446 2496 148 50 1932.

283 2565 1363 48 x p., 1 l., 361 p. ill us., VIII col. pl., diagrs. 23 ½ cm .
285 2623 304 39 "Literatur":
654 2634 41 35 p.
733 2622 244 49 [340]-343.

217 2676 1869 50 © Jan. 1. 1932; 1c. Mar. 5. 1934; A -Foreign 23853: Paul Parey.
294 2737 119 44 (Agr
432 2736 196 45 32-697)

212 2826 270 64 Persons,
515 2828 245 52 Warren
791 2825 227 63 Milton,
1052 2826 167 52 1878-

284 2900 378 54 Government
687 2901 502 68 experimentation
1220 2903 55 50 in
1305 2901 267 64 business,
1598 2901 71 66 by
1696 2900 237 52 Warren
1962 2898 77 51 M.

215 2898 1986 148 Persons … New York, J. Wiley & sons, inc.; London, Chapman &
219 3056 154 65 Hall,
398 3055 237 55 limited.
665 3059 147 48 1934.

283 3125 844 50 3 p. l., xi. 268 p. 21 cm . $2.50
285 3184 101 38 “An
421 3185 272 46 outgrowth
729 3185 94 39 and
856 3185 263 46 expansion
1154 3185 50 38 of
1238 3196 60 27 an
1334 3186 249 39 historical
1622 3195 174 37 survey
1831 3186 139 39 made
215 3185 1964 93 December
322 3240 67 42 22,
417 3240 112 41 1933

554 3241 80 39 for
661 3241 81 39 the
767 3240 316 40 information
1111 3240 50 40 of
1190 3242 80 38 the
1296 3242 179 38 Edison
1504 3243 193 39 electric
216 3241 1964 96 institute.”—Foreword.

285 3354 344 39 “References”:
687 3365 41 31 p.
756 3352 213 41 239-258.
1028 3354 384 38 “Authorities":
1444 3367 40 35 p.
1511 3354 213 41 259-201.

217 3410 1983 50 © Oct. 18. 1934; 2c. Oct. 22: aff. Oct. 20: A 75886: W. M. Persons, New
284 3471 141 38 York.
497 3470 277 47 (34-38706)

214 3557 295 67 Pickford,
540 3562 188 63 Mary,
763 3563 170 50 1893-

278 3637 152 66 Why
460 3644 99 45 not
588 3644 92 60 try
716 3638 159 54 God?
956 3639 89 64 By
1076 3638 166 65 Mary
1274 3637 294 53 Pickford.
1646 3640 136 50 New
1814 3638 177 64 York,
2023 3639 75 50 H.
2134 3637 60 52 C.

273 3713 114 51 Kinsey
456 3719 42 48 &
527 3732 292 49 company,
851 3715 89 52 inc.,
1008 3720 146 47 1934.

283 3787 25 36 3
337 3797 40 35 p.
406 3786 13 38 l.,
477 3788 54 38 35
559 3798 42 35 p.
662 3788 54 38 17
720 3790 43 21 cm.

217 3840 1965 106 © Nov. 9, 1934; 2c. and aff. Nov. 10: A 77192: Mary Pickford Fairbanks. Beverly Hills. Calif. (34-38700)
