2350 4196
1149 3989 131 49 1122

221 377 243 62 Brauer,
494 377 197 63 Adolf,
722 379 82 50 ed.

291 467 377 53 Fortschritte
698 470 59 50 in
790 470 98 50 der
920 467 752 68 anorganisch-chemischen
1703 466 280 54 industrie
222 468 1964 130 dargestellt

414 565 69 33 an
520 547 152 50 hand
711 547 98 51 der
847 547 299 51 deutschen
1186 546 436 65 reichs-patente;
1690 546 152 66 hrsg.
1882 563 110 34 von
2027 545 185 53 Adolf

223 623 219 52 Brauer
477 625 116 50 und
625 627 55 52 J.
717 624 193 51 d'Ans.
982 629 47 47 4.
1064 623 90 52 bd.
1229 626 321 51 1928-1932.
1625 628 43 46 1.
1707 624 109 50 abt.
1888 625 323 51 Bearbeitet

222 702 104 52 mit
412 706 397 63 unterstützung
855 722 106 32 von
1012 701 164 56 Josef
1222 702 335 51 Reitstötter
1603 702 115 52 und
1764 707 166 46 unter
221 702 1966 146 mitwirkung

415 781 235 51 anderer
686 781 423 67 fachgenossen.
1184 780 215 55 Berlin,
1433 782 55 52 J.
1527 780 295 66 Springer.
1858 783 148 50 1934.

301 866 1121 49 2 p. l., 892 p. illus., tables, d iagrs. 28cm.
231 935 1864 51 © May 29. 1924: 1c . Sept. 20; A -Foreign 25627: Julius Springer.
226 1057 270 63 Carrara,
529 1057 171 62 John,
735 1059 170 49 1913-

296 1133 119 52 The
453 1137 247 65 greatest
734 1132 365 68 kidnapping
1139 1131 190 52 event!
1411 1130 152 55 Soon
1602 1136 58 47 to
1701 1130 128 53 take
1871 1132 174 67 place.
2124 1132 90 67 By

227 1208 1986 71 Evangelist John Carrara … 1st ed. Binghamton, N. Y., J.
228 1288 210 69 Young
548 1291 117 63 [c1934]

296 1374 55 41 63
378 1385 43 38 p.
511 1374 115 40 19½cm.

300 1443 235 43 Sermons.

232 1515 1981 52 © July 28. 1934: 2c. and aff. Aug. 10: A 73804: J. Carrara, Fairview,
298 1577 57 39 N.
386 1576 39 39 J.
500 1575 277 48 (34-29343)

230 1692 318 64 Chapman,
578 1694 310 61 Maristan,
918 1692 192 67 pseud.

298 1770 179 69 Eagle
517 1767 136 69 cliff,
691 1770 74 67 by
804 1770 281 52 Maristan
1126 1769 326 67 Chapman;
1492 1769 380 53 illustrations
1909 1770 74 67 by
2023 1771 191 52 James

229 1848 61 54 C.
330 1849 246 52 McKell.
708 1867 81 33 New
830 1848 178 65 York,
1047 1848 255 65 London,
1342 1849 70 53 D.
1452 1847 578 68 Appleton-Century
227 1865 1962 130 company,
427 1927 416 67 incorporated,
877 1929 148 51 1934.

304 2010 63 48 ix,
395 2011 98 47 271,
524 2010 54 48 [1]
610 2020 41 37 p.
679 2009 107 40 incl.
816 2009 162 48 front.,
1008 2009 141 48 illus.,
1177 2011 170 46 plates.
1404 2010 145 40 19½cm.

233 2083 50 51 ©
319 2088 118 45 Aug.
473 2087 67 38 17.
576 2084 138 40 1034:
754 2084 64 40 2c.
855 2085 117 46 Aug.
1009 2084 80 47 20.;
1130 2084 78 40 aff.
1250 2084 123 47 Sept.
1414 2085 49 38 5:
1504 2085 39 37 A
1582 2084 166 40 75230:
1789 2085 140 47 Mary
1966 2085 250 47 Chapman

301 2144 94 39 and
422 2144 58 38 John
579 2142 205 39 Stanton
813 2141 260 46 Chapman.
1107 2141 148 40 South
1285 2141 341 40 Jacksonville,
1658 2141 101 41 Fla.

310 2198 277 49 (34-29552)

229 2315 226 64 Clarke,
486 2317 161 63 Tom,
681 2317 168 50 1884-

295 2390 1921 70 Marriage at 6 A . M., by Tom Clarke. London, V. Gollancz,
229 2472 119 67 ltd.,
379 2473 148 50 1934.

298 2558 86 40 287
416 2567 42 38 p.
518 2555 149 41 front,
695 2553 172 49 (port.)
933 2555 145 39 22½cm.

301 2628 70 40 “A
391 2626 337 48 fragmentary
751 2625 98 40 tale
873 2625 51 40 of
948 2636 129 30 some
1100 2626 50 38 of
1175 2637 76 35 my
1276 2625 307 48 experiences
1607 2626 95 40 and
1729 2625 270 40 reflections
2028 2625 187 49 [during

228 2696 29 30 a
285 2685 117 41 visit
429 2685 52 39 to
507 2681 403 50 Australia]”—p.
944 2681 129 50 [7]-8.

235 2752 1980 51 © 1c. June 2, 1934: A ad int. 19002: pubd. Apr. 9: Thomas Clarke.
305 2813 209 39 London.
585 2808 278 50 (34-29329)

229 2924 226 65 Collier,
486 2924 254 56 William
769 2925 207 63 Miller,
1010 2924 169 54 1867-

361 2999 1855 71 … Bankruptcy act (United States Code, title 11) as
231 3080 273 51 amended
541 3085 58 46 to
635 3078 148 53 June
822 3081 83 52 28,
945 3082 147 49 1934.
1166 3079 329 54 Annotated
1535 3080 139 52 with
1715 3096 149 36 cross
1903 3077 314 53 references

895 3133 8 12 /

232 3157 110 52 and
386 3161 157 47 notes
583 3156 258 65 together
884 3156 139 52 with
1068 3155 243 55 General
1356 3158 193 52 orders
1592 3158 61 52 in
1697 3156 361 69 bankruptcy
2102 3155 113 53 and

231 3231 198 54 official
457 3233 178 52 forms
663 3233 59 51 in
751 3232 376 69 bankruptcy,
1156 3234 244 68 adopted
1430 3235 73 67 by
1534 3235 94 52 the
1660 3234 275 69 Supreme
1964 3238 162 48 court
2152 3231 65 54 of

232 3309 91 52 the
354 3310 213 53 United
600 3308 204 69 States,
834 3329 58 33 as
923 3311 271 52 amended
1224 3316 56 48 to
1312 3312 129 52 date
1468 3312 140 53 with
1640 3312 362 52 annotations
2032 3317 57 47 to
2121 3310 95 54 the

231 3386 243 55 General
500 3388 192 51 orders
720 3388 111 51 and
859 3387 197 52 official
1083 3386 194 55 forms.
1341 3392 135 49 1934
1503 3390 82 52 ed.;
1647 3389 258 53 indexed.
1968 3388 249 69 Albany,

232 3463 66 52 N.
330 3465 88 66 Y.,
446 3465 78 51 M.
555 3465 224 51 Bender
806 3466 44 49 &
879 3482 294 50 company,
1202 3465 415 68 incorporated,
1645 3469 151 50 1934.

319 3548 752 49 1 p. l., 397 p. 25cm. $2.00
304 3619 61 39 At
391 3620 123 39 head
543 3619 51 39 of
621 3619 108 40 title:
786 3618 176 41 Collier
989 3620 245 47 pamphlet
1263 3622 195 40 edition.

303 3681 312 40 “Thirteenth
648 3681 257 48 printing.”

304 3735 365 49 “Comparative
704 3737 129 41 table
867 3737 51 41 of
952 3739 220 41 sections.
1207 3740 315 48 Bankruptcy
1557 3743 79 39 act
1672 3742 51 40 of
1757 3740 114 42 1898
1907 3741 95 40 and
2039 3738 179 41 United

237 3791 160 43 States
424 3792 140 49 Code,
590 3794 106 40 title
725 3794 67 47 11,
823 3793 341 50 Bankruptcy”:
1219 3806 43 38 p.
1295 3797 53 50 [2]
1379 3798 52 40 of
1458 3808 153 30 cover.

234 3860 50 51 ©
314 3865 114 47 July
453 3865 68 44 27,
550 3865 138 47 1934;
719 3866 65 39 2c.
814 3867 114 46 July
955 3867 81 45 30;
1068 3867 79 39 aff.
1175 3868 116 48 Aug.
1322 3871 52 38 11;
1432 3871 42 38 A
1502 3870 138 41 73891:
1702 3872 233 38 Matthew
1964 3869 188 39 Bender
2180 3868 36 40 &

301 3932 80 36 co.,
413 3922 89 39 inc.
574 3921 276 49 (34-29513)
