2350 4196
1081 3998 132 50 1631

141 437 198 53 stitute
376 437 94 53 for
505 440 256 52 research
798 440 60 51 in
893 439 95 51 the
1024 437 171 53 social
1233 454 239 35 sciences,
1527 437 336 66 University
1901 436 63 53 of
140 438 1969 145 Virginia,
347 519 148 50 1934.

215 588 97 47 xxi,
345 588 82 39 151
464 599 41 37 p.
568 589 178 48 diagrs.
806 589 55 40 23
865 591 43 21 cm
914 620 7 7 .
986 587 114 50 [The
1135 586 280 48 University
1448 586 52 40 of
1532 586 222 49 Virginia
1790 588 233 39 Institute
2058 586 78 41 for

145 646 222 38 research
395 645 48 38 in
477 646 79 40 the
584 646 149 40 social
764 646 224 40 sciences.
1049 644 233 40 Institute
1311 644 297 47 monograph.
1683 654 74 31 no.
1789 644 70 48 20]

491 703 162 39 CONTENTS.—The
688 713 148 37 rayon
875 702 225 47 industry
1135 702 49 39 in
1222 700 400 49 Virginia.—The
1659 702 288 45 rehandling
1984 702 51 38 of
143 705 1976 93 tobacco
315 759 49 39 in
393 759 514 47 Virginia.—Tobacco
935 757 400 48 manufacturing
1362 757 49 39 in
1441 757 400 48 Virginia.—The
1870 760 189 44 growth
2087 759 50 39 of

145 815 138 40 trade
314 814 241 42 unionism
589 817 46 39 in
667 816 236 48 Virginia.

145 869 50 51 ©
231 874 109 38 Dec.
376 875 26 36 4,
451 872 114 41 1934;
629 875 66 39 2c.
732 876 97 38 and
862 873 81 40 aff.
978 874 110 38 Dec.
1127 873 24 39 6;
1215 872 41 39 A
1290 871 142 41 78424;
1499 872 281 48 University
1815 874 53 38 of
1903 872 235 49 Virginia,

214 930 233 39 Institute
481 931 78 38 for
594 931 223 39 research
852 931 49 38 in
935 931 80 38 the
1051 930 148 39 social
1234 928 224 48 sciences,
1494 928 409 50 Charlottesville,
1938 931 85 41 Va.

222 986 279 47 (34-27979)

147 1076 235 67 [Street,
412 1079 153 52 Cecil
592 1078 154 54 John
776 1077 262 67 Charles]
1075 1082 167 50 1884-

216 1153 207 52 Poison
463 1153 93 53 for
597 1157 22 47 1
668 1153 108 69 [by]
819 1153 155 54 John
1011 1152 196 53 Rhode
1249 1154 212 67 [pseud.]
1558 1153 135 52 New
1737 1153 175 68 York,
1953 1154 186 69 Dodd,

149 1230 754 70 Mead & company [ c 1934]
212 1301 526 49 3 p. l., 250 p. 19 cm .
146 1358 50 51 ©
229 1363 118 40 Nov.
378 1362 68 40 28.
479 1362 140 47 1934;
654 1362 64 40 2c.
753 1365 94 38 and
880 1363 80 41 aff.
996 1364 108 39 Dec.
1139 1364 23 38 7;
1225 1363 34 38 A
1295 1363 170 47 77546;
1503 1364 153 47 Dodd,
1691 1365 141 39 Mead
1866 1365 37 40 &
1934 1377 80 36 co.,
2051 1367 87 38 inc.

221 1419 280 48 (34-40512)

142 1508 273 65 Surcouf,
443 1510 206 63 Marie,
678 1510 261 52 baronne.

274 1586 1659 69 … Un roi l’aima, roman. Paris, J. Tallandier [1934]
212 1657 749 51 2 p. l., [7]-222 p., 1 l. 19 cm .
147 1711 1997 52 © June 2, 1934; 1c . Oct. 27; A- Foreign 25936; Société d'éditions et
215 1774 55 38 de
299 1773 337 47 publications.
668 1773 153 38 Paris.
893 1771 278 49 (34-40323)

165 1861 277 65 Thirkell,
472 1864 138 51 Mrs.
642 1863 229 63 Angela
901 1864 304 63 Margaret
1237 1862 315 66 (Mackail)
1592 1871 172 49 1890-

214 1940 256 67 Trooper
515 1945 58 47 to
619 1941 96 51 the
761 1941 269 52 southern
1077 1958 165 50 cross,
1288 1942 73 66 by
1407 1942 184 52 Leslie
1637 1944 219 52 Parker
1924 1947 195 65 [pseud.]

145 2019 1030 68 London, Faber and Faber [ 1934]
215 2091 356 48 293 p. 19 ½ cm .
149 2145 1994 56 © 1c Oct. 26, 1934; A ad int. 19477; pubd. Sept. 6; Angela Thirkell,
216 2206 209 39 London.
499 2205 280 49 (34-40288)

144 2294 274 66 Thomas,
451 2296 266 52 Norman
751 2297 288 64 Mattoon,
1075 2302 168 49 1884-

223 2372 228 52 Human
513 2371 373 68 exploitation
948 2370 58 53 in
1067 2373 94 53 the
1220 2373 217 54 United
1498 2373 207 68 States,
1763 2375 72 68 by
1895 2376 249 53 Norman

149 2449 275 67 Thomas;
452 2450 140 52 with
619 2467 71 34 an
716 2448 187 54 index.
979 2448 136 54 New
1142 2449 177 68 York,
1345 2451 308 54 Frederick
1679 2453 70 53 A.
1776 2453 201 55 Stokes
151 2474 1967 121 company,
354 2530 149 48 1934.

215 2602 85 39 xix
326 2613 58 36 p..
411 2603 21 37 1
481 2632 7 7 l.,
530 2600 85 41 402
643 2612 40 36 p.
739 2601 27 39 21
798 2603 43 20 cm
848 2634 7 8 .

216 2659 350 47 Bibliography:
624 2669 41 36 p.
692 2658 216 41 391-398.

151 2712 51 50 ©
237 2717 111 40 Dec.
379 2718 39 40 4,
452 2715 113 40 1934;
628 2716 64 38 2c.
729 2717 93 37 and
857 2714 80 40 aff.
973 2716 111 39 Dec.
1118 2717 25 38 7;
1204 2718 40 37 A
1280 2718 134 40 78451;
1487 2719 262 41 Frederick
1782 2722 52 38 A.
1873 2723 171 41 Stokes
2079 2736 67 28 co.

229 2772 279 49 (34-28477)

146 2849 292 62 Todoroff,
473 2849 353 53 Alexander.

215 2925 1926 76 Food buying today, by Alexander Todoroff … Chicago.
144 3002 120 53 The
291 3005 252 65 Grocery
569 3004 163 51 trade
757 3002 334 69 publishing
1117 3005 187 67 house,
1334 3010 148 50 1934.

215 3075 57 42 96
305 3088 41 37 p.
408 3077 127 38 illus.
598 3075 143 40 23½cm.

152 3131 50 51 ©
232 3136 117 40 Nov.
438 3165 6 14 19,
473 3133 139 40 1934;
643 3132 65 41 2c.
739 3134 115 38 Nov.
883 3133 82 42 22;
997 3133 79 39 aff.
1106 3135 117 41 Nov.
1252 3136 46 37 21;
1363 3137 40 37 A
1431 3137 143 39 78216;
1633 3137 210 49 Grocery
1871 3141 140 41 trade
2039 3143 107 45 pub.

218 3194 162 37 house.
454 3190 280 48 (34-40470)

150 3269 67 54 D.
251 3269 56 53 S.
386 3268 44 51 G
437 3266 355 52 onstitution.

220 3345 119 51 The
382 3342 391 56 Constitution
817 3361 59 33 as
917 3344 47 51 it
1004 3344 76 64 is;
1125 3362 71 33 an
1236 3351 260 48 accurate
1537 3349 371 64 compilation
1949 3352 64 53 of
2053 3353 94 54 the

149 3419 2000 226 Constitution of the United States with all amendments incorporated, edited by William Strite McDowell … introduction by Bon. Joseph Buffington … [Detroit, Sons of Madison,
150 3662 17 20 c
172 3658 151 64 1934]

220 3724 674 51 2 p. l. , 7-38 p. 1 illus. 16½cm.
223 3785 178 38 “Third
433 3780 228 43 edition.”

156 3839 50 51 ©
234 3844 110 45 May
370 3841 68 40 31,
463 3837 141 47 1934;
629 3836 66 40 2c.
724 3838 93 38 and
844 3835 80 41 aff.
952 3836 124 39 June
1102 3838 25 37 4;
1183 3837 38 39 A
1248 3838 141 41 72637;
1446 3838 216 42 William
1693 3841 150 42 Strite
1871 3844 276 47 McDowell.

221 3897 207 40 Detroit.
494 3893 280 50 [Copyright
796 3892 42 40 is
863 3893 202 39 claimed
1093 3905 59 28 on
1177 3906 104 28 new
1307 3897 193 46 matter]
1567 3897 278 50 (34-40452)
