2350 4196
1058 4037 130 54 1747

149 397 313 63 Brewster,
489 395 245 63 Stanley
761 396 237 52 Farrar.

142 464 1972 230 Twelve men in a box, by Stanley F. Brewster … with a foreword by Clarence E. Martin … Chicago, Callaghan and company, 1934.
210 699 101 45 xiii,
340 699 84 39 175
450 709 42 36 p.
553 698 115 40 23cm.

147 768 50 51 ©
228 772 110 39 Dec.
371 772 66 44 17,
470 770 110 39 1934;
643 773 63 38 2c.
741 773 93 37 and
868 782 79 28 aff.
982 772 107 37 Dec.
1122 770 53 39 20;
1235 769 38 39 A
1306 768 141 40 78629;
1511 769 269 47 Callaghan
1813 769 35 39 &
1879 780 64 28 co.

224 828 219 45 (35-222)

147 931 336 55 Buchanan,
514 931 206 52 Daniel
747 933 290 52 Houston.

212 1006 122 52 The
385 1006 395 68 development
831 1005 65 54 of
946 1004 347 69 capitalistic
1345 1003 312 69 enterprise
1710 1004 60 52 in
1823 1004 192 67 India,
2064 1003 74 69 by

140 1081 1973 148 Daniel Houston Buchanan … New York, The Macmillan company, 1934.
213 1233 52 39 ix
287 1244 57 38 p.,
369 1235 23 38 1
443 1266 22 16 l.,
492 1234 85 40 497
603 1244 43 38 p.
706 1235 57 39 24
766 1237 15 21 cm
816 1268 7 7 .

216 1289 277 42 Half-title:
525 1291 196 40 Bureau
751 1291 51 40 of
830 1291 348 40 international
1210 1290 237 47 research,
1478 1289 231 40 Harvard
1741 1290 270 48 university
2045 1290 93 39 and

146 1346 233 41 Radcliffe
412 1347 190 48 college.

145 1401 50 51 ©
233 1407 109 38 Dec.
379 1406 68 39 18.
484 1405 113 40 1934;
663 1407 65 38 2c.
767 1408 94 37 and
896 1404 79 40 aff.
1014 1407 108 37 Dec.
1161 1404 79 47 19;
1282 1405 38 38 A
1359 1405 142 40 77743;
1571 1407 195 37 Bureau
1801 1406 52 39 of
1891 1405 247 41 internatl.

213 1464 236 40 research.
485 1464 227 38 Harvard
748 1463 126 39 univ.
910 1464 93 38 and
1041 1462 238 40 Radcliffe
1312 1463 191 46 college,
1541 1462 301 47 Cambridge.
1879 1464 144 37 Mass.

224 1519 219 47 (35-287)

141 1624 339 64 Buchanan,
513 1627 136 50 Mrs.
685 1624 307 54 Elisabeth
1024 1625 277 64 Prender,
1331 1625 84 52 ed.

210 1700 301 53 Prender’s
534 1700 155 52 brief
712 1720 72 33 on
809 1701 193 69 equity
1025 1699 450 69 jurisprudence,
1500 1700 283 68 prepared
1811 1700 111 52 and
1950 1697 189 55 edited

139 1777 1999 70 by Elisabeth Prender Buchanan … [Federalsbupg, Md., The
138 1857 54 51 J.
222 1856 87 53 W.
343 1856 233 55 Stowell
606 1856 264 69 printing
898 1874 295 50 company]
1228 1862 16 20 c
1251 1858 148 49 1934.

212 1929 24 38 2
301 1962 6 6 p.
361 1960 6 7 l.,
411 1929 85 40 132
523 1939 44 37 p.
627 1930 55 40 23
688 1931 41 21 cm
736 1961 7 8 .

143 1984 50 51 ©
230 1989 124 47 Sept.
390 1990 66 39 17,
493 1987 138 43 1934;
667 1988 64 39 2c.
768 1989 111 38 Dec.
912 1989 81 44 29;
1030 1988 78 39 aff.
1144 1989 106 37 Dec.
1287 1988 54 39 27;
1404 1988 39 38 A
1476 1988 170 46 77872;
1682 1989 51 37 E.
1771 1989 46 36 P.
1854 1987 283 44 Buchanan,

210 2045 332 48 Washington.
616 2045 219 48 (35-219)

141 2148 211 64 Burns,
384 2148 210 54 Alfred
625 2150 185 54 Scott.

211 2226 120 52 The
376 2225 148 67 dyke
570 2231 363 60 controversy
1012 2245 29 33 "a
1087 2231 157 60 story
1288 2226 63 54 of
1395 2225 229 65 politics
1671 2225 111 52 and
1828 2225 95 53 the
142 2224 1973 144 dykelands”,
397 2304 75 65 by
512 2302 211 54 Alfred
768 2303 161 54 Scott
971 2304 204 51 Burns.
1253 2304 233 62 Boston,
1526 2302 240 52 Meador
1806 2302 334 65 publishing

140 2398 294 47 company,
473 2383 152 50 1934.

209 2451 84 41 217
341 2465 42 36 p.
444 2452 149 42 front.
653 2452 56 40 21½
743 2454 43 21 cm
792 2485 7 7 .

142 2506 53 52 ©
225 2512 107 38 Dec.
365 2512 37 38 7.
432 2512 138 42 1934;
602 2511 64 38 2c.
701 2511 107 38 Dec.
840 2510 80 42 14;
954 2508 78 40 aff.
1065 2510 107 38 Dec.
1205 2510 79 40 17;
1317 2510 38 38 A
1386 2510 169 40 77680;
1592 2509 210 40 Edward
1834 2510 57 38 K.
1925 2508 211 41 Meador,

211 2569 193 38 Boston.
479 2567 220 47 (35-181)

142 2672 228 64 Carter,
399 2673 185 53 Isaac.

209 2743 1929 71 Indiana appellate practice, by Isaac Carter … Chicago,
141 2824 320 70 Callaghan
491 2825 112 52 and
633 2841 297 51 company,
961 2826 149 50 1934.

211 2908 30 28 x
284 2899 86 40 237
397 2908 29 38 p
500 2896 56 41 23
560 2900 15 20 cm

145 2953 53 51 ©
228 2958 109 39 Dec.
371 2956 69 43 21,
473 2955 138 41 1934;
646 2954 66 40 2c.
746 2956 109 39 Dec.
890 2954 54 41 27;
1006 2955 79 40 aff.
1120 2956 107 39 Dec.
1261 2956 81 41 28;
1378 2956 39 38 A
1450 2956 168 44 78751;
1658 2957 33 37 I.
1727 2955 186 41 Carter.
212 2954 1910 108 Indianapolis.
452 3011 220 49 (35-220)

142 3116 215 65 Cohen,
387 3117 222 63 Henry,
641 3120 172 49 1906-

209 3192 120 52 The
365 3210 219 49 powers
617 3189 65 54 of
712 3191 100 53 the
844 3191 139 52 New
1019 3191 163 53 York
1218 3191 181 55 Court
1435 3190 64 54 of
1534 3192 252 67 appeals,
1822 3191 75 68 by
1935 3190 201 67 Henry

142 3268 1571 68 Cohen … New York, Baker, Voorhis & co., 1934.
209 3341 136 48 lxxii,
380 3342 85 40 551
496 3352 45 37 p.
601 3340 56 39 22
661 3343 44 21 cm
709 3373 8 8 .

217 3398 176 41 “Table
418 3397 53 40 of
496 3396 191 42 cases”:
716 3407 44 37 p.
789 3397 222 41 xix-lxii.

211 3454 179 43 “Table
425 3454 52 39 of
514 3455 212 39 statutes
765 3453 181 41 cited”:
987 3465 42 37 p.
1069 3453 257 43 lxiii-lxix.
1396 3454 176 41 “Table
1612 3455 50 39 of
1702 3453 349 41 authorities”:
2096 3464 39 37 p.

141 3509 268 41 Ixxi-lxxii.

145 3564 55 51 ©
229 3570 109 38 Dec.
373 3569 67 39 20,
472 3568 113 40 1934;
646 3568 65 38 2c.
747 3569 110 39 Dec.
888 3568 81 41 21;
1005 3569 78 39 aff.
1119 3570 108 40 Dec.
1262 3570 53 38 22;
1379 3570 38 38 A
1450 3570 142 40 78637;
1656 3570 174 46 Baker,
1865 3569 207 41 Voorhis
2106 3571 35 39 &

210 3636 65 29 co.
348 3624 219 47 (35-221)

142 3728 246 63 Comito,
417 3725 280 55 Nicholas
724 3728 90 64 U.,
889 3729 101 52 illus.

210 3803 397 68 Youngstown
641 3806 60 51 in
739 3823 108 48 pen
886 3806 111 52 and
1035 3806 214 67 pencil;
1288 3806 326 53 illustrated
1649 3807 74 66 by
1758 3806 273 53 Nicholas
2066 3806 74 54 U.

141 3879 242 55 Comito.
445 3881 140 52 New
611 3881 164 53 York
801 3882 132 67 city,
959 3884 214 52 Robert
1197 3885 87 52 W.
1313 3884 174 66 Kelly
1514 3884 342 73 publishing
140 3902 1975 122 corporation,
313 3961 150 50 1934.
