2350 4196
1082 4082 98 48 315

146 441 287 63 Blossem,
464 442 149 52 Rose
647 441 66 54 B.

217 518 121 53 The
376 518 166 52 heart
580 518 62 52 of
680 517 96 52 the
813 516 185 66 Bible,
1035 516 74 66 by
1146 517 147 51 Rose
1333 517 67 51 B.
1441 517 289 65 Blossom;
1772 535 30 33 a
1842 516 300 52 connected

145 601 159 63 story
344 596 61 53 of
442 596 214 52 human
696 596 163 51 heart
896 594 197 53 throbs
1134 595 154 52 from
1327 595 95 52 the
1459 595 314 68 beginning
1811 595 62 52 of
1912 596 134 53 time
2086 601 58 47 to

146 675 95 53 the
279 680 227 63 present
541 675 128 67 day.
741 673 111 53 Los
888 673 267 68 Angeles,
1190 672 197 68 Calif.,
1421 674 218 53 Wetzel
1678 673 334 71 publishing
2050 693 95 47 co.,

143 753 105 52 inc.
291 756 192 64 [c1934]

215 824 905 50 3 p. l., 9-111 p., 1 l., 13 p. 20½cm.
146 881 54 52 ©
232 886 109 39 Feb.
375 885 68 46 10,
477 884 113 40 1934
609 895 7 29 :
652 885 66 39 2c.
753 885 121 38 Mar.
909 884 23 37 1;
997 883 80 39 aff.
1114 883 108 39 Feb.
1257 884 54 38 26
1331 894 7 29 :
1374 884 42 38 A
1449 884 143 40 69717;
1659 884 288 40 Safe-sound
214 887 1912 96 syndicate.
364 943 91 38 Los
487 942 218 45 Angeles.
780 940 251 47 (34-5376)

148 1059 288 65 Boothby,
466 1058 255 55 William
752 1060 63 53 T.

213 1133 297 56 “Cocktail
551 1133 156 53 Bill”
750 1133 311 69 Boothby’s
1103 1134 203 53 World
1352 1133 198 54 drinks
1596 1135 112 52 and
1752 1136 127 51 how
1923 1141 56 48 to
2023 1136 118 52 mix

142 1212 180 68 them;
357 1213 96 52 the
485 1213 277 52 standard
797 1212 295 68 authority
1125 1230 58 35 as
1218 1212 312 69 originally
1563 1212 280 68 compiled
1878 1215 76 67 by
1987 1213 152 52 Hon.

141 1289 1999 71 Wm. T. Boothby … completely revised and greatly enlarged
143 1367 121 54 into
312 1388 72 33 an
432 1369 357 68 unabridged
839 1367 397 70 encyclopedia
1288 1368 63 51 of
1401 1369 77 51 all
1528 1369 246 67 popular
1822 1369 317 69 beverages.

146 1446 136 68 [San
308 1448 323 66 Francisco,
655 1446 241 53 Printed
921 1446 75 69 by
1021 1447 96 51 the
1139 1445 283 53 Recorder
1449 1447 265 69 printing
1736 1450 46 50 &
1806 1447 334 70 publishing

141 1543 98 49 co.,
270 1528 175 64 c1934]

210 1601 98 47 270,
342 1601 54 49 [1]
428 1612 43 37 p.
529 1599 144 41 19½cm.
793 1598 130 50 $1.00

212 1657 190 41 Earlier
426 1657 209 41 editions
658 1658 122 40 have
805 1657 162 40 titles:
995 1656 247 41 “Cocktail
1267 1657 264 48 Boothby’s
1555 1657 255 41 American
1837 1658 301 40 bartender”.

144 1716 127 39 “The
300 1714 194 42 world’s
523 1714 171 41 drinks
723 1715 95 39 and
847 1715 109 39 how
985 1716 48 38 to
1065 1713 100 40 mix
1194 1713 158 41 them”
1385 1715 95 39 and
1514 1714 277 41 “‘Cocktail
1822 1715 110 39 Bill’
140 1715 1981 103 Boothby’s

267 1773 165 39 World
461 1772 170 40 drinks
659 1773 94 39 and
781 1772 109 40 how
919 1774 46 38 to
995 1780 201 39 prepare
1226 1772 173 39 them.”

144 1825 51 51 ©
227 1831 119 37 Mar.
378 1830 37 45 5,
446 1829 140 40 1934;
619 1829 65 39 2c.
716 1829 94 39 and
841 1828 79 40 aff.
954 1830 122 38 Mar.
1108 1829 79 44 19;
1222 1830 39 37 A
1291 1829 169 47 70697;
1496 1830 261 47 Bootliby's
1789 1832 146 39 world
1969 1832 168 40 drinks

210 1898 81 34 co.,
325 1886 95 41 San
451 1885 273 40 Francisco.
799 1885 250 48 (34-6154)

142 2002 257 66 Calkins,
431 2005 236 63 Myrtle.

209 2079 120 53 The
369 2081 162 51 home
572 2099 167 33 menu
781 2080 138 53 cook
956 2080 165 67 book,
1161 2082 74 67 by
1274 2081 217 68 Myrtle
1532 2080 265 68 Calkins;
1843 2081 296 69 including

141 2157 213 68 recipes
401 2158 93 52 for
540 2158 94 52 the
679 2159 191 52 mixed
919 2159 199 52 drinks
1164 2165 146 46 most
1358 2159 245 67 popular
1652 2176 205 52 among
1903 2160 231 51 modern

140 2233 289 56 hostesses.
505 2235 270 69 Chicago,
814 2237 119 52 The
973 2235 330 56 Goldsmith
1341 2237 335 68 publishing
1713 2256 77 33 co.
1837 2240 191 64 [c1934]

208 2311 616 48 1 p. l., 7-253 p. 19½cm.
210 2368 262 40 Published
501 2369 50 38 in
581 2367 113 41 1933
726 2368 154 40 under
910 2368 108 40 title
1037 2380 8 28 :
1079 2369 100 39 The
1209 2369 195 40 Detroit
1434 2380 131 29 news
1596 2380 140 29 menu
1769 2370 116 40 cook
1917 2371 134 39 book.

142 2421 51 51 ©
230 2426 110 40 Feb.
376 2426 68 46 25,
480 2425 114 40 1934;
660 2426 64 39 2c.
763 2428 94 37 and
893 2426 80 41 aff.
1013 2427 120 39 Mar.
1171 2427 53 38 17;
1290 2427 42 39 A
1366 2426 143 40 69874;
1575 2426 218 47 Evening
1826 2436 130 29 news
1993 2437 140 36 assn.,

208 2483 205 39 Detroit.
483 2478 70 54 [©
579 2494 104 28 new
712 2485 193 46 matter]
980 2483 248 48 (34-6150)

136 2594 376 66 Callaghan’s
566 2598 323 55 Wisconsin
944 2599 202 68 digest,
1200 2598 267 68 covering
1521 2601 99 49 205
1673 2599 461 55 Wisconsin-211

203 2675 321 55 Wisconsin
586 2678 111 51 and
757 2680 100 49 238
919 2679 429 52 Northwestern
1407 2675 241 54 473-250
1707 2677 427 52 Northwestern

203 2758 116 49 448.
385 2758 136 49 1934
548 2757 361 66 supplement
939 2756 337 68 continuing
1306 2756 365 67 Callaghan’s
1701 2755 319 55 Wisconsin
204 2755 1901 147 digest.
420 2833 211 53 Edited
673 2835 73 67 by
786 2833 338 69 publisher’s
1165 2834 266 52 editorial
1470 2831 148 55 staff.
1696 2834 267 67 Chicago,
204 2834 1905 147 Callaghan
446 2913 111 51 and
587 2931 296 49 company,
914 2916 150 48 1934.

211 2986 549 49 2 p, l., 287 p. 26½cm.
140 3040 51 51 ©
223 3045 121 38 Mar.
376 3044 68 40 26.
475 3043 139 40 1934;
648 3043 66 40 2c.
748 3044 93 38 and
873 3043 80 40 aff.
987 3044 120 38 Mar.
1139 3044 58 39 30;
1255 3044 39 37 A
1327 3042 167 47 70870;
1530 3042 268 47 Callaghan
1830 3042 34 40 &
1895 3052 65 29 co.

144 3161 336 66 [Campbell,
505 3158 256 56 William
791 3161 254 54 Edward
1073 3161 225 66 March]
1334 3162 169 50 1894-

208 3239 170 54 Come
403 3240 59 51 in
489 3245 58 46 at
572 3240 94 53 the
692 3241 156 64 door,
872 3240 76 66 by
969 3238 262 55 William
1254 3240 201 51 March
1512 3238 206 66 [pseud.]
1787 3239 137 51 New
1951 3238 176 53 York,

135 3317 76 53 H.
243 3318 188 55 Smith
460 3319 112 52 and
600 3318 68 53 R.
695 3318 179 65 Haas,
904 3321 149 49 1934.

206 3390 86 40 349
324 3401 42 37 p.
427 3389 145 39 21½cm.

139 3444 51 51 ©
223 3449 108 38 Feb.
364 3447 68 46 19,
465 3447 139 42 1934;
640 3446 63 40 2c.
739 3449 94 37 and
865 3446 82 40 aff.
981 3447 109 38 Feb.
1124 3447 47 38 21
1196 3457 8 29 :
1240 3446 40 39 A
1312 3445 142 41 69528;
1517 3445 213 40 William
1765 3445 169 38 March
206 3444 1911 103 Campbell,
350 3505 266 46 Hamburg,
655 3503 254 48 Germany.
983 3502 248 48 (34-6280)

139 3621 261 65 Carlisle,
431 3622 184 52 Helen
645 3621 204 55 Grace.

317 3697 1811 67 … The wife. New York, Harcourt, Brace and company
142 3781 191 62 [c1934]

206 3846 620 50 4 p. l., 3-298 p. 20½cm.
209 3905 161 41 “First
401 3903 225 43 edition.”

139 3960 51 51 ©
223 3965 121 38 Mar.
378 3963 67 40 22.
479 3962 140 40 1934;
654 3962 66 39 2c.
755 3963 94 37 and
883 3960 79 39 aff.
999 3961 121 40 Mar.
1154 3960 80 39 26:
1272 3960 38 38 A
1344 3959 169 40 70790:
1551 3961 157 41 Helen
1743 3960 151 43 Grace
1929 3959 205 40 Carlisle

206 4020 134 41 Reid,
372 4021 115 37 New
518 4018 143 39 York.
733 4016 251 48 (34-6045)
