2350 4196
1104 4011 131 52 1579

153 366 248 65 Nicotri,
435 368 281 63 Gaspare.

230 489 54 8 ...
338 443 191 55 Storia
576 444 150 52 della
774 443 199 55 Sicilia
1019 442 145 51 nelle
1211 439 340 52 rivoluzioni
1599 459 27 33 e
1672 437 220 53 rivolte.
1973 440 49 48 4.
2068 437 85 51 ed.

158 524 318 63 rinnovata,
516 540 101 34 con
657 522 320 51 documenti
1019 518 199 52 inediti
1259 536 27 33 e
1324 516 400 52 illustrazioni.
1796 515 140 52 New
1977 513 179 65 York,

154 600 215 51 Italian
408 599 322 66 publishers
773 632 11 32 [
791 606 17 20 c
813 601 135 49 1934
952 630 13 33 ]

225 670 99 48 viii,
357 671 86 40 247
475 683 40 36 p.
578 671 171 47 plates,
783 671 147 47 ports.
993 668 54 39 21
1052 670 42 21 cm
1100 700 8 7 .

160 725 54 51 ©
243 730 113 38 May
383 729 68 40 15,
482 728 112 39 1934;
652 728 64 38 2c.
747 728 124 38 June
900 726 26 38 26;
1014 736 80 29 aff.
1125 724 112 46 July
1268 723 81 45 23;
1383 724 42 38 A
1451 723 170 46 74353;
1656 722 184 40 Italian
1867 721 287 49 publishers.

237 785 280 48 (34-39482)

156 860 701 52 Norwegian-American
891 857 308 54 historical
1226 856 377 55 association.

235 932 1923 66 ... Studies and records ... Volume VIII . Northfield, Minn.,
1541 1014 194 63 Norwegian-American historical association, 1934.
232 1084 1930 52 vii p., 1 l., 176 p, 23 cm . (Half-title; Publications of the Norwegian-
159 1145 256 40 American
444 1146 253 38 historical
726 1143 321 47 association)

163 1200 51 51 ©
244 1204 117 38 Nov.
393 1202 68 42 30,
494 1202 109 40 1934;
668 1203 66 39 2c.
767 1203 108 38 Dec.
910 1203 53 37 15;
1025 1200 80 41 aff.
1135 1201 111 40 Dec.
1276 1201 55 38 14;
1392 1201 41 38 A
1463 1199 171 47 77666;
230 1197 1915 102 Norwegian-American
345 1260 254 39 historical
627 1270 125 29 assn.

208 1311 758 74 Ó Crohan, Tomas, 1856-
227 1386 1933 79 The islandman, by Tomás Ó Crohan; translated from the
158 1475 170 59 Irish,
353 1477 140 53 with
520 1496 70 32 an
614 1477 409 63 introduction,
1049 1477 71 63 by
1147 1476 185 52 Robin
1359 1475 238 53 Flower.
1674 1475 220 53 Dublin
1920 1478 45 49 &
1991 1474 171 66 Cork,

158 1554 120 54 The
305 1556 208 52 Talbot
542 1572 173 50 press,
743 1555 222 53 limited
1002 1558 170 63 [1934]

229 1628 96 46 xiv,
352 1628 87 40 324
469 1638 40 36 p.
572 1628 163 42 front.,
767 1629 169 45 plates,
969 1630 146 44 ports.
1176 1626 55 39 22½
1264 1629 43 21 cm
1315 1659 6 6 .

230 1685 138 47 Maps
404 1696 58 29 on
497 1685 363 48 lining-papers.

230 1741 411 49 Autobiography.

234 1798 247 49 “Original
515 1802 48 37 in
596 1800 130 39 Irish
757 1800 105 39 first
894 1799 254 48 published
1180 1798 114 40 1929;
1357 1798 202 48 English
1592 1798 293 39 translation
1919 1798 105 40 first
162 1799 1988 97 published
347 1856 157 41 1934.”

169 1911 51 51 ©
255 1916 66 39 1c.
355 1916 116 38 Nov.
508 1914 36 43 9,
581 1915 139 41 1934;
758 1916 37 38 A
831 1916 57 38 ad
923 1915 86 40 int.
1045 1913 168 46 19576;
1251 1914 141 48 pubd.
1431 1913 101 41 Oct.
1569 1914 51 45 1;
1660 1913 202 40 Charles
1902 1912 266 41 Scribner's

237 1982 123 35 sons,
392 1973 118 38 New
540 1973 143 38 York.
757 1970 279 49 (34-39341)

168 2033 345 54 Oklahoma.
591 2034 282 52 Criminal
903 2040 159 49 court
1090 2035 62 64 of
1179 2036 249 64 appeals.

238 2110 317 54 Oklahoma
595 2111 263 54 criminal
892 2117 236 61 reports.
1195 2113 247 52 Volume
1472 2130 72 33 ы.
1618 2111 167 54 Cases
1816 2110 352 53 determined

174 2233 54 7 ...
302 2190 424 67 May-August,
797 2193 148 48 1931.
1051 2191 253 50 Howard
1377 2191 236 57 Parker,
1682 2194 145 47 state
1895 2193 273 63 reporter.

168 2266 1810 69 Guthrie. Okm., Co-operative publishing cowman у [ c 1934]
240 2342 94 46 xiv,
363 2342 84 39 491
513 2375 6 6 p.
577 2341 144 38 22½cm.

173 2395 54 51 ©
256 2400 119 46 Aug.
404 2400 39 43 9,
475 2399 113 38 1934;
646 2400 67 40 2c.
742 2399 117 46 Aug.
892 2399 80 45 13;
1007 2398 82 40 aff.
1119 2399 117 45 Aug.
1269 2399 51 46 8;
1356 2400 38 37 A
1426 2398 170 47 77614;
1633 2399 137 40 State
1800 2398 53 39 of
1886 2398 284 47 Oklahoma,

243 2457 269 38 Oklahoma
541 2456 122 46 City.

208 2516 107 54 “Old
358 2515 313 65 Blockley”;
745 2516 371 68 proceedings
1159 2517 60 53 of
1263 2518 92 51 the
1397 2517 389 67 bi-centenary
1829 2516 338 54 celebration

236 2596 63 51 of
329 2597 95 51 the
454 2595 265 67 building
751 2595 62 51 of
844 2596 94 50 the
972 2594 407 68 Philadelphia
1414 2596 331 52 almshouse.
1822 2597 136 51 New
1995 2595 176 54 York.

237 2674 224 52 Frohen
490 2692 174 48 press,
696 2677 148 49 1933.

244 2747 96 47 171,
381 2746 54 49 [2]
473 2757 42 37 p.
578 2745 127 40 illus.
736 2744 132 48 (incl.
906 2748 161 46 ports.,
1104 2756 122 37 map,
1262 2746 216 46 facsim.)
1547 2746 145 39 24½cm.
1758 2747 233 47 fllisioria
173 2746 1984 97 medicinae.
476 2823 10 29 VIII]

242 2861 321 47 Proceedings
596 2860 50 39 of
681 2861 81 39 the
796 2860 295 39 celebration
1123 2861 109 39 held
1267 2863 50 37 at
1354 2862 80 38 the
1469 2861 339 47 Philadelphia
1844 2862 191 44 genera]
176 2863 1982 102 hospital,
339 2917 339 47 Philadelphia

710 2919 175 44 county
915 2917 207 39 medical
1148 2917 193 48 society,
1372 2918 191 40 Section
1592 2928 57 28 on
1679 2918 201 39 medical
1912 2918 184 47 history
2127 2918 45 38 of

176 2975 189 46 College
404 2975 50 39 of
490 2975 279 47 physicians
805 2975 51 38 of
892 2974 353 48 Philadelphia,
1283 2976 338 47 Philadelphia
1661 2975 278 40 obstetrical
1982 2975 190 48 society.

174 3032 336 48 Philadelphia
544 3031 329 47 neurological
904 3031 194 48 society,
1129 3034 94 38 and
1253 3033 339 47 Philadelphia
1625 3032 323 48 pathological
1983 3032 189 47 society,

203 3089 33 46 cf.
266 3098 42 37 p.
341 3089 52 49 [3]

247 3146 54 38 R.
337 3146 42 39 J.
415 3146 206 45 Hunter,
656 3145 265 47 chairman,
960 3145 283 42 Committee
1279 3147 51 38 of
1365 3150 369 43 arrangements
1771 3148 47 38 to
1853 3147 240 39 celebrate
2128 3151 44 36 at

179 3204 78 38 the
288 3203 338 47 Philadelphia
658 3204 195 45 general
883 3202 225 48 hospital,
1139 3204 82 39 the
1248 3203 142 40 200th
1422 3204 318 47 anniversary
1771 3204 51 39 of
1851 3205 80 38 the
1960 3204 212 47 building

178 3260 50 37 of
254 3261 80 38 the
358 3259 340 47 Philadelphia
726 3260 275 39 almshouse
1027 3260 48 38 in
1105 3260 215 40 1731-32.
1382 3261 62 47 cf.
1470 3272 41 36 p.
1542 3261 112 48 [173]

250 3316 181 40 “These
460 3316 312 47 proceedings
799 3316 190 40 formed
1018 3318 81 38 the
1130 3317 89 40 Old
1247 3318 228 47 Rlockley
1506 3318 227 39 numbers
1762 3318 52 39 of
1842 3318 205 39 Medical
2079 3318 87 39 life

181 3373 180 40 March.
393 3374 150 48 April,
575 3374 112 46 May
718 3375 95 37 and
846 3374 125 39 June
1001 3373 126 48 1933,
1159 3376 264 46 occupying
1450 3385 146 37 pages
1626 3374 322 48 97-284.”—p.
1984 3375 39 48 [2]

249 3428 350 49 Bibliography
625 3433 51 37 at
704 3431 91 39 end
822 3430 51 40 of
898 3441 129 29 some
1053 3432 51 38 of
1128 3432 80 39 the
1235 3442 189 37 papers.

185 3484 49 50 ©
263 3489 111 38 Dec.
403 3488 67 41 13,
497 3486 112 41 1933;
666 3488 64 39 2c.
760 3490 96 37 and
882 3488 81 41 aff.
992 3489 99 39 Oct.
1120 3489 68 39 22.
1216 3489 139 42 1934;
1385 3491 41 37 A
1449 3490 170 45 76685;
1651 3490 187 39 Frohen
1866 3500 149 37 press.

262 3544 279 46 (34-38860)

181 3605 194 65 Olson,
406 3607 154 53 John
596 3607 257 56 Helmer.

252 3681 273 68 Brighter
554 3682 240 65 visions;
826 3684 196 51 stories
1054 3685 110 51 and
1196 3702 206 49 poems,
1434 3685 71 66 by
1535 3684 154 53 John
1722 3684 236 51 Helmer
1989 3682 175 53 Olson.

186 3758 1569 71 Rock Island, Ill , Augustana book concern [ c 1934 ]
252 3828 57 40 96
337 3841 42 36 p.
410 3831 107 38 incl.
549 3830 147 40 front.
755 3830 56 40 19
814 3833 42 20 cm
864 3862 7 7 .

189 3885 49 51 ©
265 3890 115 39 Nov.
407 3891 69 45 14,
502 3889 113 40 1934;
667 3891 65 38 2c.
759 3892 95 38 and
880 3890 80 42 aff.
987 3892 116 38 Nov.
1130 3892 52 38 16;
1239 3894 38 37 A
1305 3892 143 41 78150;
1503 3893 286 47 Augustana
1818 3894 122 38 book
1966 3903 200 30 concern

266 3946 279 48 (34-39205)
