2350 4196
1118 4016 97 54 573

176 353 248 65 Moxley,
457 355 197 52 Frank
688 354 256 65 Wright,
979 356 167 50 1889-

245 430 119 52 The
393 431 191 68 glassy
616 432 154 66 pond
823 431 92 68 [by]
952 431 63 51 F.
1047 429 235 69 Wright
1313 429 247 69 Moxley.
1629 430 137 52 New
1801 430 178 69 York,
175 430 1972 145 Coward,
327 507 280 56 McCann,
639 509 106 52 inc.
826 510 151 65 [c1934]

248 579 85 42 320
362 592 42 37 p.
469 582 145 40 19½cm.

180 635 50 52 ©
258 640 113 47 Apr.
396 639 68 47 25,
493 640 139 46 1934;
661 641 68 40 2c.
759 641 112 46 May
898 640 81 46 15;
1011 638 78 41 aff.
1121 640 112 46 May
1261 639 81 46 12;
1373 640 42 37 A
1440 639 171 47 72385;
1643 640 37 38 F.
1722 641 71 39 W.
1823 640 206 49 Moxley,
2058 641 116 40 New

245 697 143 39 York.
447 696 279 48 (34-12181)

173 786 231 63 Nesbit,
434 789 227 63 Evelyn.

252 862 274 68 Prodigal
568 864 165 68 days;
776 866 94 52 the
910 864 202 53 untold
1155 869 172 63 story,
1367 863 72 69 by
1481 863 224 68 Evelyn
1744 863 213 53 Nesbit.
2035 863 136 55 New

183 941 175 68 York,
388 941 54 54 J.
474 941 269 69 Messner,
771 944 105 51 inc.
956 944 150 65 [c1934]

247 1012 103 49 xiii,
378 1012 85 41 315
492 1024 43 37 p.
592 1013 150 41 front.
802 1014 58 40 20½
890 1016 43 21 cm
939 1046 8 8 .

182 1070 50 52 ©
260 1075 114 47 May
398 1076 39 45 4,
465 1074 114 39 1934;
634 1074 67 40 2c.
729 1075 116 47 May
868 1075 52 46 7;
950 1073 81 41 aff.
1060 1075 113 46 May
1199 1074 51 46 5;
1280 1074 40 38 A
1348 1074 169 46 71514;
1548 1073 169 41 Julian
1745 1076 232 47 Messner,
2006 1076 90 40 inc.

260 1131 279 48 (34-12005)
1967 1130 118 43 3727

175 1221 182 64 Niles,
385 1224 139 52 Mrs.
554 1223 180 54 Blair.

246 1300 188 51 Maria
460 1301 242 60 Paluna,
729 1319 30 33 a
785 1301 181 65 novel,
991 1301 73 67 by
1093 1301 162 52 Blair
1282 1300 173 54 Niles.
1532 1301 138 52 New
1700 1301 178 57 York,
1903 1303 269 63 Toronto,

181 1380 339 64 Longmans,
547 1378 185 54 Green
761 1380 112 51 and
902 1398 95 46 co.,
1027 1383 147 49 1934.

249 1448 100 46 viii,
380 1451 85 40 334
495 1462 42 37 p.
599 1449 58 41 19½
686 1453 44 21 cm
736 1483 7 7 .

251 1505 162 42 “First
444 1506 226 42 edition.”

181 1560 50 52 ©
261 1565 114 47 May
400 1564 40 47 2,
469 1564 140 47 1934;
640 1565 67 39 2c.
737 1567 95 38 and
861 1565 80 40 aff.
972 1566 113 47 May
1113 1566 50 45 8;
1194 1566 41 38 A
1262 1565 170 45 71536;
1463 1566 54 40 B.
1546 1565 148 47 Niles,
1724 1566 117 40 New
1869 1566 144 41 York.

258 1621 279 48 (34-12173)

175 1697 231 65 Orkow,
436 1697 309 55 Harrison.

247 1774 103 68 My
372 1775 271 67 mistress,
666 1794 96 49 my
789 1776 153 67 wife,
967 1777 74 66 by
1067 1776 285 53 Harrison
1380 1777 228 53 Orkow.
1686 1776 136 52 New
1850 1777 179 66 York,
2056 1777 119 52 The

179 1852 844 70 Macaulay company [c 1 934]
252 1925 615 50 3 p. l., 9-316 p. 19½ cm .
183 1980 50 51 ©
263 1985 113 46 May
404 1984 38 47 9,
472 1982 139 49 1934;
642 1985 65 39 2c.
738 1986 95 38 and
862 1984 79 40 aff.
972 1986 113 47 May
1113 1985 79 46 12;
1224 1985 40 38 A
1295 1984 167 47 71594;
1495 1986 259 47 Macaulay
1783 1996 66 29 co.

258 2041 280 49 (34-12030)

174 2115 426 66 Ortenburger,
636 2118 231 53 Arthur
902 2119 221 65 Irving,
1158 2121 170 50 1898-

306 2193 1870 70 … No. 1. Howard Atwood Kelly [by] A. I. Ortenburger and
175 2273 248 52 Roberta
466 2272 69 52 D.
581 2271 419 70 Ortenburger;
1045 2292 88 34 no.
1174 2276 46 50 2.
1262 2273 121 53 The
1425 2274 253 67 decapod
1719 2279 353 47 crustaceans
2113 2272 65 54 of

176 2351 321 55 Oklahoma
544 2351 106 67 [by]
698 2351 65 51 E.
804 2352 63 51 P.
911 2351 235 55 Creaser
1184 2353 111 51 and
1337 2353 69 53 A.
1447 2353 47 51 I.
1537 2351 421 69 Ortenburger;
1999 2369 88 35 no.
2128 2354 47 51 3.

176 2429 121 53 The
336 2430 229 67 ecology
604 2429 64 51 of
707 2429 95 53 the
842 2432 236 50 western
1120 2429 320 55 Oklahoma
1479 2429 111 54 salt
1628 2431 187 67 plains
1863 2431 108 67 [by]
2016 2430 71 54 A.
2127 2430 48 53 I.

176 2507 393 69 Ortenburger
607 2508 106 52 and
756 2508 66 52 R.
862 2508 71 52 D.
975 2508 170 66 Bird;
1183 2526 88 36 no.
1309 2512 48 49 4.
1396 2507 173 55 Notes
1608 2526 73 36 on
1716 2508 96 55 the
1848 2525 330 37 occurrence

176 2585 63 54 of
264 2587 296 52 mammals
589 2586 58 51 in
674 2586 95 52 the
795 2586 224 68 regions
1048 2585 263 68 adjacent
1336 2593 57 47 to
1421 2587 95 52 the
1543 2588 110 52 salt
1678 2584 189 70 plains
1893 2586 64 54 of
177 2587 1973 131 northwestern
451 2663 321 55 Oklahoma
830 2665 73 66 [by]
1029 2708 8 9 H.
1073 2665 76 52 H.
1186 2667 63 51 T.
1287 2665 250 54 Jackson
1573 2668 113 52 and
1719 2665 77 55 H.
1832 2665 67 52 E.
1934 2664 241 56 Warfel.

177 2743 271 64 Norman,
480 2741 337 67 University
848 2742 63 52 of
941 2742 318 55 Oklahoma
1294 2761 173 50 press,
1502 2745 149 51 1933.

248 2817 55 40 87
337 2828 43 37 p.
416 2817 109 40 incl.
560 2816 143 47 illus.,
739 2817 171 48 plates,
947 2817 135 47 port.,
1118 2826 148 39 maps,
1304 2816 152 49 diagr.
1517 2817 54 40 23½
1606 2819 43 21 cm
1655 2848 8 7 .
1734 2816 356 48 (Publications
2127 2818 50 41 of

176 2876 81 39 the
292 2873 283 47 University
607 2873 53 40 of
692 2873 267 41 Oklahoma
993 2873 253 47 biological
1282 2885 175 36 survey.
1532 2874 91 40 vol.
1656 2886 42 35 v,
1733 2885 74 28 no.
1842 2874 39 47 1,
1915 2874 39 46 2,
1987 2874 40 44 3,
2060 2875 52 46 4)

249 2930 369 43 “Contribution
659 2930 128 39 from
828 2931 80 39 the
951 2929 268 48 Zoological
1261 2932 285 47 laboratory
1586 2931 52 39 of
1678 2932 81 39 the
1803 2930 281 49 University
2128 2932 49 40 of

177 2989 283 46 Oklahoma,
493 2989 173 39 second
697 2987 162 48 series,
892 2997 73 30 no.
998 2987 264 49 118[-121]”

249 3044 334 42 “Literature”
615 3046 51 38 at
696 3045 90 39 end
818 3044 50 40 of
898 3054 74 30 no.
1003 3044 26 39 2
1058 3042 64 49 (p.
1154 3044 169 48 46-47)

182 3099 50 52 ©
267 3105 121 39 Mar.
421 3105 39 45 7,
495 3102 139 47 1934;
670 3102 64 39 2c.
770 3102 111 47 Apr.
915 3103 25 39 7;
1004 3100 80 42 aff.
1120 3103 112 47 May
1264 3103 52 46 5;
1352 3103 40 38 A
1426 3102 170 47 72337;
1634 3102 282 48 University
1951 3102 51 40 of
247 3100 1911 101 Oklahoma
416 3171 148 37 press.
631 3158 279 50 (34-27460)

178 3233 209 56 Pacific
414 3241 270 61 reporter.
752 3235 217 54 Second
997 3237 183 51 series.
1247 3236 167 54 Cases
1443 3236 214 66 argued
1685 3236 112 51 and
1825 3233 349 54 determined

243 3314 59 51 in
360 3315 95 51 the
518 3313 274 68 Supreme
852 3317 186 49 courts
1097 3313 62 53 of
1220 3313 343 65 California,
1624 3314 242 65 Kansas,
1928 3313 245 66 Oregon,

241 3392 401 68 Washington,
687 3391 299 65 Colorado,
1028 3393 294 65 Montana,
1365 3393 270 65 Arizona,
1677 3391 252 66 Nevada,
1971 3390 202 65 Idaho,

241 3471 98 65 W}
339 3488 14 18 7
358 3470 210 68 oming,
614 3469 175 67 Utah,
835 3471 137 51 New
1016 3471 239 65 Mexico,
1301 3470 349 64 Oklahoma;
1698 3468 244 54 District
1985 3472 185 47 courts

244 3549 63 51 of
344 3550 203 66 appeal
585 3548 111 52 and
732 3549 308 66 Appellate
1077 3549 357 67 department
1472 3548 62 53 of
1571 3549 94 50 the
1704 3545 272 69 Superior
2013 3551 160 47 court

242 3627 63 53 of
341 3626 324 55 California
704 3627 112 51 and
854 3626 281 55 Criminal
1170 3632 158 48 court
1365 3627 62 51 of
1463 3627 232 66 appeals
1732 3625 61 52 of
1831 3624 320 55 Oklahoma.

240 3705 163 55 With
464 3705 108 67 key
635 3704 235 51 number
936 3705 377 52 annotations,
1389 3723 49 33 v.
1504 3706 65 49 28
1603 3703 126 66 (2d)
244 3702 1925 147 February-March,
492 3785 149 50 1934.
719 3781 81 55 St.
831 3784 163 65 Paul,
1023 3784 158 53 West
1208 3783 335 67 publishing
1572 3800 95 48 co.,
1699 3784 148 48 1934.

243 3857 134 47 xviii,
405 3856 117 39 1219
545 3867 43 36 p.
644 3855 57 39 26
702 3857 43 21 cm
752 3887 7 8 .

180 3910 52 52 ©
249 3915 113 47 Apr.
381 3914 69 47 30,
469 3912 140 47 1934;
629 3911 68 40 2c.
718 3912 113 46 May
848 3912 55 40 23;
953 3911 81 41 aff.
1055 3913 114 46 May
1185 3911 82 47 25;
1289 3912 41 38 A
1347 3910 144 41 71795;
1538 3910 138 40 West
1690 3910 108 45 pub.
1818 3918 66 30 co.
