2350 4196
1161 4023 95 48 106

212 406 250 66 Rhodes,
495 410 240 61 Eugene
767 409 287 64 Manlove,
1089 411 167 50 1869-

281 484 292 67 Penalosa,
614 484 73 67 by
728 484 231 67 Eugene
1002 484 263 52 Manlove
1308 483 240 55 Rhodes.
1629 480 176 54 Santa
1849 480 96 68 Fe,
2046 522 10 10 N.
2101 480 98 68 M.,

213 561 761 69 Writers’ editions [ c 1934]
280 633 56 39 34
367 643 42 37 p.
469 633 56 39 20½
556 636 44 20 cm
605 666 7 7 .

282 690 72 40 On
385 701 138 29 cover:
582 692 74 37 An
686 695 214 42 account,
932 692 146 39 based
1111 701 124 36 upon
1264 690 202 47 history,
1499 690 49 39 of
1578 701 28 28 a
1637 689 237 40 dramatic
1905 690 193 47 episode
213 700 1968 95 occurring
446 748 50 38 in
536 749 81 38 the
655 748 275 47 governor's
966 749 179 46 palace,
1187 748 150 39 Santa
1376 747 78 48 Fe,
1495 749 146 37 about
1678 746 127 48 1662,
1846 746 117 40 with
2002 758 25 27 a
2068 746 130 40 vivid

213 805 329 47 presentation
575 805 49 39 of
656 806 81 39 the
769 815 108 29 men
909 805 223 38 involved
1163 806 91 37 and
1288 806 81 37 the
1400 813 348 37 consequences
1781 807 47 36 to
1862 806 129 38 them
2025 805 95 38 and
2152 808 46 36 to

214 862 125 40 their
370 865 207 36 western
609 861 315 48 hemisphere.

285 917 1914 49 “Five hundred copies … printed … by the Rydal press of which this
212 977 38 39 is
281 988 58 28 no
373 977 97 39 113.
534 976 174 47 Signed:
773 976 193 46 Eugene
999 974 221 39 Manlove
1254 974 233 39 Rhodes."

284 1033 298 48 “Originally
610 1033 188 39 formed
829 1035 80 36 the
937 1032 169 38 fourth
1135 1032 198 45 chapter
1363 1031 48 38 in
1444 1032 88 38 Mr.
1563 1032 204 39 Rhodes’
1798 1033 152 46 novel,
1984 1033 146 39 ‘West
2159 1032 41 41 is

212 1091 159 48 West’,
401 1091 108 39 first
536 1089 254 49 published
818 1089 48 39 in
896 1087 491 41 1917.”—Foreword.

216 1149 51 50 ©
304 1153 107 38 Jan.
445 1152 68 39 27.
550 1150 138 45 1934;
727 1150 66 38 2c.
830 1148 94 39 and
961 1148 79 38 aff.
1078 1148 107 38 Feb.
1223 1148 51 45 1;
1313 1148 41 37 A
1389 1146 167 46 70093;
1597 1149 50 37 E.
1686 1149 60 37 M.
1789 1148 200 46 Rhodes,
2027 1147 176 40 Pacific

281 1210 174 44 Beach,
488 1206 141 42 Calif.
705 1205 249 48 (34-2246)

213 1311 384 65 Richardson,
630 1311 275 54 Clarence
938 1311 261 63 Hudson,
1235 1313 170 49 1890-

211 1385 1969 147 An introduction to statistical analysis, by C. H. Richardson … New York, Harcourt, Brace and company [ c 1934]
280 1540 63 45 xi,
372 1539 84 39 285
482 1548 42 37 p.
583 1538 177 46 diagrs.
817 1536 56 40 22
877 1539 43 20 cm
924 1570 7 7 .

284 1594 246 41 “Selected
562 1594 147 40 books
741 1594 78 39 for
853 1593 391 47 supplementary
1279 1591 255 48 reading”:
1569 1603 44 37 p.
1647 1592 216 41 276-278.

215 1650 1985 51 © Jan. 15, 1934; 2c. and aff. Jan. 24; A 69164; Harcourt. Brace & co.,
283 1711 89 39 inc.
444 1710 248 47 (34-2125)

218 1800 239 62 Rogers,
487 1799 223 51 Norma
739 1798 172 63 Kate,
943 1797 169 52 1879-

282 1874 243 68 History
553 1873 64 53 of
646 1873 454 54 Chattahoochee
1131 1878 224 63 county,
1385 1872 265 70 Georgia,
1680 1873 75 69 by
1783 1874 70 52 N.
1883 1873 74 54 K.
1988 1873 219 68 Rogers

366 1950 345 68 [Columbus,
759 1950 123 67 Ga.,
929 1951 186 51 Print,
1164 1950 75 68 by
1289 1949 308 55 Columbus
1647 1950 148 53 office
1841 1951 210 69 supply
2100 1967 98 51 co.]

213 2035 17 21 c
236 2032 149 50 1933.

281 2104 98 47 397,
414 2105 54 48 [7]
501 2115 41 36 p.
603 2104 127 38 illus.
760 2103 130 47 (incl.
923 2103 175 47 ports.)
1165 2103 55 39 24
1223 2105 43 20 cm
1272 2134 7 7 .

282 2162 222 38 Includes
537 2159 332 48 biographical
900 2161 95 38 and
1026 2160 326 47 genealogical
1386 2160 240 40 material.

218 2213 50 51 ©
301 2219 107 37 Jan.
439 2218 67 39 25.
539 2216 113 39 1934;
711 2217 64 38 2c.
809 2219 93 36 and
936 2216 80 39 aff.
1049 2217 107 37 Jan.
1188 2217 54 38 27;
1303 2218 40 36 A
1376 2216 139 40 70023;
1626 2249 6 6 N.
1666 2217 55 38 K.
1757 2217 193 44 Rogers.
1987 2216 216 40 Cusseta.

283 2273 83 40 Ga.
437 2273 249 48 (34-2189)

213 2361 263 65 Rolland,
513 2362 266 63 Romain,
816 2364 171 48 1866-

346 2438 1846 69 … L’âme enchantée. iv. L'annonciatrice (Anna Nuncia)
221 2523 55 59 [t.
305 2519 45 48 2.
379 2515 457 53 L’enfantement
891 2550 11 32 I]
982 2518 184 56 Paris.
1191 2520 69 49 A.
1291 2518 209 51 Michel
1534 2552 11 32 [
1552 2525 16 19 c
1575 2522 150 62 1933]

286 2589 741 49 4 p. 1., [11]-312, [2] p. 19 cm .
218 2642 1721 51 © Oct. 30. 1933; 1c. Dec. 29; A-Foreign 23171; Albin Michel.
219 2737 337 63 Roseboom,
588 2738 239 62 Eugene
857 2737 319 65 Holloway.

345 2811 1858 71 … A history of Ohio, by Eugene Holloway Roseboom, PH. D.
215 2888 1987 146 and Francis Phelps Weisenburger … New York, Prentice-Hall, inc., 1934.
287 3041 101 47 xiii,
431 3042 82 38 545
555 3052 40 36 p.
665 3051 138 37 maps
830 3041 47 47 (1
919 3041 198 46 double)
1193 3043 54 38 21
1251 3044 44 21 cm
1301 3075 6 6 .
1388 3043 381 47 (Prentice-Hall
1815 3045 154 38 history
2044 3043 162 44 series,

212 3097 551 46 C. Wittke … editor)
284 3155 244 39 “Selected
557 3153 362 47 bibliography"
951 3158 51 36 at
1031 3156 88 38 end
1152 3155 48 38 of
1230 3156 116 38 each
1376 3155 211 47 chapter.

220 3207 1981 51 © Jan. 26. 1934; 2c. Feb. 1; aff. Jan. 30; A 70073; Prentice-Hall. inc.
297 3266 246 47 (34-2192)

220 3356 285 64 Sabatini,
536 3357 228 54 Rafael.

290 3435 147 51 Joan
466 3434 105 52 the
597 3434 173 54 maid.

297 3508 80 42 (In
408 3504 199 41 London
637 3503 145 50 Daily
815 3505 130 48 mail,
976 3505 113 41 Dec.
1121 3507 69 46 22,
1224 3507 69 48 23,
1326 3508 164 48 27-30,
1524 3509 131 48 1933,
1687 3508 111 42 Jan.
1832 3510 37 40 1.
1904 3508 142 48 1934)

222 3560 1981 53 © 1c. each Feb. 17. 1934; A ad int. 18673; pubd. Dec. 22. 23. 27. 28. 29. 30.
290 3620 125 39 1933.
452 3621 106 38 Jan.
593 3621 37 37 1.
667 3620 112 38 1934;
843 3621 54 38 R.
936 3621 232 41 Sabatini.
1205 3623 214 40 Clifford.
1457 3625 389 41 Herefordshire.
1884 3627 233 45 England.

221 3706 173 62 Sand,
430 3708 242 62 George,
706 3710 177 63 pseud.
932 3711 63 64 of
1025 3712 165 51 Mmc.
1225 3713 331 64 Dudevant,
1590 3718 321 50 1804-1876.

289 3782 288 51 L’homme
617 3784 66 51 de
724 3784 177 65 neige.
941 3785 74 63 by
1057 3785 217 54 George
1319 3786 183 66 Sand;
1548 3789 273 70 abridged
1865 3795 111 52 and
2018 3793 187 53 edited

220 3858 1984 81 by Foster Erwin Guyer … New York, Oxford university
222 3952 170 49 press,
427 3939 146 49 1933.
