2350 4196
1125 4000 130 51 1072

288 450 100 38 The
417 450 325 39 illustrations
772 460 82 29 are
883 450 257 38 numbered
1174 459 53 28 as
1258 449 168 46 plates.

288 506 517 40 CONTENTS.—Plastic
837 505 314 40 redirections
1182 506 48 37 in
1260 504 111 39 20th
1403 512 198 38 century
1635 504 437 47 painting.—From
2108 504 94 39 this

217 562 101 39 side
349 563 49 38 of
431 562 237 39 "cubism''
687 560 834 49 —Superrealism.—Biographical
1553 565 150 34 notes.

221 614 50 51 ©
306 619 114 46 July
452 618 68 41 80.
554 618 136 40 1934:
727 618 64 40 2c.
827 619 117 46 Aug.
979 619 24 38 3:
1067 617 79 40 aff.
1181 618 118 46 Aug.
1333 616 51 39 6:
1420 616 40 38 A
1494 603 169 72 737551
1701 617 279 46 University
2013 617 51 38 of
287 616 1899 104 Chicago.
448 675 219 47 Chicago.
740 673 276 49 (34-24827)

214 749 227 64 Taylor,
472 750 205 55 Grant.

287 826 158 53 Guns
478 826 62 53 of
573 826 297 54 Salvation
900 826 187 67 valley
1139 826 91 65 [by]
1266 825 188 54 Grant
1482 825 229 66 Taylor.
1778 824 424 67 Philadelphia,
218 903 255 54 London.
501 904 40 53 J.
587 906 67 50 B.
685 904 338 67 Lippincott

1053 921 277 49 company
1364 935 12 34 [
1380 908 18 20 c
1404 905 151 62 1934]

285 976 84 39 302
401 987 42 37 p.
505 976 56 39 19½
593 978 43 21 cm
641 1008 8 8 .

220 1030 50 50 ©
301 1035 117 38 July
445 1034 67 40 30.
543 1033 113 40 1934:
715 1034 64 39 2c.
813 1034 93 39 and
937 1033 78 39 aff.
1048 1034 118 45 Aug.
1196 1032 54 39 23;
1311 1032 40 38 A
1382 1031 166 41 74629;
1584 1033 39 38 J.
1657 1033 53 38 B.
1742 1032 276 47 Lippincott
2051 1042 63 30 co.

297 1091 278 46 (34-24484)

209 1164 206 51 Texas.
492 1166 182 55 Laws.
704 1171 255 49 statutes,
989 1171 97 46 etc.

279 1241 276 52 Vernon’s
599 1242 306 51 annotated
948 1241 239 52 Revised
1231 1242 133 50 civil
1408 1241 112 51 and
1560 1240 261 52 criminal
1862 1246 238 48 statutes
2140 1241 62 51 of

210 1319 94 52 the
343 1327 142 43 state
525 1320 61 50 of
625 1321 194 49 Texas.
900 1322 133 48 193-1
1072 1317 340 53 cumulative
1453 1321 210 49 annual
1698 1319 200 65 pocket
1939 1325 129 60 part
2108 1319 94 51 for

209 1395 1994 147 General index and tables … Kansas City. Vernon law book company [ c 1934]
288 1547 52 40 91
368 1559 42 36 p.
473 1549 54 38 25
532 1550 44 20 cm
581 1579 7 5 .

289 1605 116 38 This
447 1605 247 47 pamphlet
735 1604 40 37 is
816 1608 47 35 to
905 1604 55 40 be
1001 1604 137 40 fitted
1178 1604 101 39 into
1321 1605 81 38 the
1442 1604 171 47 pocket
1656 1606 50 37 at
1748 1604 80 39 the
1869 1605 121 38 back
2030 1605 51 38 of
2123 1606 79 38 the

214 1663 190 38 volume
429 1662 51 38 of
506 1662 80 39 the
613 1665 72 36 set
714 1663 46 37 to
788 1661 156 39 which
972 1661 39 38 if
1037 1661 205 47 belongs.

219 1714 50 51 ©
301 1719 116 38 July
447 1719 66 38 31.
546 1718 138 39 1934:
719 1718 65 38 2c.
821 1718 124 40 Sept.
1022 1728 6 26 8:
1065 1717 79 39 aff.
1180 1718 125 45 Sept.
1340 1716 79 40 10:
1456 1717 39 38 A
1529 1717 166 39 74844:
1733 1717 190 40 Vernon
1955 1719 91 37 law
2082 1718 121 38 book

286 1786 64 29 co.

209 1846 274 66 Thomas,
513 1848 315 63 Benjamin
856 1847 180 65 Piatt,
1069 1851 168 51 1902-

219 1923 1984 146 Lincoln’s New Salem, by Beniamin P. Thomas: drawings by Romaine Proctor from photographs by the Herbert Georg
219 2080 204 55 studio.
465 2078 366 69 Springfield.
911 2078 366 70 Springfield.
1320 2079 108 52 Ill..
1472 2080 119 50 The
1632 2080 291 51 Abraham
1964 2080 237 52 Lincoln

219 2156 387 56 association, 1934
288 2238 75 31 xv.
392 2228 55 39 128
505 2240 39 36 p.
576 2229 108 39 incl.
713 2229 162 47 front.,
904 2229 127 39 illus.
1088 2229 115 40 fold.
1234 2240 122 36 map.
1418 2230 54 39 20
1476 2233 14 20 cm
1526 2263 7 5 .

287 2286 137 46 Maps
451 2296 59 28 on
536 2285 360 47 lining-papers.

216 2342 51 50 ©
300 2347 118 46 Aug.
454 2348 36 37 7.
524 2345 113 40 1934:
699 2344 64 41 2c·.
801 2347 94 38 and
928 2345 79 39 aff.
1042 2346 117 46 Aug.
1192 2345 51 40 9:
1281 2347 41 37 A
1355 2347 141 39 74487:
1561 2348 245 38 Abraham
1840 2348 200 39 Lincoln
2074 2358 126 30 assn.

295 2402 276 48 (34-24851)

211 2473 270 68 Thomas,
517 2477 243 54 Charles
793 2477 211 65 Swain,
1041 2481 168 49 1868-
1420 2479 82 53 ed.

342 2552 1856 72 … Selected lyrics from Wordsworth. Keats and Shelley,
212 2628 1985 150 edited by Charles Swain Thomas … New ed. Boston, New York [etc.] Houghton Mifflin company [ c 1934]
280 2779 59 43 vi,
375 2779 83 40 120
488 2790 41 37 p.
591 2780 56 39 18½
696 2781 27 21 m
729 2811 6 7 .
806 2780 123 46 (The
963 2781 250 40 Riverside
1247 2782 255 40 literature
1536 2783 172 47 series)

214 2833 1985 55 © Aug. l. 1834: 2c. Aug. 24: aff. Aug. 22: A 75023; Houghton Mifflin
282 2904 64 28 co.
420 2894 276 47 (34-24871)

207 2968 146 53 Tracy
444 2970 154 52 John
631 2971 237 53 Evarts.

282 3045 176 52 Hints
482 3065 71 33 on
577 3047 258 67 entering
859 3047 94 52 the
977 3049 245 66 practice
1249 3049 62 52 of
1332 3052 126 65 law,
1483 3051 76 67 by
1582 3051 155 53 John
1760 3052 209 51 Evarts
1994 3052 200 66 Tracy.
212 3123 134 51 Ann
373 3123 207 66 Arbor,
608 3123 281 54 Edwards

920 3124 273 68 brothers,
1221 3127 125 65 inc.,
1378 3130 149 50 1933.

280 3195 96 40 xiv,
410 3194 84 41 255
527 3207 43 36 p.
631 3196 178 48 diagrs.
869 3196 53 40 23½
957 3199 44 21 cm
1005 3231 7 6 .

213 3248 51 50 ©
305 3253 112 45 May
459 3254 37 38 5.
538 3252 137 41 1933:
717 3252 66 40 2c·.
825 3254 114 46 July
979 3253 67 40 23.
1087 3254 136 41 1934:
1268 3256 80 40 aff.
1390 3258 115 47 July
1545 3258 81 46 20;
1667 3261 41 36 A
1750 3259 166 40 73578:
1960 3260 235 40 Edwards

279 3309 234 39 brothers,
542 3309 89 39 inc.
704 3309 276 46 (34-23640)

205 3380 252 67 Walker,
493 3382 263 66 Alberta,
796 3383 168 53 1878-

273 3458 1921 77 The study readers … Book l. We three and Scottie. By
203 3534 1990 79 Alberta Walker … and Ethel Summy … with illustrations by
204 3611 179 55 Grace
435 3614 64 51 P.
556 3614 187 54 Smith
796 3618 109 50 and
959 3618 157 51 Ruth
1169 3621 258 53 Bennett.
1505 3624 136 51 New
1694 3625 175 52 York.
1927 3625 266 64 Chicago.

206 3689 233 56 Charles
468 3694 64 50 E.
563 3692 223 53 Merrill
816 3711 277 51 company
1129 3730 10 32 [
1145 3703 18 20 c
1169 3701 131 48 1934
1306 3732 11 32 ]

283 3764 83 39 144
396 3776 40 36 p.
498 3776 84 30 col.
613 3766 125 38 illus.
801 3766 54 39 19½
888 3770 44 20 cm
937 3800 6 7 .

279 3817 284 42 Illustrated
594 3819 356 48 lining-papers.

212 3871 51 51 ©
294 3877 119 38 Mar.
446 3877 67 39 23.
545 3877 138 40 1934:
717 3879 51 37 2c
814 3880 93 38 and
939 3879 80 42 aff.
1051 3881 118 48 Aug.
1199 3882 80 39 21:
1316 3885 38 39 A
1389 3885 165 44 74608;
1592 3886 200 42 Charles
1824 3889 51 39 E.
1908 3888 187 41 Merrill
2125 3898 65 30 co.

288 3931 278 49 (34-24870)
