2350 4196
1085 4002 130 48 1463

153 365 252 64 Popular
434 364 226 54 science
690 363 289 63 monthly.

221 442 242 66 Making
500 460 203 48 money
740 440 139 53 with
917 457 143 50 your
1097 455 248 48 camera;
1384 437 127 51 how
1547 441 58 48 to
1641 443 104 60 put
1782 454 141 48 your
1960 435 188 66 hobby

156 523 52 49 in
252 520 94 52 the
391 517 464 68 money-making
899 518 157 51 class.
1135 516 258 51 Pictures
1436 519 58 47 to
1538 514 128 51 take
1712 514 111 51 and
1867 514 126 51 how
2037 513 110 52 and

157 598 178 52 where
361 603 58 46 to
446 597 101 52 sell
575 596 170 52 them.
808 594 290 68 Prepared
1126 593 73 66 by
1228 593 93 51 the
1350 592 265 52 editorial
1643 590 134 54 staff
1804 591 62 53 of
1894 592 256 65 Popular

151 675 210 52 science
393 673 276 67 monthly.
734 673 139 52 New
905 671 179 66 York,
1114 670 254 66 Popular
1399 669 213 52 science
1643 669 334 66 publishing
156 687 1967 131 company,
351 753 107 50 inc.
496 784 12 33 [
514 757 16 21 c
537 754 135 49 1934
677 783 11 33 ]

224 823 84 41 256
344 835 41 36 p.
447 822 127 41 illus.
637 822 54 39 19½
725 825 42 20 cm
772 854 7 7 .
856 821 93 43 (On
988 830 162 30 cover:
1187 819 288 48 Spare-time
1508 820 143 47 profit
1687 820 173 43 series)

157 892 51 51 ©
235 897 125 45 Sept.
381 895 72 45 ;18,
482 893 139 46 1934;
650 893 66 40 2c.
744 895 95 37 and
940 927 7 6 aff.
977 892 99 40 Oct.
1106 891 77 40 19;
1215 892 39 36 A
1280 889 170 47 76641;
1481 890 212 46 Popular
1722 890 188 39 science
1933 891 107 45 pub.
2098 901 53 37 co.,

224 952 89 40 inc.
385 950 279 49 (34-36751)

156 1053 181 64 Price,
368 1054 228 64 Georgs
625 1054 346 63 McCready,
1004 1051 170 55 1870-

222 1130 240 53 Modern
509 1130 337 53 discoveries
894 1129 185 52 which
1127 1128 131 67 help
1309 1146 63 34 us
1422 1133 57 47 to
1528 1127 231 67 believe,
1806 1126 75 70 by
1930 1125 221 70 George

156 1205 1821 71 McCready Price … New York [etc.] Fleming H. Revell
157 1222 1973 134 company
341 1321 12 33 [
360 1293 16 21 c
383 1290 135 50 1934
521 1319 12 34 ]

225 1361 19 37 1
273 1370 43 37 p.
381 1392 7 9 l.,
416 1359 144 40 5-209
587 1369 43 38 p.
691 1359 56 40 19½
780 1361 43 21 cm
829 1394 7 7 .

159 1430 50 51 ©
241 1434 99 40 Oct.
371 1434 68 46 13,
469 1432 139 42 1934;
640 1432 65 40 2c.
738 1434 94 38 and
861 1433 82 39 aff.
976 1433 99 39 Oct.
1107 1432 79 40 20;
1218 1432 39 38 A
1288 1431 143 40 75883
1451 1443 6 28 :
1493 1432 220 47 Fleming
1742 1433 58 37 H.
1834 1432 168 38 Revell
2033 1442 65 29 co.

236 1490 279 49 (34-36607)

155 1593 310 61 Reichard,
501 1594 220 63 Gladys
754 1594 290 62 Amanda,
1081 1595 169 50 1893-

227 1668 208 69 Spider
466 1688 249 36 woman;
749 1688 30 33 a
810 1675 157 62 story
997 1668 64 52 of
1090 1668 224 68 Navajo
1346 1686 247 34 weavers
1625 1670 112 50 and
1770 1668 280 68 chanters,
2081 1667 75 69 by

155 1745 2002 71 Gladys A. Reichard … New York, The Macmillan company,
160 1828 147 50 1934.

228 1909 29 27 x
280 1908 58 38 p.,
363 1899 25 41 2
449 1930 7 13 l.,
484 1898 84 40 287
594 1909 40 37 p.
691 1899 163 45 front.,
882 1898 156 47 plates
1068 1898 46 43 (1
1144 1897 184 40 double,
1358 1897 110 42 col.)
1539 1896 55 39 22½
1628 1898 43 21 cm
1678 1930 7 7 .

161 1954 51 51 ©
246 1958 102 40 Oct.
379 1959 69 45 30,
481 1958 139 39 1934;
654 1957 65 40 2c.
754 1959 94 38 and
881 1957 79 39 aff.
995 1957 101 41 Oct.
1129 1957 47 39 31
1202 1968 7 29 :
1244 1957 42 38 A
1315 1957 170 40 76848:
1523 1957 52 39 G.
1608 1958 51 37 A.
1694 1956 256 40 Reichard.
1987 1957 172 40 Grant-

228 2016 148 45 wood,
407 2016 54 39 N.
492 2016 42 37 J.
607 2014 280 48 (34-36786)

158 2117 270 65 Roberts,
462 2119 278 51 Kenneth
773 2119 210 63 Lewis,
1019 2123 170 49 1885-

229 2193 250 70 Captain
509 2196 275 66 Caution;
817 2216 28 32 a
876 2196 282 53 chronicle
1186 2196 62 53 of
1275 2197 262 52 Arundel
1571 2197 108 66 [by]
1714 2197 268 51 Kenneth
158 2197 1977 128 Roberts.

363 2272 233 54 Garden
626 2275 151 57 City,
805 2276 68 51 N.
904 2277 89 58 Y.,
1021 2275 355 56 Doubleday,
1404 2277 196 50 Doran
1627 2277 54 49 &
1709 2292 297 49 company,
2033 2277 127 52 inc.,

160 2355 149 49 1934.

230 2425 637 48 5 p, l., 310 p„ 1 l. 20 cm .
231 2483 161 39 “First
424 2482 225 41 edition.”

163 2536 51 51 ©
247 2540 100 40 Oct.
376 2540 68 42 26,
474 2539 140 42 1934;
648 2541 65 39 2c.
746 2541 94 38 and
871 2540 79 38 aff.
982 2541 117 37 Nov.
1129 2540 80 41 30;
1241 2541 41 38 A
1311 2541 170 39 77371:
1515 2541 58 39 K.
1604 2541 221 45 Roberts,
1857 2540 304 39 Kennebuiik

231 2598 174 41 Beach,
436 2598 89 38 Me.

161 2697 442 67 Rosenkampff,
636 2700 233 53 Arthur
900 2701 224 63 Henry,
1159 2704 169 49 1884-

231 2777 425 68 Bookkeeping,
698 2778 312 67 principles
1051 2779 111 53 and
1200 2779 266 67 practice,
1507 2780 289 51 advanced
1837 2796 210 45 course,
2090 2778 70 66 by

163 2854 1997 69 Arthur Henry Rosenkampff … and William Carroll Wallace
222 2932 1238 68 … New York, Prentice-Hall, inc., 1934.
231 3005 115 43 xvii,
378 3005 85 40 491
496 3017 42 36 p.
572 3006 109 39 incl.
714 3005 165 40 forms.
941 3005 54 40 23½
1030 3008 42 20 cm
1079 3040 6 6 .

234 3061 1812 50 “First printing. October. 1929 … Third printing, March, 1934.”
166 3115 51 51 ©
253 3121 127 46 Sept.
414 3120 67 45 10,
514 3118 140 41 1934;
691 3119 63 39 2c.
792 3119 100 40 Oct.
926 3120 50 40 8;
1013 3119 81 40 aff.
1129 3120 102 40 Oct.
1264 3121 81 39 26:
1383 3121 39 38 A
1458 3121 169 41 75978:
1664 3121 375 40 Prentice-Hall.
2072 3121 89 39 inc.

236 3177 280 48 [Copyright
547 3176 41 39 is
619 3176 204 39 claimed
853 3187 60 28 on
944 3177 308 48 corrections]
1327 3178 278 48 (34-36736)

163 3279 260 53 Sanchez
455 3281 341 61 Antuhano,
828 3281 139 52 Jose
999 3281 279 65 Agustm,
1314 3286 171 49 1884-

230 3358 285 52 Practical
560 3357 298 52 education
905 3358 63 51 of
1011 3356 95 55 the
1153 3358 265 70 pointing
1463 3361 112 67 dog
1620 3360 93 51 for
1757 3358 248 69 hunting
2050 3362 110 51 and

164 3437 91 51 for
295 3434 130 54 field
468 3435 191 55 trials;
704 3436 127 51 how
873 3442 57 46 to
972 3436 152 52 train
1166 3437 93 52 the
1299 3437 130 53 bird
1472 3438 111 68 dog
1625 3436 538 68 successfully—the

160 3512 2003 71 J. A. S. A. system, by J. A. Sanchez Antuhano … Chicago,
164 3591 107 57 Ill.,
302 3590 305 52 American
637 3589 130 53 field
800 3591 333 67 publishing
1162 3609 296 51 company,
1490 3596 147 49 1934.

233 3664 1532 51 2 p. l. , 3-154 p. incl. front, (port.) illus., diagrs. 19 cm .
235 3720 72 40 On
333 3730 166 31 cover:
528 3720 243 41 Practical
798 3722 256 40 education
1082 3723 53 40 of
1160 3723 80 41 the
1266 3722 105 42 bird
1401 3725 103 45 dog.

237 3776 127 41 “The
395 3777 122 40 book
547 3787 101 31 was
679 3777 259 48 originally
968 3778 252 48 published
1253 3781 49 38 in
1334 3781 83 40 the
1449 3779 208 48 Spanish
1688 3779 475 49 language.”—Pref.

170 3827 50 53 ©
250 3833 108 40 Feb.
389 3833 69 47 23,
487 3833 140 47 1934;
659 3834 67 41 2c.
754 3835 119 47 Aug.
903 3835 81 40 30:
1020 3835 79 40 aff.
1134 3837 116 44 Aug.
1281 3838 50 38 31
1355 3848 7 29 ;
1397 3838 38 38 A
1465 3836 169 41 75123:
1668 3838 42 38 J.
1743 3838 52 38 A.
1830 3838 217 40 Sanchez
237 3839 1909 91 Antuñano,

476 3891 190 40 Merida.
700 3891 235 41 Yucatan,
973 3892 195 40 Mexico.
1242 3892 278 48 (34-36782)
