2350 4196
1106 4000 99 54 675

157 441 1998 72 with B. G. Bonomi … and the editorial staff of the Lawyers
154 522 1942 70 co-operative publishing company. v. 9. Permanent ed. …
155 601 138 52 New
342 600 178 68 York,
571 602 176 55 Clark
795 602 329 53 Boardman
1173 620 95 48 co.,
1317 601 132 57 ltd.;
1501 602 307 52 Rochester
1858 602 110 53 and
2018 605 137 51 New
156 679 178 66 York,
368 679 120 53 The
520 680 267 67 Lawyers
821 679 379 68 co-operative

1234 679 336 68 publishing
1602 696 296 51 company,
1935 684 149 49 1934.

229 752 100 47 viii,
359 752 113 41 1318
501 764 43 37 p.
602 754 55 39 25
661 756 43 20 cm
710 787 8 8 .

154 806 52 52 ©
229 811 126 38 June
378 810 39 47 6,
441 809 140 48 1934;
607 810 66 40 2c.
700 811 125 39 June
849 810 80 44 18;
955 810 79 39 aff.
1061 810 125 38 June
1210 808 80 47 19;
1318 809 39 38 A
1382 808 170 47 72859;
1580 809 229 47 Lawyers
1834 810 323 46 co-operative

227 867 107 47 pub.
362 877 64 30 co.

154 941 269 67 Cassilly,
456 944 245 53 Francis
732 944 284 63 Bernard,
1052 947 169 49 1860-

232 1018 265 68 Religion:
572 1018 254 54 doctrine
872 1019 111 52 and
1025 1018 264 67 practice,
1333 1017 93 51 for
1469 1036 94 35 use
1604 1020 63 51 in
1712 1017 259 55 Catholic
2014 1020 140 67 high

163 1094 1966 151 schools, by Francis B. Cassilly … 10th and rev. ed. … Chicago, Ill., Loyola university press [ c 1934 ]
231 1243 1603 51 xix, 535 p. incl. col. front., illus., ports. fold. diagr. 20½ cm .
162 1303 50 51 ©
244 1307 116 46 May
387 1307 68 46 12,
486 1306 140 42 1934;
660 1307 66 39 2c.
759 1307 113 46 May
901 1306 81 46 18;
1014 1305 80 40 aff.
1128 1307 112 45 May
1270 1306 82 47 17;
1386 1306 40 38 A
1456 1305 170 47 72419;
1661 1306 178 48 Loyola
1874 1305 143 50 univ.,
227 1305 1912 107 Chicago.

429 1363 279 49 (34-14904)

153 1437 341 66 Cavanagh,
525 1440 204 62 Agnes
756 1439 286 64 Bernard,
1075 1441 180 58 sister,
1289 1441 169 49 1885-

284 1513 1874 72 … Pope Gregory VII and the theocratic state .… by Sister
154 1592 1609 72 Agnes Bernard Cavanagh … Washington, D. C.,
1794 1594 121 53 The
153 1593 1979 135 Catholic
255 1672 318 68 university
602 1672 63 53 of
694 1670 283 69 America,
1009 1673 149 51 1934.

224 1746 96 48 xiv,
358 1747 85 40 143
482 1758 42 37 p.
585 1746 54 40 23
644 1749 43 20 cm
693 1777 7 7 .

225 1805 64 38 At
320 1804 125 40 head
480 1804 52 39 of
566 1804 135 39 title:
738 1804 100 38 The
874 1802 219 41 Catholic
1127 1801 271 49 university
1433 1803 49 40 of
1518 1803 236 41 America.

225 1861 171 41 Thesis
441 1861 107 47 (PH.
615 1859 326 47 D.)—Catholic
976 1859 270 48 university
1278 1860 51 39 of
1361 1859 237 49 America,
1633 1860 126 41 1934.

226 1917 375 48 Bibliography:
638 1928 42 37 p.
713 1916 215 41 127-138.

160 1973 50 51 ©
240 1977 111 47 Apr.
380 1976 70 46 23,
480 1975 139 47 1934;
650 1975 66 40 2c.
745 1976 95 38 and
869 1974 82 40 aff.
982 1975 110 46 Apr.
1122 1974 80 46 30;
1235 1975 39 37 A
1304 1974 170 47 72249;
1504 1975 221 41 Catholic

1756 1976 127 40 univ.
1915 1976 50 41 of
225 1975 1914 100 America.
390 2031 278 50 (34-14734)

153 2110 265 65 Fairfax,
452 2109 288 64 Virginia.

230 2182 1759 72 The curious quest, by Virginia Fairfax … New York,
161 2184 1967 151 Chicago,
347 2265 69 55 A.
448 2265 63 50 L.
545 2264 147 51 Burt
727 2280 276 50 company
1041 2296 12 34 [
1058 2269 18 22 c
1081 2264 134 49 1934
1219 2296 12 34 ]

233 2338 25 39 3
290 2347 42 37 p.
400 2368 8 16 l.,
442 2336 143 39 5-250
617 2346 42 37 p.
719 2336 148 40 front.
929 2335 145 40 20½cm.
1140 2337 115 49 [Her
1286 2336 100 39 The
1418 2336 94 48 girl
1545 2339 162 38 scouts
1741 2340 213 47 mystery
1987 2339 164 51 series]

232 2393 285 42 Illustrated
549 2392 363 48 lining-papers.

162 2452 50 51 ©
244 2455 129 41 June
399 2457 38 41 1,
468 2454 140 40 1934;
639 2453 66 40 2c.
736 2452 127 40 June
893 2453 51 39 5:
974 2451 81 41 aff.
1087 2452 124 39 June
1241 2452 25 39 6;
1326 2453 41 38 A
1394 2451 172 49 72646;
1600 2454 53 40 A.
1685 2455 48 38 L.
1765 2456 125 38 Burt
1921 2465 66 32 co.

237 2511 280 51 (34-14763)

156 2575 179 62 Field,
365 2576 195 53 Peter.

226 2652 258 56 Outlaws
521 2650 174 66 three,
736 2649 70 67 by
843 2649 167 50 Peter
1049 2647 181 53 Field.
1306 2648 138 52 New
1482 2648 178 67 York,
1696 2651 89 52 W.
1824 2650 250 55 Morrow
2112 2655 43 50 &

155 2746 296 52 company,
481 2730 151 50 1933.

227 2805 25 38 5
280 2815 41 37 p.
387 2834 8 17 l.,
424 2801 148 42 9-279
596 2812 43 37 p.
699 2800 59 40 20
758 2802 44 22 cm
808 2830 8 8 .

161 2858 52 52 ©
249 2863 110 38 Dec.
396 2861 69 46 28,
502 2859 140 46 1933;
681 2858 66 39 2c.
785 2858 95 38 and
916 2856 82 40 aff.
1036 2857 109 39 Jan.
1181 2858 40 45 4,
1256 2857 140 46 1934;
1436 2858 42 38 A
1514 2858 169 48 68716;
1724 2859 203 40 Francis
1965 2860 192 46 Thayer

228 2919 211 45 Hobson,
469 2918 119 38 New
613 2915 146 39 York.
830 2913 280 49 (34-14545)

156 2981 294 63 Foerster,
481 2980 284 60 Norman,
799 2976 169 52 1887-
1181 2976 83 55 ed.

229 3051 1868 72 American poetry and prose, edited by Norman Foerster …
157 3128 1999 75 under the general editorship of Robert Morss Lovett … Rev.
159 3214 113 52 and
305 3213 106 54 enl.
446 3212 83 53 ed.
600 3211 234 65 Boston,
867 3208 138 53 New
1040 3207 162 52 York
1242 3212 137 63 [etc.]
1419 3209 320 69 Houghton
1772 3210 205 55 Mifflin
161 3227 1973 134 company
348 3325 12 32 [
366 3297 17 21 c
389 3292 151 64 1934]

231 3364 83 48 xii,
343 3362 114 42 1482
482 3372 42 37 p.
555 3361 108 39 incl.
693 3359 97 47 tab.
852 3359 57 39 24½
941 3360 44 22 cm
991 3390 6 8 .

230 3421 139 47 Maps
396 3432 59 28 on
484 3417 359 48 lining-papers.

232 3477 69 39 “A
326 3477 137 41 short
487 3472 393 49 bibliography”:
906 3481 42 38 p.
976 3470 274 42 1473-1475.

167 3529 1990 57 © May 11, 1934; 2c. and aff. May 28; A 71822; N. Foerster, Iowa City,
265 3604 40 28 Ia.
380 3588 279 52 (34-14694)

160 3654 218 64 Gatlin,
409 3655 246 61 George.

239 3732 167 54 Some
437 3732 149 48 must
618 3725 247 67 wander,
896 3724 73 69 by
1005 3723 218 68 George
1256 3722 227 67 Gatlin;
1519 3723 388 56 introduction
1939 3727 74 68 by
166 3727 1968 139 Arthur

344 3807 287 55 Sullivant
669 3801 303 66 Hoffman;
1014 3801 378 53 illustrations
1431 3801 75 69 by
1544 3802 87 52 W.
1673 3804 62 53 F.
1778 3804 377 56 Mcllwraith.

167 3887 298 59 Portland,
498 3884 147 53 Ore..
673 3879 411 67 Metropolitan
1115 3896 172 50 press,
1321 3881 149 51 1934.
