2350 4196
1145 4008 98 49 901

154 366 249 64 Palmer,
438 363 226 53 Bertha
698 361 236 63 Rachel,
971 360 169 51 1880-

289 426 1861 83 … Alcohol, by Bertha Rachel Palmer … Evanston, Ill.,
159 522 120 54 The
309 521 203 68 Signal
540 538 158 50 press
729 553 12 33 [
746 525 17 21 c
769 522 135 49 1934
909 551 10 33 ]

233 610 24 37 l
285 620 42 36 p.
352 609 46 46 l.,
426 606 54 40 53
507 618 42 35 p.
611 604 54 38 22
669 607 43 20 cm
719 637 8 7 .

237 678 289 40 “Published
559 676 78 40 for
668 673 350 50 experimental
1049 681 83 30 use
1162 671 47 38 in
1239 678 160 39 young
1429 667 209 49 people’s
1667 665 264 41 societies.”

236 736 118 39 This
385 734 248 49 pamphlet
664 733 214 39 resulted
910 731 126 39 from
1069 740 26 28 a
1126 729 85 39 list
1240 727 50 40 of
1322 726 154 49 topics
1508 725 140 39 made
1676 725 61 46 by
1769 725 80 38 the
1880 721 277 50 leadership

166 792 215 49 training
405 791 141 41 clinic
572 791 263 40 conducted
859 790 79 38 for
962 788 81 39 the
1068 785 191 41 cabinet
1282 783 182 41 officers
1487 783 53 39 of
1566 783 82 39 the
1673 780 208 49 Chicago
1906 779 251 42 Christian

166 850 240 40 endeavor
432 848 147 41 union
608 849 94 38 and
733 846 127 40 their
886 844 202 41 friends,
1150 842 59 47 cf.
1238 841 272 40 Foreword.

237 905 349 48 Bibliography
605 916 8 28 :
647 917 42 36 p.
721 903 157 42 51-53.

168 973 51 52 ©
247 979 111 46 Apr.
388 977 69 47 28,
485 975 113 41 1984
616 986 9 36 ;
656 976 67 39 2c.
753 976 94 38 and
875 973 81 41 aff.
986 974 112 46 May
1129 971 52 39 10
1200 982 8 35 ;
1241 971 39 38 A
1311 969 141 41 71558
1471 980 8 35 ;
1511 970 216 39 Norman
1757 969 50 37 E.
1841 964 318 49 Richardson,

236 1034 221 48 Chicago.
530 1032 278 49 (34-19851)

160 1153 205 65 Perry,
396 1152 246 55 Charles
671 1151 271 63 Edward,
972 1149 83 54 ed.

232 1229 296 53 Founders
566 1229 111 53 and
715 1228 218 53 leaders
971 1226 62 54 of
1072 1224 387 66 Connecticut,
1499 1221 328 68 1633-1183,
1864 1221 188 53 edited
2088 1220 75 68 by

168 1295 1997 80 Charles Edward Perry … Boston, New York [etc.] D. C.
168 1382 873 72 Heath and company [ c 1934]
239 1471 62 47 xi,
332 1472 85 40 319
448 1482 42 36 p.
551 1469 162 50 front.,
746 1470 125 40 illus.
902 1469 132 48 (incl.
1066 1467 173 48 ports.)
1312 1465 56 41 20½
1401 1468 44 21 cm
1450 1499 7 9 .

242 1540 144 42 Parts
424 1552 101 36 one,
564 1544 94 38 two
699 1542 95 38 and
835 1538 215 43 Selected
1089 1537 334 48 bibliography
1464 1537 233 47 preceded
1738 1535 61 49 by
1841 1534 327 41 unnumbered

173 1596 171 51 leaves,
380 1600 111 46 part
523 1598 136 41 three
693 1597 62 47 by
789 1596 328 41 unnumbered
1152 1604 133 39 page,
1324 1593 261 42 half-titles
1621 1596 84 37 not
1743 1593 221 40 included
2003 1593 50 38 in
2090 1592 80 40 the

169 1655 189 46 paging.

241 1710 247 41 “Selected
516 1709 393 51 bibliography”:
941 1719 41 39 p.
1011 1708 216 42 311-312.

178 1780 51 53 ©
261 1785 115 46 July
405 1784 40 47 2,
477 1782 139 47 1934;
651 1783 66 41 2c.
748 1783 116 47 July
895 1783 53 39 13
968 1793 7 35 ;
1011 1781 81 41 aff.
1125 1782 114 47 July
1271 1781 80 46 16;
1385 1781 40 38 A
1456 1781 141 39 73433
1617 1791 7 34 ;
1661 1780 47 41 C.
1742 1780 52 42 E.
1829 1781 164 45 Perry,
244 1779 1911 102 Hartford.
440 1839 279 50 (34-19997)

171 1954 219 68 Pitkin,
421 1957 224 54 Walter
674 1956 209 63 Bough
889 1958 121 60 ton,
1045 1954 167 54 1878-

246 2035 138 53 New
430 2052 216 35 careers
689 2036 93 51 for
822 2035 208 67 youth;
1074 2034 221 67 todas"’s
1336 2033 95 67 job
1476 2032 231 53 outlook
1752 2032 91 53 for
1886 2051 123 33 men
2058 2033 111 52 and

181 2132 212 37 women
440 2113 150 53 from
633 2119 295 46 seventeen
971 2119 58 47 to
1073 2110 341 70 thirty-two,
1457 2111 74 67 by
1575 2110 221 56 Walter
1841 2113 65 50 B.
1953 2109 215 56 Pitkin.

179 2192 138 54 New
346 2192 178 66 York,
554 2191 198 56 Simon
780 2195 112 51 and
923 2191 267 56 Schuster
1224 2225 11 33 [
1241 2197 18 21 c
1264 2193 135 51 1934
1402 2224 13 34 ]

252 2274 45 40 x,
325 2264 174 41 11-236
524 2275 43 38 p.
626 2264 57 40 20
686 2267 44 20 cm
735 2297 8 8 .

184 2332 50 53 ©
266 2337 126 39 June
422 2336 69 47 28,
524 2334 140 49 1934;
699 2336 66 39 2c.
798 2336 115 47 July
945 2334 52 48 9;
1032 2334 79 41 aff.
1147 2336 113 46 July
1293 2335 51 46 6;
1379 2335 41 38 A
1452 2335 170 46 73322;
1658 2336 71 38 W.
1763 2334 53 38 B.
1850 2332 177 47 Pitkin,
2063 2334 116 39 New

254 2394 142 39 York.
472 2392 279 49 (34-19859)

180 2507 315 70 Robinson,
526 2511 201 54 James
760 2512 258 64 Harvey,
1052 2514 170 49 1863-

250 2587 96 53 An
371 2588 393 54 introduction
788 2595 58 46 to
874 2591 95 50 the
996 2590 220 66 history
1245 2589 63 54 of
1336 2594 236 49 western
1604 2590 245 67 Europe.
1938 2589 148 66 [Vol.]
2172 2633 9 9 II.

183 2666 120 55 The
341 2684 323 51 emergence
702 2668 63 51 of
803 2666 249 69 existing
1090 2666 320 56 conditions
1450 2668 111 51 and
1601 2686 153 49 ways
1793 2667 63 52 of
1895 2666 286 68 thinking.

184 2741 2001 76 By James Harvey Robinson … New ed. Boston, New York
190 2821 1017 73 [etc.] Ginn and company [ c 1934]
262 2909 43 35 x,
336 2897 97 48 623,
462 2898 118 38 xxxi
609 2909 40 36 p.
709 2908 149 36 maps.
915 2898 54 38 21½
1003 2900 43 20 cm
1052 2928 7 8 .

194 2964 51 52 ©
280 2968 129 40 June
440 2969 67 47 13,
541 2967 139 48 1934;
717 2969 65 39 2c.
819 2969 115 47 July
967 2969 81 47 19;
1086 2968 81 42 aff.
1202 2969 115 47 July
1351 2971 81 46 17;
1469 2969 41 39 A
1544 2967 142 42 74419
1705 2979 8 36 ;
1752 2969 42 39 J.
1831 2969 58 38 H.
1927 2967 259 50 Robinson,

261 3026 117 39 New
402 3026 144 39 York.

189 3141 228 67 Romig,
451 3143 200 64 Edgar
682 3143 300 65 Franklin,
1017 3147 169 49 1890-

259 3220 260 54 William
570 3220 96 53 the
719 3221 214 66 Silent;
988 3241 31 32 a
1069 3222 197 52 record
1316 3222 64 52 of
1431 3223 95 52 the
1576 3222 345 54 celebration
1970 3223 75 67 by
2095 3222 96 53 the

193 3298 210 54 church
450 3299 63 52 of
558 3299 96 52 the
701 3300 133 51 four
881 3299 327 54 hundredth
1257 3301 371 68 anniversary
1675 3302 62 51 of
1784 3301 96 53 the
1924 3302 157 51 birth
2129 3301 62 52 of

192 3377 96 52 the
324 3384 162 61 great
523 3378 207 53 Prince
768 3378 63 52 of
869 3377 248 70 Orange,
1155 3378 304 68 champion
1497 3379 62 54 of
1597 3379 134 53 civil
1771 3380 112 52 and
1922 3379 271 69 religious

195 3453 225 70 liberty,
477 3456 283 67 prepared
815 3456 75 67 by
949 3456 198 68 Edgar
1203 3456 284 54 Franklin
1544 3456 225 69 Romig.
1867 3461 325 51 1533-1933.

201 3532 155 67 [New
389 3533 179 66 York]
608 3534 313 67 Collegiate
955 3534 309 54 Reformed
1296 3537 332 52 Protestant
1661 3537 192 53 Dutch
1888 3537 210 53 church
2132 3537 63 52 of

199 3611 93 54 the
320 3613 117 64 city
465 3611 64 53 of
556 3611 139 55 New
725 3612 179 65 York,
935 3615 149 54 1934.

275 3685 83 47 xii,
390 3685 55 40 84
476 3696 41 37 p.
577 3685 164 48 front.,
771 3685 128 41 illus.
928 3684 132 49 (incl.
1093 3686 214 48 facsim.)
1349 3687 171 50 plates,
1554 3690 164 46 ports.,
1752 3699 122 38 map.
1936 3688 57 40 24½
2025 3690 45 21 cm
2075 3722 8 8 .

273 3755 376 50 Bibliography:
679 3768 43 38 p.
750 3758 70 40 25.

209 3822 50 52 ©
294 3827 111 47 Apr.
439 3827 69 47 26,
541 3827 141 47 1934;
716 3829 68 39 2c.
818 3829 113 47 May
964 3829 52 47 4;
1053 3830 79 38 aff.
1169 3831 112 47 May
1315 3830 81 48 31;
1432 3831 39 38 A
1506 3831 170 46 73127;
1715 3829 283 50 Consistory
2031 3833 52 39 of
2117 3832 82 42 the

277 3882 263 44 Collegiate
569 3884 259 42 Reformed
857 3885 283 42 Protestant
1167 3888 159 39 Dutch
1356 3888 193 46 church,
1578 3888 116 39 New
1723 3888 144 41 York.

289 3940 278 48 (34-20058)
