2350 4196
1129 4000 98 52 743

193 519 86 39 Mr.
312 517 206 47 Hayden
550 517 239 40 Griswold
819 517 127 39 from
976 516 116 39 data
1122 513 255 41 furnished
1408 514 59 47 by
1499 516 87 38 Mr.
1622 514 214 40 Mathias
1872 515 174 47 Spiess,
2080 527 99 30 was

192 575 252 45 presented
480 576 48 37 to
561 574 81 39 the
675 573 313 40 Connecticut
1021 571 179 47 society
1233 571 51 39 of
1316 571 82 40 the
1432 571 205 39 colonial
1671 572 165 39 dames
1869 572 59 47 by
1960 574 88 38 Mr.
2083 575 93 39 and

193 632 112 38 Mrs.
334 631 190 39 Horace
556 631 233 38 Bushnell
819 630 204 46 Cheney,
1084 627 60 47 cf.
1175 628 271 40 Foreword.

260 686 347 48 Bibliography:
664 698 42 37 p.
739 686 171 49 [27-28]

190 740 1990 51 © Apr. 21, 1934; 2c. Apr. 21; aff. May 12; A 71712; Connecticut soc.
261 801 51 39 of
344 801 80 40 the
457 800 206 40 colonial
698 800 163 40 dames
895 800 50 39 of
977 800 235 46 America,
1249 799 102 47 inc.,
1387 799 351 47 Wethersfield,
1775 800 146 40 Conn.

268 857 278 51 (34-16116)

208 945 355 63 [Negligence
593 946 114 51 and
740 944 438 63 compensation
1211 960 166 36 cases
1407 945 342 64 annotated]

182 1020 1974 147 Common sense index of volumes 33-34 N. C. C. A. … Chicago,
368 1100 321 67 Callaghan
720 1101 110 51 and
861 1117 295 50 company,
1188 1102 148 48 1934.

257 1173 282 46 cover-title,
569 1173 88 40 258
683 1184 40 37 p.
782 1174 55 38 24½
870 1176 43 20 cm
920 1207 7 7 .

191 1226 50 51 ©
273 1231 124 39 June
427 1230 68 46 27,
526 1230 139 46 1934;
699 1230 64 40 2c.
797 1231 94 38 and
922 1229 80 41 aff.
1037 1230 123 38 June
1190 1228 55 40 29;
1306 1229 40 38 A
1377 1228 170 48 74029;
1583 1229 269 48 Callaghan
1884 1231 36 40 &
1948 1243 67 29 co.

183 1319 227 65 Norris,
442 1319 138 53 Mrs.
612 1318 295 53 Kathleen
939 1317 394 65 (Thompson)
1376 1322 168 48 1880-

313 1394 1870 68 … Three men and Diana. Garden City, N. Y., Doubleday,
182 1476 197 51 Doran
408 1477 44 49 &
482 1491 297 51 company,
809 1474 124 68 inc.,
965 1477 151 50 1934.

252 1547 572 49 4 p. l., 343 p. 19½ cm .
255 1605 64 40 At
345 1606 123 39 head
496 1605 53 40 of
575 1605 134 40 title:
739 1606 244 39 Kathleen
1008 1604 182 40 Norris.

257 1661 163 41 “First
451 1661 226 41 edition.”

190 1716 50 51 ©
274 1721 125 40 June
431 1720 38 46 6,
502 1719 139 46 1934;
677 1719 67 40 2c.
777 1721 94 38 and
904 1719 79 39 aff.
1019 1720 126 39 June
1174 1719 80 45 16;
1290 1719 39 38 A
1363 1718 169 45 72832;
1569 1719 244 38 Kathleen
1846 1716 184 48 Norris,
2066 1718 116 39 Palo

256 1777 125 46 Alto,
409 1777 144 40 Calif.
628 1777 279 47 (34-16177)

181 1865 263 65 Nowlan,
477 1865 314 54 Frederick
822 1866 260 63 Stanley,
1117 1868 169 49 1886-

251 1943 1931 70 Analvtic geometry, by Frederick S. Nowlan … 2d ed. New
184 2022 162 52 York
381 2023 112 52 and
532 2023 254 66 London,
820 2022 428 54 McGraw-Hill
1284 2021 145 54 book
1465 2040 297 49 company,
1798 2021 126 67 inc.,
1962 2025 149 48 1934.

256 2096 82 48 xii,
368 2096 87 40 352
481 2108 42 36 p.
582 2096 178 48 diagrs.
818 2097 57 40 19
877 2099 42 20 cm
926 2130 7 7 .

191 2150 50 51 ©
267 2155 125 38 June
418 2154 37 42 6,
481 2153 113 40 1934;
647 2154 66 38 2c.
740 2154 125 39 June
890 2153 52 46 9;
970 2153 81 40 aff.
1077 2153 126 39 June
1229 2153 51 41 8;
1309 2153 40 38 A
1374 2153 144 39 72702;
1575 2152 350 40 McGraw-Hill
1952 2153 123 39 book
2100 2164 53 29 co.,

260 2211 89 40 inc.
421 2211 279 47 (34-16142)

183 2298 2000 69 Ohio jurisprudence … a complete statement of the law and
253 2377 247 68 practice
531 2378 63 51 of
627 2378 95 52 the
754 2382 145 48 state
934 2377 62 53 of
1030 2377 166 62 Ohio,
1229 2377 139 51 with
1404 2377 196 52 forms.
1677 2377 208 52 Editor
1919 2377 58 51 in
2013 2376 168 53 chief.

251 2454 192 55 Willis
486 2457 69 54 A.
602 2457 258 61 Estrich;
908 2455 322 69 consulting
1272 2456 202 65 editor,
1518 2455 258 56 William
1818 2458 78 51 M.
252 2455 1907 147 McKinney;

436 2534 313 69 managing
796 2534 200 67 editor,
1042 2535 220 67 George
1312 2536 54 54 S.
1415 2535 225 55 Gulick.
1717 2552 48 34 v.
1816 2538 80 49 33.
1980 2536 203 52 Public

251 2612 289 54 securities
580 2619 58 47 to
681 2612 276 54 Railroad
1001 2612 371 55 commission.
1452 2614 324 65 Rochester,
1818 2616 68 50 N.
1932 2616 89 63 Y.,
2063 2615 120 51 The

251 2691 265 67 Lawyers
552 2692 380 67 co-operative
967 2691 334 68 publishing
1333 2710 297 49 company,
1667 2695 149 51 1934.

257 2764 63 47 ix,
352 2765 114 39 1207
498 2776 40 36 p.
597 2766 149 38 front,
777 2765 170 47 (port.)
1015 2766 56 38 24½cm.

191 2818 1993 52 © June 28, 1934; 2c. July 9; aff. July 5; A 73338; Lawyers co-operative
259 2880 107 46 pub.
393 2890 66 28 co.

182 2966 221 54 Punch;
479 2986 49 34 v.
563 2973 114 63 186,
705 2988 88 32 no.
824 2971 153 66 4846,
1007 2970 138 67 May
1175 2974 47 62 9,
1253 2973 148 49 1934.

191 3039 1991 53 © 1c. July 5, 1934; A ad int. 19136; pubd. May 9; Herbert Heather,
259 3101 210 39 London.

206 3188 428 66 [Schaumburg,
667 3192 142 51 Paul
840 3189 176 54 Erich
1047 3191 198 53 Rruno
1276 3190 256 54 Richard]
1590 3195 169 50 1884-

312 3268 95 52 Volk
444 3268 87 52 bei
571 3269 99 51 der
711 3268 208 61 arbeit;
963 3287 197 34 roman
1197 3270 94 52 des
1332 3270 305 52 deutschen
1676 3270 189 53 Volkes
1906 3287 109 35 von

183 3270 1972 127 Bismarck
408 3346 84 53 bis
525 3347 212 66 Hitler,
771 3366 111 34 von
913 3350 147 50 Paul
1095 3350 161 65 Burg
1311 3348 214 67 [pseud.]
1604 3348 92 52 bd.
1784 3390 8 9 II.
1861 3348 170 52 Licht
2064 3348 116 52 und

182 3424 1399 69 schatten … Leipzig, H. Fikentscher [1934]
258 3499 1055 48 2 p. l., 5-327 p. front., plates, ports. 19½cm.
192 3551 1812 53 © Apr. 25, 1934; 1c. July 3; A -Foreign 25043; H. Fikentscher.
185 3644 402 64 Southworth,
617 3647 136 51 Mrs.
788 3645 292 53 Gertrude
1112 3646 158 64 (Van
1302 3647 206 62 Buyn)

262 3720 120 52 The
413 3725 154 64 story
601 3720 62 52 of
692 3720 96 53 the
818 3721 214 52 middle
1063 3739 156 50 ages;
1254 3722 94 53 the
1381 3722 94 52 old
1507 3721 179 52 world
1718 3721 367 67 background
2118 3719 62 53 of

191 3796 303 55 American
518 3797 220 69 history
766 3799 150 52 from
944 3799 95 54 the
1069 3799 102 52 fall
1203 3800 60 51 of
1290 3800 177 53 Rome
1493 3799 250 68 through
1770 3800 93 50 the
1893 3799 198 67 period
2119 3798 63 52 of

196 3874 369 70 exploration,
611 3876 74 68 by
730 3873 281 58 Gertrude
1057 3877 129 52 Van
1233 3878 173 67 Duyn
1454 3877 369 54 Southworth
1870 3877 111 53 and
2027 3877 151 51 John
