2350 4196
1128 4062 97 49 695

178 411 198 54 Public
416 412 240 53 utilities
698 415 220 65 reports
952 411 165 68 (New
1156 411 225 67 series),
1421 410 333 69 containing
1795 412 274 54 decisions
2112 413 62 51 of

247 490 1928 146 Henry C. Spurr … editor … Volume 1. 1934. Washington, D. C., Rochester, N. Y., Public utilities reports, inc.,
246 650 149 49 1934.

249 721 132 45 xxix,
412 720 83 40 583
525 731 42 37 p.
625 721 115 38 25cm.

251 777 22 17 “…
362 776 239 40 coincides
634 776 120 39 with
785 777 81 39 the
897 774 295 50 publication
1227 774 50 40 of
1308 775 82 39 the
1421 774 295 40 cumulative
1747 774 49 38 P.
1831 775 53 39 U.
1920 775 53 38 R.
2007 775 167 48 digest,

179 834 157 39 which
366 833 242 40 embodies
638 833 49 38 in
719 834 63 39 its
813 843 142 30 seven
986 832 205 47 original
1222 831 215 40 volumes
1468 832 81 39 the
1580 830 187 48 rulings
1798 832 59 46 by
1887 834 163 38 courts
2081 834 95 39 and

178 890 332 41 commissions
541 890 253 47 published
828 889 131 48 prior
991 892 47 37 to
1071 890 80 37 the
1182 898 116 37 year
1329 887 126 40 1933.
1518 888 146 38 Later
1696 886 200 49 rulings,
1930 888 247 49 including

179 949 135 38 those
352 946 265 48 appearing
652 947 47 38 in
738 947 97 39 this
872 947 116 38 New
1024 945 148 40 series
1209 944 50 41 of
1295 944 167 40 Public
1500 943 207 41 utilities
1745 947 201 45 reports,
1985 945 99 39 will
2121 947 55 39 be

179 1005 150 39 found
353 1005 48 37 in
429 1004 80 39 the
534 1003 262 48 periodical
824 1002 293 41 cumulative
1143 1002 328 46 supplements
1498 1005 48 36 to
1572 1002 80 39 the
1678 1002 50 38 P.
1802 1034 6 6 U.
1836 1002 56 39 R.
1919 1001 259 48 digest.”—

179 1061 128 40 Pref.

182 1128 50 51 ©
265 1134 113 45 May
407 1132 68 47 28,
507 1132 140 45 1934;
680 1132 65 40 2c.
778 1133 95 38 and
904 1131 80 40 aff.
1017 1131 125 39 June
1173 1130 50 46 2;
1257 1130 40 38 A
1328 1129 169 47 72602;
1533 1130 171 40 Public
1733 1129 206 40 utilities
1972 1133 203 43 reports,

249 1189 88 40 inc.
411 1189 278 48 (34-15266)

182 1306 171 64 Reed,
384 1306 220 53 Harold
632 1307 161 64 Lyle,
825 1311 168 50 1888-

247 1382 1931 68 The commodity dollar, by Harold L. Reed … New York,
179 1462 213 52 Farrar
420 1464 45 49 &
494 1462 298 63 Rinehart,
821 1461 398 67 incorporated
1256 1462 191 65 [c1934]

248 1534 1929 49 2 p. l., 56 p. 18½cm. (On cover: The Farrar & Rinehart pamphlets,
180 1603 72 31 no.
287 1592 52 48 2)

184 1659 50 51 ©
263 1665 77 38 May
403 1663 67 47 17,
500 1663 139 46 1934;
669 1664 67 40 2c.
765 1665 112 46 May
905 1664 80 45 19;
1017 1662 81 41 aff.
1127 1664 112 46 May
1267 1663 80 45 18;
1378 1663 41 38 A
1447 1663 168 44 72493;
1648 1664 60 39 H.
1737 1664 49 38 L.
1818 1664 142 45 Reed,
1992 1663 186 46 Ithaca,

252 1721 54 39 N.
334 1721 53 38 Y.
461 1721 280 47 (34-15255)

181 1839 260 62 Romine,
471 1837 255 55 William
759 1838 224 65 Bethel,
1017 1843 167 49 1861-

255 1914 54 52 A
331 1920 155 62 story
512 1913 63 53 of
597 1914 94 54 the
713 1913 247 69 original
982 1914 96 51 Ku
1102 1914 159 52 Klux
1283 1914 154 67 Man,
1464 1916 70 66 by
1558 1914 109 52 Mr.
1697 1913 111 52 and
1832 1915 137 51 Mrs.
1995 1913 86 53 W.
2111 1914 64 51 B.

186 1992 1921 69 Romine … Rev. Pulaski, Tenn., The Pulaski citizen, c1934.
253 2064 55 39 29
339 2075 43 37 p.
416 2065 109 39 incl.
557 2066 170 46 plates,
761 2067 147 46 ports.
969 2065 115 39 22cm.

184 2134 50 51 ©
259 2139 110 47 Apr.
395 2140 38 38 3.
459 2139 112 40 1934;
625 2140 64 39 2c.
716 2140 111 47 Apr.
853 2140 24 38 5;
932 2139 78 40 aff.
1038 2141 111 45 May
1174 2140 53 38 12;
1281 2140 40 38 A
1346 2139 140 40 72691;
1543 2141 71 39 W.
1641 2141 53 39 B.
1721 2140 215 47 Romine,
1964 2137 215 48 Pulaski,

253 2196 146 39 Tenn.
472 2196 279 48 (34-15458)

179 2310 183 54 South
401 2316 239 51 eastern
673 2319 272 62 reporter.
1014 2316 166 54 Cases
1215 2316 214 66 argued
1464 2316 111 51 and
1608 2316 351 52 determined
1992 2316 61 52 in
2085 2316 97 51 the

248 2395 187 51 courts
482 2391 64 52 of
592 2392 267 68 Georgia,
907 2393 185 53 North
1142 2393 286 67 Carolina,
1478 2395 182 53 South
1711 2394 288 60 Carolina,

248 2393 1907 145 Virginia,
453 2472 159 53 West
642 2471 287 67 Virginia,
958 2469 139 53 with
1127 2471 103 67 key
1264 2472 237 53 number
1532 2471 379 54 annotations,
1979 2491 50 32 v.
2096 2471 82 54 172.

248 2548 553 67 February-March,
831 2552 149 48 1934.
1059 2548 81 55 St.
1169 2550 163 61 Paul,
1357 2553 161 52 West
1542 2550 336 67 publishing
1903 2567 97 49 co.,
2063 2553 115 49 1934.

251 2623 95 48 xvi,
376 2622 112 40 1006
518 2633 42 36 p.
618 2622 116 40 26cm.

185 2689 50 51 ©
267 2694 112 46 May
407 2693 69 47 21,
506 2691 140 43 1934;
679 2693 65 39 2c.
776 2693 127 39 June
931 2693 54 39 20;
1045 2693 79 39 aff.
1157 2694 127 40 June
1312 2695 80 40 21;
1426 2694 39 38 A
1496 2694 170 45 72921;
1700 2695 135 39 West
1865 2695 108 47 pub.
2001 2703 68 31 co.

179 2851 293 54 Southern
512 2857 272 63 reporter.
857 2853 167 54 Cases
1062 2855 211 67 argued
1312 2856 111 51 and
1461 2855 351 53 determined

1846 2856 61 51 in
1943 2856 95 51 the
249 2854 1907 144 Supreme
483 2936 186 49 courts
713 2932 62 51 of
818 2932 299 67 Alabama,
1161 2933 254 67 Florida,
1458 2933 326 61 Louisiana,
1829 2933 349 67 Mississippi

250 3009 113 52 and
398 3009 95 52 the
529 3010 206 55 Courts
772 3009 63 53 of
871 3012 204 65 appeal
1112 3011 62 52 of
1208 3012 279 52 Alabama
1526 3013 113 51 and
1675 3012 327 66 Louisiana,
2039 3012 141 52 with

246 3086 108 68 key
383 3088 238 51 number
652 3087 378 53 annotations,
1107 3108 49 32 v.
1190 3092 114 49 151.
1379 3091 616 66 January-February,
2034 3093 144 50 1934.

252 3164 82 54 St.
367 3166 165 65 Paul,
563 3167 162 52 West
755 3165 335 69 publishing
1122 3184 95 41 co.,
1252 3171 149 49 1934.

324 3270 7 15 xx,
364 3239 117 39 1009
509 3250 42 36 p.
611 3239 115 39 26cm.

186 3305 54 51 ©
269 3310 113 46 May
412 3309 39 46 2,
484 3309 140 46 1934;
657 3309 65 39 2c.
757 3309 124 39 June
912 3311 81 44 20;
1028 3310 80 41 aff.
1141 3312 128 39 June
1297 3312 81 41 21;
1414 3312 40 38 A
1486 3311 169 40 72922:
1691 3313 134 39 West
1855 3313 109 47 pub.
1999 3322 66 30 co.

179 3426 311 63 Stephens,
522 3426 245 54 Charles
796 3427 259 65 Asbury,
1088 3434 323 50 1845-1931.

249 3504 1932 70 My folks in Maine, by C. A. Stephens … Norway, Me.,
180 3582 120 52 The
329 3581 115 55 Old
471 3581 230 68 squire’s
731 3581 148 54 book
906 3585 148 51 store
1089 3587 189 63 [c1934]

257 3656 636 48 vi p., 1 l., 304 p. 19½cm.
257 3713 147 40 Plans
438 3724 59 29 on
527 3713 364 48 lining-papers.

255 3769 40 39 A
327 3769 251 40 collection
613 3769 50 40 of
695 3770 278 40 heretofore
1004 3772 321 47 unpublished
1361 3773 175 40 stories
1571 3773 53 39 of
1656 3774 81 39 the
1772 3774 119 45 days
1925 3773 139 39 when
2099 3773 82 39 the

184 3826 217 41 author’s
431 3829 247 38 ancestors
708 3828 175 39 settled
912 3828 49 38 in
990 3829 81 39 the
1099 3830 232 39 northern
1360 3829 299 40 wilderness.

189 3891 1991 54 © May 12, 1934; 1c. May 22; 1c. June 1; aff. May 21; A 71942; Old
255 3953 202 47 squire’s
485 3954 122 40 book
636 3956 141 38 store.
853 3954 278 49 (34-15304)
