<alto xmlns="http://www.loc.gov/standards/alto/ns-v3#" xmlns:xlink="http://www.w3.org/1999/xlink" xmlns:xsi="http://www.w3.org/2001/XMLSchema-instance" xsi:schemaLocation="http://www.loc.gov/standards/alto/ns-v3# http://www.loc.gov/alto/v3/alto-3-0.xsd"><Description>
<MeasurementUnit>pixel</MeasurementUnit>
<sourceImageInformation>
<fileName>1934_v1_Part1.pdf</fileName>
</sourceImageInformation>
<OCRProcessing ID="IdOcr">
<ocrProcessingStep>
<processingDateTime>2019-01-10</processingDateTime>
<processingSoftware>
<softwareCreator>ABBYY</softwareCreator>
<softwareName>ABBYY Recognition Server</softwareName>
<softwareVersion>4.0</softwareVersion>
</processingSoftware>
</ocrProcessingStep>
</OCRProcessing>
</Description>
<Styles>
<ParagraphStyle ID="StyleId-FFFFFFFF-FFFF-FFFF-FFFF-FFFFFFFFFFFF-" ALIGN="Left" LEFT="0." RIGHT="0." FIRSTLINE="0."/>
<ParagraphStyle ID="StyleId-521E1FC6-FE7E-43A4-90E6-A9B61626A263-" ALIGN="Right" LEFT="0." RIGHT="0." FIRSTLINE="0." LINESPACE="13.30000019"/>
<ParagraphStyle ID="StyleId-639B624E-F6F5-47B6-BB1D-34E64B53022F-" ALIGN="Left" LEFT="0." RIGHT="0." FIRSTLINE="-27." LINESPACE="13.43999958"/>
<ParagraphStyle ID="StyleId-100905F9-D385-406B-A5BD-ED5B8FD85431-" ALIGN="Left" LEFT="0." RIGHT="0." FIRSTLINE="0."/>
<ParagraphStyle ID="StyleId-7C9F9BA2-EF3A-4B7F-8486-CCC7B7F49B39-" ALIGN="Left" LEFT="0." RIGHT="0." FIRSTLINE="-27." LINESPACE="18.71999931"/>
<ParagraphStyle ID="StyleId-350780E3-60F2-4605-88F5-BB54F9B87091-" ALIGN="Block" LEFT="0." RIGHT="0." FIRSTLINE="-27." LINESPACE="18.71999931"/>
<ParagraphStyle ID="StyleId-90B16C58-D795-4C77-9B89-30378C515D40-" ALIGN="Left" LEFT="0." RIGHT="0." FIRSTLINE="0." LINESPACE="14.39999962"/>
<ParagraphStyle ID="StyleId-17090E09-AFAF-4086-BD9B-4E99FAE6B057-" ALIGN="Right" LEFT="0." RIGHT="0." FIRSTLINE="-27." LINESPACE="14.39999962"/>
<ParagraphStyle ID="StyleId-8B87B633-89DB-4D72-B1FC-26E4ABD680BC-" ALIGN="Left" LEFT="0." RIGHT="0." FIRSTLINE="-27." LINESPACE="18.47999954"/>
<ParagraphStyle ID="StyleId-42DA7417-CA90-4D71-A57B-06556C38D752-" ALIGN="Left" LEFT="0." RIGHT="0." FIRSTLINE="0." LINESPACE="13.30000019"/>
<ParagraphStyle ID="StyleId-D8EE2A7E-42AE-4E35-98DB-F0F935637AA0-" ALIGN="Block" LEFT="0." RIGHT="0." FIRSTLINE="0." LINESPACE="6.599999905"/>
<ParagraphStyle ID="StyleId-33CD3121-D4F5-43B6-BA96-6382D166E6B8-" ALIGN="Left" LEFT="0." RIGHT="0." FIRSTLINE="0." LINESPACE="15.5"/>
<ParagraphStyle ID="StyleId-1CE52AFA-C319-4DD9-B4B1-F0EBFA2B3F0B-" ALIGN="Block" LEFT="0." RIGHT="0." FIRSTLINE="-21." LINESPACE="18.71999931"/>
<ParagraphStyle ID="StyleId-B74F1B65-92F1-49C5-A5FA-D20442F031F2-" ALIGN="Left" LEFT="0." RIGHT="0." FIRSTLINE="0." LINESPACE="17.70006076"/>
<ParagraphStyle ID="StyleId-79E2924A-215C-40B7-B577-7236BFBAA25E-" ALIGN="Center" LEFT="0." RIGHT="0." FIRSTLINE="0." LINESPACE="7.199999809"/>
</Styles>
<Layout>
<Page ID="Page213" PHYSICAL_IMG_NR="213" HEIGHT="4196" WIDTH="2350">
<TopMargin HEIGHT="485" WIDTH="2350" VPOS="0" HPOS="0">
</TopMargin>
<LeftMargin HEIGHT="3582" WIDTH="130" VPOS="485" HPOS="0">
</LeftMargin>
<RightMargin HEIGHT="3582" WIDTH="195" VPOS="485" HPOS="2155">
</RightMargin>
<BottomMargin HEIGHT="129" WIDTH="2350" VPOS="4067" HPOS="0">
<TextBlock ID="Page213_Block1" HEIGHT="59" WIDTH="111" VPOS="4116" HPOS="1087" LANG="en-US" STYLEREFS="StyleId-A2A9B351-AD13-4D61-92EC-65D22A930E30-">
<TextLine HEIGHT="47" WIDTH="99" VPOS="4122" HPOS="1093">
<String CONTENT="213" HEIGHT="47" WIDTH="99" VPOS="4122" HPOS="1093"/>
</TextLine>
</TextBlock>
</BottomMargin>
<PrintSpace HEIGHT="3582" WIDTH="2025" VPOS="485" HPOS="130">
<TextBlock ID="Page213_Block2" HEIGHT="3582" WIDTH="2025" VPOS="485" HPOS="130" LANG="en-US" CS="1" STYLEREFS="StyleId-CB28EE9C-065C-4E07-8A02-11DA943DCCB7-">
<TextLine HEIGHT="65" WIDTH="927" VPOS="491" HPOS="139" STYLEREFS="StyleId-FC144553-32B0-40FB-9AEE-EC9D08C9811D-">
<String CONTENT="Canada." HEIGHT="55" WIDTH="254" VPOS="491" HPOS="139"/>
<SP HEIGHT="52" WIDTH="73" VPOS="491" HPOS="394"/>
<String CONTENT="Laws," HEIGHT="65" WIDTH="184" VPOS="491" HPOS="468"/>
<SP HEIGHT="46" WIDTH="25" VPOS="510" HPOS="653"/>
<String CONTENT="statutes," HEIGHT="61" WIDTH="258" VPOS="495" HPOS="679"/>
<SP HEIGHT="48" WIDTH="27" VPOS="508" HPOS="938"/>
<String CONTENT="etc." HEIGHT="48" WIDTH="100" VPOS="496" HPOS="966"/>
</TextLine>
<TextLine HEIGHT="67" WIDTH="1864" VPOS="567" HPOS="268" STYLEREFS="StyleId-6760B934-CB03-44DB-B9DC-0BFBDA8EE291-" CS="1">
<String CS="1" CONTENT="&#8230;"/>
<SP HEIGHT="52" WIDTH="29" VPOS="569" HPOS="268"/>
<String CONTENT="Income" HEIGHT="52" WIDTH="228" VPOS="569" HPOS="298"/>
<SP HEIGHT="33" WIDTH="21" VPOS="587" HPOS="527"/>
<String CONTENT="war" HEIGHT="33" WIDTH="118" VPOS="587" HPOS="549"/>
<SP HEIGHT="45" WIDTH="21" VPOS="574" HPOS="668"/>
<String CONTENT="tax" HEIGHT="46" WIDTH="98" VPOS="574" HPOS="690"/>
<SP HEIGHT="33" WIDTH="24" VPOS="587" HPOS="789"/>
<String CONTENT="act;" HEIGHT="60" WIDTH="116" VPOS="574" HPOS="814"/>
<SP HEIGHT="60" WIDTH="25" VPOS="574" HPOS="931"/>
<String CONTENT="the" HEIGHT="51" WIDTH="94" VPOS="568" HPOS="957"/>
<SP HEIGHT="33" WIDTH="23" VPOS="586" HPOS="1052"/>
<String CONTENT="complete" HEIGHT="66" WIDTH="274" VPOS="567" HPOS="1076"/>
<SP HEIGHT="45" WIDTH="22" VPOS="574" HPOS="1351"/>
<String CONTENT="text" HEIGHT="47" WIDTH="121" VPOS="572" HPOS="1374"/>
<SP HEIGHT="47" WIDTH="24" VPOS="572" HPOS="1496"/>
<String CONTENT="of" HEIGHT="51" WIDTH="63" VPOS="568" HPOS="1521"/>
<SP HEIGHT="51" WIDTH="20" VPOS="568" HPOS="1585"/>
<String CONTENT="the" HEIGHT="52" WIDTH="95" VPOS="568" HPOS="1606"/>
<SP HEIGHT="53" WIDTH="25" VPOS="567" HPOS="1702"/>
<String CONTENT="&#8220;Income" HEIGHT="52" WIDTH="263" VPOS="567" HPOS="1728"/>
<SP HEIGHT="34" WIDTH="22" VPOS="586" HPOS="1992"/>
<String CONTENT="war" HEIGHT="34" WIDTH="117" VPOS="586" HPOS="2015"/>
</TextLine>
<TextLine HEIGHT="70" WIDTH="1996" VPOS="644" HPOS="136" STYLEREFS="StyleId-6760B934-CB03-44DB-B9DC-0BFBDA8EE291-">
<String CONTENT="tax" HEIGHT="47" WIDTH="96" VPOS="652" HPOS="136"/>
<SP HEIGHT="34" WIDTH="26" VPOS="665" HPOS="233"/>
<String CONTENT="act&#8221;" HEIGHT="53" WIDTH="122" VPOS="646" HPOS="260"/>
<SP HEIGHT="52" WIDTH="24" VPOS="646" HPOS="383"/>
<String CONTENT="of" HEIGHT="53" WIDTH="63" VPOS="645" HPOS="408"/>
<SP HEIGHT="56" WIDTH="22" VPOS="645" HPOS="472"/>
<String CONTENT="Canada," HEIGHT="66" WIDTH="252" VPOS="646" HPOS="495"/>
<SP HEIGHT="66" WIDTH="24" VPOS="646" HPOS="748"/>
<String CONTENT="including" HEIGHT="68" WIDTH="298" VPOS="644" HPOS="773"/>
<SP HEIGHT="49" WIDTH="23" VPOS="663" HPOS="1072"/>
<String CONTENT="all" HEIGHT="50" WIDTH="77" VPOS="646" HPOS="1096"/>
<SP HEIGHT="51" WIDTH="23" VPOS="646" HPOS="1174"/>
<String CONTENT="amendments" HEIGHT="51" WIDTH="388" VPOS="646" HPOS="1198"/>
<SP HEIGHT="46" WIDTH="22" VPOS="651" HPOS="1587"/>
<String CONTENT="to" HEIGHT="45" WIDTH="57" VPOS="651" HPOS="1610"/>
<SP HEIGHT="34" WIDTH="25" VPOS="663" HPOS="1668"/>
<String CONTENT="and" HEIGHT="51" WIDTH="111" VPOS="647" HPOS="1694"/>
<SP HEIGHT="53" WIDTH="28" VPOS="645" HPOS="1806"/>
<String CONTENT="including" HEIGHT="69" WIDTH="297" VPOS="645" HPOS="1835"/>
</TextLine>
<TextLine HEIGHT="68" WIDTH="1993" VPOS="722" HPOS="137" STYLEREFS="StyleId-6760B934-CB03-44DB-B9DC-0BFBDA8EE291-" CS="1">
<String CONTENT="1932-33" HEIGHT="50" WIDTH="237" VPOS="726" HPOS="137"/>
<SP HEIGHT="49" WIDTH="38" VPOS="727" HPOS="375"/>
<String CONTENT="statutes," HEIGHT="61" WIDTH="256" VPOS="728" HPOS="414"/>
<SP HEIGHT="46" WIDTH="38" VPOS="743" HPOS="671"/>
<String CONTENT="with" HEIGHT="52" WIDTH="139" VPOS="724" HPOS="710"/>
<SP HEIGHT="50" WIDTH="40" VPOS="726" HPOS="850"/>
<String CONTENT="appropriate" HEIGHT="67" WIDTH="372" VPOS="723" HPOS="891"/>
<SP HEIGHT="33" WIDTH="36" VPOS="742" HPOS="1264"/>
<String CONTENT="notations" HEIGHT="53" WIDTH="289" VPOS="722" HPOS="1301"/>
<SP HEIGHT="34" WIDTH="45" VPOS="742" HPOS="1591"/>
<String CS="1" CONTENT="&#8230;"/>
<SP HEIGHT="52" WIDTH="80" VPOS="724" HPOS="1692"/>
<String CONTENT="New" HEIGHT="51" WIDTH="136" VPOS="724" HPOS="1773"/>
<SP HEIGHT="51" WIDTH="40" VPOS="725" HPOS="1910"/>
<String CONTENT="York," HEIGHT="65" WIDTH="179" VPOS="725" HPOS="1951"/>
</TextLine>
<TextLine HEIGHT="129" WIDTH="1972" VPOS="800" HPOS="136" STYLEREFS="StyleId-6760B934-CB03-44DB-B9DC-0BFBDA8EE291-" CS="1">
<String CONTENT="Chicago" HEIGHT="67" WIDTH="246" VPOS="801" HPOS="141"/>
<SP HEIGHT="49" WIDTH="39" VPOS="819" HPOS="388"/>
<String CONTENT="[etc.]" HEIGHT="61" WIDTH="136" VPOS="807" HPOS="428"/>
<SP HEIGHT="66" WIDTH="38" VPOS="802" HPOS="565"/>
<String CONTENT="Commerce" HEIGHT="54" WIDTH="324" VPOS="802" HPOS="604"/>
<SP HEIGHT="35" WIDTH="32" VPOS="818" HPOS="929"/>
<String CONTENT="clearing" HEIGHT="68" WIDTH="252" VPOS="800" HPOS="962"/>
<SP HEIGHT="66" WIDTH="28" VPOS="802" HPOS="1215"/>
<String CONTENT="house," HEIGHT="65" WIDTH="190" VPOS="802" HPOS="1244"/>
<SP HEIGHT="67" WIDTH="31" VPOS="800" HPOS="1435"/>
<String CONTENT="inc.," HEIGHT="67" WIDTH="125" VPOS="800" HPOS="1467"/>
<SP HEIGHT="65" WIDTH="29" VPOS="802" HPOS="1593"/>
<String CONTENT="Loose" HEIGHT="52" WIDTH="178" VPOS="802" HPOS="1623"/>
<SP HEIGHT="52" WIDTH="31" VPOS="802" HPOS="1802"/>
<String CONTENT="leaf" HEIGHT="52" WIDTH="118" VPOS="801" HPOS="1834"/>
<SP HEIGHT="53" WIDTH="30" VPOS="801" HPOS="1953"/>
<String CONTENT="service" HEIGHT="108" WIDTH="1972" VPOS="821" HPOS="136"/>
</TextLine>
<TextLine HEIGHT="69" WIDTH="1585" VPOS="877" HPOS="245" STYLEREFS="StyleId-6760B934-CB03-44DB-B9DC-0BFBDA8EE291-">
<String CONTENT="division" HEIGHT="54" WIDTH="247" VPOS="877" HPOS="245"/>
<SP HEIGHT="33" WIDTH="28" VPOS="897" HPOS="493"/>
<String CONTENT="of" HEIGHT="52" WIDTH="63" VPOS="878" HPOS="522"/>
<SP HEIGHT="52" WIDTH="30" VPOS="878" HPOS="586"/>
<String CONTENT="the" HEIGHT="50" WIDTH="94" VPOS="880" HPOS="617"/>
<SP HEIGHT="54" WIDTH="29" VPOS="879" HPOS="712"/>
<String CONTENT="Corporation" HEIGHT="67" WIDTH="383" VPOS="879" HPOS="742"/>
<SP HEIGHT="46" WIDTH="28" VPOS="884" HPOS="1126"/>
<String CONTENT="trust" HEIGHT="47" WIDTH="147" VPOS="884" HPOS="1155"/>
<SP HEIGHT="45" WIDTH="28" VPOS="885" HPOS="1303"/>
<String CONTENT="company." HEIGHT="49" WIDTH="297" VPOS="896" HPOS="1332"/>
<SP HEIGHT="48" WIDTH="27" VPOS="885" HPOS="1630"/>
<String STYLE="superscript" CONTENT="c" HEIGHT="20" WIDTH="17" VPOS="885" HPOS="1658"/>
<String CONTENT="1934." HEIGHT="50" WIDTH="149" VPOS="882" HPOS="1681"/>
</TextLine>
<TextLine HEIGHT="48" WIDTH="305" VPOS="951" HPOS="207">
<String CONTENT="48" HEIGHT="39" WIDTH="56" VPOS="951" HPOS="207"/>
<SP HEIGHT="48" WIDTH="28" VPOS="951" HPOS="264"/>
<String CONTENT="p." HEIGHT="37" WIDTH="44" VPOS="962" HPOS="293"/>
<SP HEIGHT="39" WIDTH="57" VPOS="952" HPOS="338"/>
<String CONTENT="23" HEIGHT="40" WIDTH="55" VPOS="951" HPOS="396"/>
<String STYLE="superscript" CONTENT="cm" HEIGHT="21" WIDTH="43" VPOS="953" HPOS="455"/>
<String CONTENT="." HEIGHT="8" WIDTH="8" VPOS="983" HPOS="504"/>
</TextLine>
<TextLine HEIGHT="41" WIDTH="1062" VPOS="1007" HPOS="208">
<String CONTENT="At" HEIGHT="40" WIDTH="64" VPOS="1008" HPOS="208"/>
<SP HEIGHT="40" WIDTH="24" VPOS="1008" HPOS="273"/>
<String CONTENT="head" HEIGHT="39" WIDTH="124" VPOS="1008" HPOS="298"/>
<SP HEIGHT="39" WIDTH="25" VPOS="1008" HPOS="423"/>
<String CONTENT="of" HEIGHT="39" WIDTH="50" VPOS="1008" HPOS="449"/>
<SP HEIGHT="39" WIDTH="25" VPOS="1008" HPOS="500"/>
<String CONTENT="title:" HEIGHT="40" WIDTH="135" VPOS="1007" HPOS="526"/>
<SP HEIGHT="38" WIDTH="29" VPOS="1009" HPOS="662"/>
<String CONTENT="Dominion" HEIGHT="40" WIDTH="259" VPOS="1007" HPOS="692"/>
<SP HEIGHT="28" WIDTH="27" VPOS="1019" HPOS="952"/>
<String CONTENT="of" HEIGHT="40" WIDTH="52" VPOS="1007" HPOS="980"/>
<SP HEIGHT="41" WIDTH="24" VPOS="1007" HPOS="1033"/>
<String CONTENT="Canada." HEIGHT="41" WIDTH="212" VPOS="1007" HPOS="1058"/>
</TextLine>
<TextLine HEIGHT="53" WIDTH="1993" VPOS="1067" HPOS="142" CS="1">
<String CONTENT="&#169;" HEIGHT="51" WIDTH="54" VPOS="1067" HPOS="142"/>
<SP HEIGHT="38" WIDTH="19" VPOS="1071" HPOS="197"/>
<String CONTENT="Feb." HEIGHT="39" WIDTH="108" VPOS="1071" HPOS="217"/>
<SP HEIGHT="39" WIDTH="24" VPOS="1071" HPOS="326"/>
<String CONTENT="14," HEIGHT="45" WIDTH="68" VPOS="1071" HPOS="351"/>
<SP HEIGHT="44" WIDTH="23" VPOS="1072" HPOS="420"/>
<String CS="1" CONTENT="1934;" HEIGHT="40" WIDTH="113" VPOS="1071" HPOS="444"/>
<SP HEIGHT="41" WIDTH="24" VPOS="1071" HPOS="585"/>
<String CONTENT="2c." HEIGHT="39" WIDTH="65" VPOS="1071" HPOS="610"/>
<SP HEIGHT="28" WIDTH="25" VPOS="1082" HPOS="676"/>
<String CONTENT="and" HEIGHT="38" WIDTH="93" VPOS="1072" HPOS="702"/>
<SP HEIGHT="38" WIDTH="24" VPOS="1072" HPOS="796"/>
<String CS="1" CONTENT="aff." HEIGHT="6" WIDTH="7" VPOS="1104" HPOS="895"/>
<SP HEIGHT="39" WIDTH="24" VPOS="1071" HPOS="903"/>
<String CONTENT="Feb." HEIGHT="39" WIDTH="110" VPOS="1071" HPOS="928"/>
<SP HEIGHT="38" WIDTH="23" VPOS="1072" HPOS="1039"/>
<String CONTENT="21;" HEIGHT="40" WIDTH="81" VPOS="1072" HPOS="1063"/>
<SP HEIGHT="41" WIDTH="25" VPOS="1071" HPOS="1145"/>
<!-- cceid BA8E7D1C-6C64-1014-8713-889FF4349C01 --><String CONTENT="A" HEIGHT="38" WIDTH="39" VPOS="1071" HPOS="1171"/>
<SP HEIGHT="39" WIDTH="23" VPOS="1071" HPOS="1211"/>
<String CONTENT="69549;" HEIGHT="47" WIDTH="169" VPOS="1070" HPOS="1235"/>
<SP HEIGHT="47" WIDTH="27" VPOS="1070" HPOS="1405"/>
<String CONTENT="Commerce" HEIGHT="41" WIDTH="276" VPOS="1070" HPOS="1433"/>
<SP HEIGHT="29" WIDTH="22" VPOS="1082" HPOS="1710"/>
<String CONTENT="clearing" HEIGHT="49" WIDTH="217" VPOS="1070" HPOS="1733"/>
<SP HEIGHT="37" WIDTH="20" VPOS="1073" HPOS="1951"/>
<String CONTENT="house," HEIGHT="47" WIDTH="163" VPOS="1073" HPOS="1972"/>
</TextLine>
<TextLine HEIGHT="48" WIDTH="414" VPOS="1127" HPOS="205">
<String CONTENT="inc." HEIGHT="39" WIDTH="88" VPOS="1128" HPOS="205"/>
<SP HEIGHT="47" WIDTH="74" VPOS="1128" HPOS="294"/>
<String CONTENT="(34-4870)" HEIGHT="48" WIDTH="250" VPOS="1127" HPOS="369"/>
</TextLine>
<TextLine HEIGHT="67" WIDTH="1204" VPOS="1229" HPOS="138" STYLEREFS="StyleId-A6039A70-4B09-457A-B1A5-0F24945D7789-">
<String CONTENT="Chamberlain," HEIGHT="67" WIDTH="433" VPOS="1229" HPOS="138"/>
<SP HEIGHT="65" WIDTH="28" VPOS="1231" HPOS="572"/>
<String CONTENT="James" HEIGHT="53" WIDTH="205" VPOS="1231" HPOS="601"/>
<SP HEIGHT="53" WIDTH="27" VPOS="1231" HPOS="807"/>
<String CONTENT="Franklin," HEIGHT="66" WIDTH="302" VPOS="1230" HPOS="835"/>
<SP HEIGHT="62" WIDTH="33" VPOS="1234" HPOS="1138"/>
<String CONTENT="1869-" HEIGHT="50" WIDTH="170" VPOS="1234" HPOS="1172"/>
</TextLine>
<TextLine HEIGHT="69" WIDTH="1925" VPOS="1307" HPOS="209" STYLEREFS="StyleId-6760B934-CB03-44DB-B9DC-0BFBDA8EE291-">
<String CONTENT="Canada," HEIGHT="67" WIDTH="253" VPOS="1307" HPOS="209"/>
<SP HEIGHT="58" WIDTH="43" VPOS="1316" HPOS="463"/>
<String CONTENT="the" HEIGHT="51" WIDTH="95" VPOS="1310" HPOS="507"/>
<SP HEIGHT="50" WIDTH="44" VPOS="1310" HPOS="603"/>
<String CONTENT="land" HEIGHT="53" WIDTH="136" VPOS="1310" HPOS="648"/>
<SP HEIGHT="52" WIDTH="44" VPOS="1311" HPOS="785"/>
<String CONTENT="of" HEIGHT="53" WIDTH="64" VPOS="1309" HPOS="830"/>
<SP HEIGHT="52" WIDTH="41" VPOS="1309" HPOS="895"/>
<String CONTENT="the" HEIGHT="50" WIDTH="95" VPOS="1311" HPOS="937"/>
<SP HEIGHT="34" WIDTH="43" VPOS="1328" HPOS="1033"/>
<String CONTENT="maple" HEIGHT="66" WIDTH="187" VPOS="1310" HPOS="1077"/>
<SP HEIGHT="52" WIDTH="45" VPOS="1310" HPOS="1265"/>
<String CONTENT="leaf," HEIGHT="66" WIDTH="135" VPOS="1310" HPOS="1311"/>
<SP HEIGHT="67" WIDTH="43" VPOS="1309" HPOS="1447"/>
<String CONTENT="by" HEIGHT="67" WIDTH="75" VPOS="1309" HPOS="1491"/>
<SP HEIGHT="64" WIDTH="43" VPOS="1312" HPOS="1567"/>
<String CONTENT="James" HEIGHT="52" WIDTH="193" VPOS="1312" HPOS="1611"/>
<SP HEIGHT="50" WIDTH="45" VPOS="1312" HPOS="1805"/>
<String CONTENT="Franklin" HEIGHT="52" WIDTH="283" VPOS="1311" HPOS="1851"/>
</TextLine>
<TextLine HEIGHT="147" WIDTH="1997" VPOS="1385" HPOS="137" STYLEREFS="StyleId-6760B934-CB03-44DB-B9DC-0BFBDA8EE291-" CS="1">
<String CONTENT="Chamberlain" HEIGHT="54" WIDTH="403" VPOS="1385" HPOS="140"/>
<SP HEIGHT="33" WIDTH="63" VPOS="1406" HPOS="544"/>
<String CS="1" CONTENT="&#8230;"/>
<SP HEIGHT="50" WIDTH="97" VPOS="1389" HPOS="664"/>
<String CONTENT="Los" HEIGHT="51" WIDTH="110" VPOS="1389" HPOS="762"/>
<SP HEIGHT="51" WIDTH="58" VPOS="1388" HPOS="873"/>
<String CONTENT="Angeles," HEIGHT="67" WIDTH="266" VPOS="1388" HPOS="932"/>
<SP HEIGHT="65" WIDTH="61" VPOS="1388" HPOS="1199"/>
<String CONTENT="San" HEIGHT="55" WIDTH="114" VPOS="1388" HPOS="1261"/>
<SP HEIGHT="50" WIDTH="59" VPOS="1389" HPOS="1376"/>
<String CONTENT="Francisco," HEIGHT="65" WIDTH="324" VPOS="1389" HPOS="1436"/>
<SP HEIGHT="66" WIDTH="57" VPOS="1388" HPOS="1761"/>
<String CONTENT="Overland-outwest" HEIGHT="129" WIDTH="1997" VPOS="1388" HPOS="137"/>
<SP HEIGHT="62" WIDTH="25" VPOS="1470" HPOS="377"/>
<String CONTENT="publications," HEIGHT="67" WIDTH="401" VPOS="1465" HPOS="403"/>
<SP HEIGHT="63" WIDTH="29" VPOS="1469" HPOS="805"/>
<String CONTENT="1934." HEIGHT="50" WIDTH="151" VPOS="1469" HPOS="835"/>
</TextLine>
<TextLine HEIGHT="50" WIDTH="737" VPOS="1536" HPOS="207" CS="1">
<String CONTENT="215" HEIGHT="40" WIDTH="86" VPOS="1536" HPOS="207"/>
<SP HEIGHT="48" WIDTH="25" VPOS="1536" HPOS="294"/>
<String CONTENT="p." HEIGHT="37" WIDTH="43" VPOS="1547" HPOS="320"/>
<SP HEIGHT="41" WIDTH="26" VPOS="1537" HPOS="364"/>
<String CONTENT="incl." HEIGHT="43" WIDTH="110" VPOS="1537" HPOS="391"/>
<SP HEIGHT="42" WIDTH="27" VPOS="1538" HPOS="502"/>
<String CONTENT="illus.," HEIGHT="48" WIDTH="143" VPOS="1538" HPOS="530"/>
<SP/>
<String CS="1" CONTENT="pl."/>
<SP/>
<String CONTENT="18" HEIGHT="39" WIDTH="55" VPOS="1540" HPOS="828"/>
<String STYLE="superscript" CONTENT="cm" HEIGHT="21" WIDTH="45" VPOS="1541" HPOS="885"/>
<String CONTENT="." HEIGHT="9" WIDTH="8" VPOS="1571" HPOS="936"/>
</TextLine>
<TextLine HEIGHT="49" WIDTH="623" VPOS="1594" HPOS="209">
<String CONTENT="Maps" HEIGHT="47" WIDTH="138" VPOS="1594" HPOS="209"/>
<SP HEIGHT="28" WIDTH="30" VPOS="1606" HPOS="348"/>
<String CONTENT="on" HEIGHT="28" WIDTH="59" VPOS="1606" HPOS="379"/>
<SP HEIGHT="38" WIDTH="28" VPOS="1596" HPOS="439"/>
<String CONTENT="lining-papers." HEIGHT="49" WIDTH="364" VPOS="1594" HPOS="468"/>
</TextLine>
<TextLine HEIGHT="51" WIDTH="1188" VPOS="1649" HPOS="210">
<String CONTENT="Lettered" HEIGHT="42" WIDTH="226" VPOS="1649" HPOS="210"/>
<SP HEIGHT="38" WIDTH="25" VPOS="1653" HPOS="437"/>
<String CONTENT="on" HEIGHT="28" WIDTH="61" VPOS="1662" HPOS="463"/>
<SP HEIGHT="29" WIDTH="24" VPOS="1662" HPOS="525"/>
<String CONTENT="cover:" HEIGHT="30" WIDTH="167" VPOS="1662" HPOS="550"/>
<SP HEIGHT="39" WIDTH="27" VPOS="1652" HPOS="718"/>
<String CONTENT="Land" HEIGHT="39" WIDTH="136" VPOS="1652" HPOS="746"/>
<SP HEIGHT="39" WIDTH="26" VPOS="1653" HPOS="883"/>
<String CONTENT="of" HEIGHT="40" WIDTH="53" VPOS="1652" HPOS="910"/>
<SP HEIGHT="39" WIDTH="26" VPOS="1652" HPOS="964"/>
<String CONTENT="the" HEIGHT="39" WIDTH="82" VPOS="1652" HPOS="991"/>
<SP HEIGHT="28" WIDTH="25" VPOS="1663" HPOS="1074"/>
<String CONTENT="maple" HEIGHT="47" WIDTH="157" VPOS="1653" HPOS="1100"/>
<SP HEIGHT="38" WIDTH="24" VPOS="1653" HPOS="1258"/>
<String CONTENT="leaf." HEIGHT="41" WIDTH="115" VPOS="1652" HPOS="1283"/>
</TextLine>
<TextLine HEIGHT="52" WIDTH="1998" VPOS="1709" HPOS="143" CS="1">
<String CONTENT="&#169;" HEIGHT="51" WIDTH="49" VPOS="1709" HPOS="143"/>
<SP HEIGHT="51" WIDTH="34" VPOS="1709" HPOS="193"/>
<String CONTENT="Jan." HEIGHT="39" WIDTH="107" VPOS="1714" HPOS="228"/>
<SP HEIGHT="38" WIDTH="31" VPOS="1715" HPOS="336"/>
<String CONTENT="20," HEIGHT="46" WIDTH="68" VPOS="1714" HPOS="368"/>
<SP HEIGHT="44" WIDTH="31" VPOS="1716" HPOS="437"/>
<String CONTENT="1934;" HEIGHT="48" WIDTH="140" VPOS="1713" HPOS="469"/>
<SP HEIGHT="46" WIDTH="34" VPOS="1715" HPOS="610"/>
<String CONTENT="2c." HEIGHT="40" WIDTH="66" VPOS="1715" HPOS="645"/>
<SP HEIGHT="40" WIDTH="33" VPOS="1715" HPOS="712"/>
<String CONTENT="Jan." HEIGHT="39" WIDTH="109" VPOS="1715" HPOS="746"/>
<SP HEIGHT="39" WIDTH="31" VPOS="1715" HPOS="856"/>
<String CONTENT="31;" HEIGHT="46" WIDTH="82" VPOS="1715" HPOS="888"/>
<SP HEIGHT="35" WIDTH="34" VPOS="1726" HPOS="971"/>
<String CS="1" CONTENT="aff."/>
<SP HEIGHT="39" WIDTH="33" VPOS="1716" HPOS="1089"/>
<String CONTENT="Feb." HEIGHT="39" WIDTH="107" VPOS="1716" HPOS="1123"/>
<SP HEIGHT="39" WIDTH="34" VPOS="1715" HPOS="1231"/>
<String CONTENT="27;" HEIGHT="41" WIDTH="81" VPOS="1715" HPOS="1266"/>
<SP HEIGHT="40" WIDTH="34" VPOS="1716" HPOS="1348"/>
<!-- cceid BA8F12E6-6C64-1014-8713-889FF4349C01 --><String CONTENT="A" HEIGHT="38" WIDTH="41" VPOS="1716" HPOS="1383"/>
<SP HEIGHT="39" WIDTH="31" VPOS="1716" HPOS="1425"/>
<String CS="1" CONTENT="70407;" HEIGHT="41" WIDTH="143" VPOS="1715" HPOS="1457"/>
<SP HEIGHT="45" WIDTH="35" VPOS="1716" HPOS="1628"/>
<String CONTENT="Overland-outwest" HEIGHT="41" WIDTH="477" VPOS="1716" HPOS="1664"/>
</TextLine>
<TextLine HEIGHT="48" WIDTH="659" VPOS="1772" HPOS="208">
<String CONTENT="publications." HEIGHT="46" WIDTH="337" VPOS="1772" HPOS="208"/>
<SP HEIGHT="47" WIDTH="70" VPOS="1773" HPOS="546"/>
<String CONTENT="(34-4352)" HEIGHT="48" WIDTH="250" VPOS="1772" HPOS="617"/>
</TextLine>
<TextLine HEIGHT="66" WIDTH="1002" VPOS="1874" HPOS="140" STYLEREFS="StyleId-A6039A70-4B09-457A-B1A5-0F24945D7789-">
<String CONTENT="Christie," HEIGHT="66" WIDTH="276" VPOS="1874" HPOS="140"/>
<SP HEIGHT="63" WIDTH="29" VPOS="1877" HPOS="417"/>
<String CONTENT="Mrs." HEIGHT="51" WIDTH="138" VPOS="1877" HPOS="447"/>
<SP HEIGHT="52" WIDTH="29" VPOS="1875" HPOS="586"/>
<String CONTENT="Agatha" HEIGHT="64" WIDTH="243" VPOS="1875" HPOS="616"/>
<SP HEIGHT="63" WIDTH="30" VPOS="1877" HPOS="860"/>
<String CONTENT="(Miller)" HEIGHT="64" WIDTH="251" VPOS="1876" HPOS="891"/>
</TextLine>
<TextLine HEIGHT="72" WIDTH="1871" VPOS="1949" HPOS="268" STYLEREFS="StyleId-6760B934-CB03-44DB-B9DC-0BFBDA8EE291-" CS="1">
<String CS="1" CONTENT="&#8230;"/>
<SP HEIGHT="54" WIDTH="34" VPOS="1949" HPOS="268"/>
<String CONTENT="Murder" HEIGHT="55" WIDTH="239" VPOS="1949" HPOS="303"/>
<SP HEIGHT="51" WIDTH="29" VPOS="1952" HPOS="543"/>
<String CONTENT="in" HEIGHT="51" WIDTH="60" VPOS="1952" HPOS="573"/>
<SP HEIGHT="47" WIDTH="30" VPOS="1957" HPOS="634"/>
<String CONTENT="the" HEIGHT="52" WIDTH="95" VPOS="1952" HPOS="665"/>
<SP HEIGHT="56" WIDTH="32" VPOS="1950" HPOS="761"/>
<String CONTENT="Calais" HEIGHT="56" WIDTH="192" VPOS="1950" HPOS="794"/>
<SP HEIGHT="35" WIDTH="29" VPOS="1970" HPOS="987"/>
<String CONTENT="coach." HEIGHT="52" WIDTH="185" VPOS="1952" HPOS="1017"/>
<SP HEIGHT="53" WIDTH="75" VPOS="1952" HPOS="1203"/>
<String CONTENT="New" HEIGHT="53" WIDTH="139" VPOS="1952" HPOS="1279"/>
<SP HEIGHT="52" WIDTH="33" VPOS="1953" HPOS="1419"/>
<String CONTENT="York," HEIGHT="69" WIDTH="180" VPOS="1952" HPOS="1453"/>
<SP HEIGHT="68" WIDTH="30" VPOS="1953" HPOS="1634"/>
<String CONTENT="Dodd," HEIGHT="69" WIDTH="191" VPOS="1952" HPOS="1665"/>
<SP HEIGHT="68" WIDTH="32" VPOS="1953" HPOS="1857"/>
<String CONTENT="Mead" HEIGHT="53" WIDTH="170" VPOS="1953" HPOS="1890"/>
<SP HEIGHT="53" WIDTH="33" VPOS="1953" HPOS="2061"/>
<String CONTENT="&amp;" HEIGHT="52" WIDTH="44" VPOS="1953" HPOS="2095"/>
</TextLine>
<TextLine HEIGHT="65" WIDTH="481" VPOS="2032" HPOS="137" STYLEREFS="StyleId-6760B934-CB03-44DB-B9DC-0BFBDA8EE291-">
<String CONTENT="company," HEIGHT="52" WIDTH="298" VPOS="2045" HPOS="137"/>
<SP HEIGHT="64" WIDTH="31" VPOS="2032" HPOS="436"/>
<String CONTENT="1934." HEIGHT="51" WIDTH="150" VPOS="2032" HPOS="468"/>
</TextLine>
<TextLine HEIGHT="49" WIDTH="422" VPOS="2101" HPOS="213">
<String CONTENT="vi," HEIGHT="48" WIDTH="60" VPOS="2101" HPOS="213"/>
<SP HEIGHT="48" WIDTH="28" VPOS="2101" HPOS="274"/>
<String CONTENT="302" HEIGHT="41" WIDTH="86" VPOS="2101" HPOS="303"/>
<SP HEIGHT="46" WIDTH="24" VPOS="2104" HPOS="390"/>
<String CONTENT="p." HEIGHT="37" WIDTH="44" VPOS="2113" HPOS="415"/>
<SP HEIGHT="39" WIDTH="58" VPOS="2103" HPOS="460"/>
<String CONTENT="20" HEIGHT="40" WIDTH="56" VPOS="2102" HPOS="519"/>
<String STYLE="superscript" CONTENT="cm" HEIGHT="21" WIDTH="44" VPOS="2104" HPOS="579"/>
<String CONTENT="." HEIGHT="7" WIDTH="8" VPOS="2136" HPOS="627"/>
</TextLine>
<TextLine HEIGHT="51" WIDTH="931" VPOS="2156" HPOS="206">
<String CONTENT="At" HEIGHT="42" WIDTH="64" VPOS="2156" HPOS="206"/>
<SP HEIGHT="39" WIDTH="22" VPOS="2159" HPOS="271"/>
<String CONTENT="head" HEIGHT="39" WIDTH="125" VPOS="2159" HPOS="294"/>
<SP HEIGHT="38" WIDTH="26" VPOS="2160" HPOS="420"/>
<String CONTENT="of" HEIGHT="40" WIDTH="52" VPOS="2158" HPOS="447"/>
<SP HEIGHT="41" WIDTH="23" VPOS="2158" HPOS="500"/>
<String CONTENT="title:" HEIGHT="40" WIDTH="135" VPOS="2159" HPOS="524"/>
<SP HEIGHT="40" WIDTH="27" VPOS="2159" HPOS="660"/>
<String CONTENT="Agatha" HEIGHT="48" WIDTH="192" VPOS="2159" HPOS="688"/>
<SP HEIGHT="41" WIDTH="28" VPOS="2159" HPOS="881"/>
<String CONTENT="Christie." HEIGHT="41" WIDTH="227" VPOS="2159" HPOS="910"/>
</TextLine>
<TextLine HEIGHT="54" WIDTH="1997" VPOS="2212" HPOS="145" CS="1">
<String CONTENT="&#169;" HEIGHT="51" WIDTH="51" VPOS="2212" HPOS="145"/>
<SP HEIGHT="51" WIDTH="36" VPOS="2212" HPOS="197"/>
<String CONTENT="Feb." HEIGHT="39" WIDTH="110" VPOS="2217" HPOS="234"/>
<SP HEIGHT="39" WIDTH="36" VPOS="2217" HPOS="345"/>
<String CONTENT="28," HEIGHT="46" WIDTH="68" VPOS="2217" HPOS="382"/>
<SP HEIGHT="45" WIDTH="37" VPOS="2218" HPOS="451"/>
<String CONTENT="1934;" HEIGHT="46" WIDTH="140" VPOS="2217" HPOS="489"/>
<SP HEIGHT="45" WIDTH="38" VPOS="2218" HPOS="630"/>
<String CONTENT="2c." HEIGHT="39" WIDTH="66" VPOS="2218" HPOS="669"/>
<SP HEIGHT="38" WIDTH="39" VPOS="2219" HPOS="736"/>
<String CONTENT="Mar." HEIGHT="38" WIDTH="120" VPOS="2219" HPOS="776"/>
<SP HEIGHT="38" WIDTH="36" VPOS="2219" HPOS="897"/>
<String CONTENT="2;" HEIGHT="45" WIDTH="53" VPOS="2219" HPOS="934"/>
<SP HEIGHT="35" WIDTH="40" VPOS="2229" HPOS="988"/>
<String CS="1" CONTENT="aff."/>
<SP HEIGHT="37" WIDTH="39" VPOS="2220" HPOS="1110"/>
<String CONTENT="Mar." HEIGHT="37" WIDTH="120" VPOS="2220" HPOS="1150"/>
<SP HEIGHT="38" WIDTH="39" VPOS="2220" HPOS="1271"/>
<String CONTENT="7;" HEIGHT="45" WIDTH="51" VPOS="2220" HPOS="1311"/>
<SP HEIGHT="46" WIDTH="40" VPOS="2219" HPOS="1363"/>
<!-- cceid BA8FB015-6C64-1014-8713-889FF4349C01 --><String CONTENT="A" HEIGHT="38" WIDTH="39" VPOS="2219" HPOS="1404"/>
<SP HEIGHT="40" WIDTH="37" VPOS="2219" HPOS="1444"/>
<String CONTENT="70549;" HEIGHT="47" WIDTH="170" VPOS="2219" HPOS="1482"/>
<SP HEIGHT="45" WIDTH="40" VPOS="2221" HPOS="1653"/>
<String CONTENT="Agatha" HEIGHT="46" WIDTH="191" VPOS="2220" HPOS="1694"/>
<SP HEIGHT="40" WIDTH="40" VPOS="2220" HPOS="1886"/>
<String CONTENT="Christie" HEIGHT="41" WIDTH="215" VPOS="2219" HPOS="1927"/>
</TextLine>
<TextLine HEIGHT="47" WIDTH="833" VPOS="2275" HPOS="212">
<String CONTENT="Mallowan," HEIGHT="46" WIDTH="274" VPOS="2275" HPOS="212"/>
<SP HEIGHT="46" WIDTH="24" VPOS="2275" HPOS="487"/>
<String CONTENT="London." HEIGHT="39" WIDTH="208" VPOS="2275" HPOS="512"/>
<SP HEIGHT="47" WIDTH="72" VPOS="2275" HPOS="721"/>
<String CONTENT="(34-4677)" HEIGHT="47" WIDTH="251" VPOS="2275" HPOS="794"/>
</TextLine>
<TextLine HEIGHT="67" WIDTH="971" VPOS="2377" HPOS="142" STYLEREFS="StyleId-6760B934-CB03-44DB-B9DC-0BFBDA8EE291-">
<String CONTENT="Coan," HEIGHT="63" WIDTH="175" VPOS="2379" HPOS="142"/>
<SP HEIGHT="64" WIDTH="32" VPOS="2378" HPOS="318"/>
<String CONTENT="Clarence" HEIGHT="59" WIDTH="276" VPOS="2378" HPOS="351"/>
<SP HEIGHT="50" WIDTH="30" VPOS="2382" HPOS="628"/>
<String CONTENT="Arthur," HEIGHT="64" WIDTH="250" VPOS="2380" HPOS="659"/>
<SP HEIGHT="61" WIDTH="30" VPOS="2383" HPOS="910"/>
<String CONTENT="1867-" HEIGHT="55" WIDTH="172" VPOS="2377" HPOS="941"/>
</TextLine>
<TextLine HEIGHT="72" WIDTH="1926" VPOS="2452" HPOS="212" STYLEREFS="StyleId-6760B934-CB03-44DB-B9DC-0BFBDA8EE291-" CS="1">
<String CONTENT="A" HEIGHT="51" WIDTH="54" VPOS="2454" HPOS="212"/>
<SP HEIGHT="68" WIDTH="27" VPOS="2454" HPOS="267"/>
<String CONTENT="pilgrimage" HEIGHT="70" WIDTH="342" VPOS="2452" HPOS="295"/>
<SP HEIGHT="46" WIDTH="28" VPOS="2461" HPOS="638"/>
<String CONTENT="to" HEIGHT="46" WIDTH="57" VPOS="2461" HPOS="667"/>
<SP HEIGHT="51" WIDTH="29" VPOS="2456" HPOS="725"/>
<String CONTENT="Tsuru-ga-oka," HEIGHT="69" WIDTH="440" VPOS="2455" HPOS="755"/>
<SP HEIGHT="68" WIDTH="30" VPOS="2456" HPOS="1196"/>
<String CONTENT="by" HEIGHT="68" WIDTH="72" VPOS="2456" HPOS="1227"/>
<SP HEIGHT="69" WIDTH="32" VPOS="2455" HPOS="1300"/>
<String CONTENT="C." HEIGHT="55" WIDTH="61" VPOS="2455" HPOS="1333"/>
<SP HEIGHT="53" WIDTH="30" VPOS="2456" HPOS="1395"/>
<String CONTENT="Arthur" HEIGHT="53" WIDTH="224" VPOS="2456" HPOS="1426"/>
<SP HEIGHT="55" WIDTH="29" VPOS="2455" HPOS="1651"/>
<String CONTENT="Coan" HEIGHT="55" WIDTH="156" VPOS="2455" HPOS="1681"/>
<SP HEIGHT="35" WIDTH="36" VPOS="2475" HPOS="1838"/>
<String CS="1" CONTENT="&#8230;"/>
<SP HEIGHT="53" WIDTH="70" VPOS="2456" HPOS="1931"/>
<String CONTENT="New" HEIGHT="54" WIDTH="136" VPOS="2456" HPOS="2002"/>
</TextLine>
<TextLine HEIGHT="69" WIDTH="1324" VPOS="2532" HPOS="143" STYLEREFS="StyleId-6760B934-CB03-44DB-B9DC-0BFBDA8EE291-">
<String CONTENT="York," HEIGHT="68" WIDTH="176" VPOS="2532" HPOS="143"/>
<SP HEIGHT="68" WIDTH="25" VPOS="2532" HPOS="320"/>
<String CONTENT="London," HEIGHT="68" WIDTH="256" VPOS="2532" HPOS="346"/>
<SP HEIGHT="68" WIDTH="27" VPOS="2532" HPOS="603"/>
<String CONTENT="G." HEIGHT="54" WIDTH="66" VPOS="2532" HPOS="631"/>
<SP HEIGHT="51" WIDTH="30" VPOS="2534" HPOS="698"/>
<String CONTENT="P." HEIGHT="51" WIDTH="62" VPOS="2534" HPOS="729"/>
<SP HEIGHT="52" WIDTH="29" VPOS="2533" HPOS="792"/>
<String CONTENT="Putnam&#8217;s" HEIGHT="54" WIDTH="294" VPOS="2533" HPOS="822"/>
<SP HEIGHT="33" WIDTH="26" VPOS="2553" HPOS="1117"/>
<String CONTENT="sons," HEIGHT="48" WIDTH="143" VPOS="2553" HPOS="1144"/>
<SP HEIGHT="63" WIDTH="30" VPOS="2538" HPOS="1288"/>
<String CONTENT="1933." HEIGHT="48" WIDTH="148" VPOS="2538" HPOS="1319"/>
</TextLine>
<TextLine HEIGHT="48" WIDTH="683" VPOS="2604" HPOS="208" CS="1">
<String CONTENT="224" HEIGHT="39" WIDTH="85" VPOS="2604" HPOS="208"/>
<SP HEIGHT="47" WIDTH="25" VPOS="2604" HPOS="294"/>
<String CONTENT="p." HEIGHT="36" WIDTH="42" VPOS="2615" HPOS="320"/>
<SP HEIGHT="39" WIDTH="53" VPOS="2605" HPOS="363"/>
<String CONTENT="front.," HEIGHT="47" WIDTH="164" VPOS="2605" HPOS="417"/>
<SP HEIGHT="36" WIDTH="26" VPOS="2616" HPOS="582"/>
<String CONTENT="plates." HEIGHT="46" WIDTH="170" VPOS="2606" HPOS="609"/>
<SP HEIGHT="39" WIDTH="56" VPOS="2607" HPOS="780"/>
<String CS="1" CONTENT="19&#189;cm." HEIGHT="39" WIDTH="54" VPOS="2606" HPOS="837"/>
</TextLine>
<TextLine HEIGHT="107" WIDTH="1981" VPOS="2662" HPOS="140" CS="1">
<String CONTENT="&#8220;Edition" HEIGHT="41" WIDTH="225" VPOS="2662" HPOS="212"/>
<SP HEIGHT="39" WIDTH="22" VPOS="2663" HPOS="438"/>
<String CONTENT="limited" HEIGHT="40" WIDTH="188" VPOS="2663" HPOS="461"/>
<SP HEIGHT="39" WIDTH="22" VPOS="2664" HPOS="650"/>
<String CONTENT="to" HEIGHT="37" WIDTH="47" VPOS="2666" HPOS="673"/>
<SP HEIGHT="36" WIDTH="23" VPOS="2667" HPOS="721"/>
<String CONTENT="two" HEIGHT="36" WIDTH="94" VPOS="2667" HPOS="745"/>
<SP HEIGHT="37" WIDTH="22" VPOS="2665" HPOS="840"/>
<String CONTENT="hundred" HEIGHT="39" WIDTH="221" VPOS="2665" HPOS="863"/>
<SP HEIGHT="39" WIDTH="23" VPOS="2665" HPOS="1085"/>
<String CONTENT="and" HEIGHT="38" WIDTH="94" VPOS="2666" HPOS="1109"/>
<SP HEIGHT="39" WIDTH="24" VPOS="2665" HPOS="1204"/>
<String CONTENT="fifty" HEIGHT="48" WIDTH="111" VPOS="2665" HPOS="1229"/>
<SP HEIGHT="36" WIDTH="22" VPOS="2677" HPOS="1341"/>
<String CONTENT="copies," HEIGHT="50" WIDTH="173" VPOS="2664" HPOS="1364"/>
<SP HEIGHT="35" WIDTH="24" VPOS="2678" HPOS="1538"/>
<String CONTENT="of" HEIGHT="40" WIDTH="53" VPOS="2666" HPOS="1563"/>
<SP HEIGHT="40" WIDTH="21" VPOS="2666" HPOS="1617"/>
<String CONTENT="which" HEIGHT="40" WIDTH="156" VPOS="2667" HPOS="1639"/>
<SP HEIGHT="39" WIDTH="25" VPOS="2668" HPOS="1796"/>
<String CONTENT="this" HEIGHT="40" WIDTH="97" VPOS="2667" HPOS="1822"/>
<SP HEIGHT="40" WIDTH="20" VPOS="2667" HPOS="1920"/>
<String CONTENT="is" HEIGHT="40" WIDTH="41" VPOS="2667" HPOS="1941"/>
<SP HEIGHT="30" WIDTH="23" VPOS="2677" HPOS="1983"/>
<String CONTENT="number" HEIGHT="82" WIDTH="1981" VPOS="2677" HPOS="140"/>
<SP HEIGHT="38" WIDTH="28" VPOS="2720" HPOS="222"/>
<String CONTENT="104." HEIGHT="41" WIDTH="98" VPOS="2719" HPOS="251"/>
<SP HEIGHT="20" WIDTH="24" VPOS="2740" HPOS="350"/>
<String CONTENT="[Signed]" HEIGHT="49" WIDTH="207" VPOS="2720" HPOS="415"/>
<SP HEIGHT="48" WIDTH="32" VPOS="2721" HPOS="623"/>
<String CONTENT="C." HEIGHT="40" WIDTH="48" VPOS="2721" HPOS="656"/>
<SP HEIGHT="40" WIDTH="32" VPOS="2721" HPOS="705"/>
<String CONTENT="Arthur" HEIGHT="39" WIDTH="186" VPOS="2721" HPOS="738"/>
<SP HEIGHT="41" WIDTH="32" VPOS="2721" HPOS="925"/>
<String CONTENT="Coan.&#8221;" HEIGHT="41" WIDTH="173" VPOS="2721" HPOS="958"/>
</TextLine>
<TextLine HEIGHT="54" WIDTH="1926" VPOS="2777" HPOS="212">
<String CONTENT="The" HEIGHT="39" WIDTH="100" VPOS="2778" HPOS="212"/>
<SP HEIGHT="28" WIDTH="27" VPOS="2789" HPOS="313"/>
<String CONTENT="story" HEIGHT="44" WIDTH="134" VPOS="2780" HPOS="341"/>
<SP HEIGHT="35" WIDTH="26" VPOS="2789" HPOS="476"/>
<String CONTENT="of" HEIGHT="39" WIDTH="51" VPOS="2778" HPOS="503"/>
<SP HEIGHT="39" WIDTH="27" VPOS="2778" HPOS="555"/>
<String CONTENT="the" HEIGHT="39" WIDTH="80" VPOS="2778" HPOS="583"/>
<SP HEIGHT="40" WIDTH="29" VPOS="2778" HPOS="664"/>
<String CONTENT="Chiushingura" HEIGHT="49" WIDTH="362" VPOS="2777" HPOS="694"/>
<SP HEIGHT="29" WIDTH="30" VPOS="2789" HPOS="1057"/>
<String CONTENT="and" HEIGHT="39" WIDTH="93" VPOS="2780" HPOS="1088"/>
<SP HEIGHT="39" WIDTH="28" VPOS="2780" HPOS="1182"/>
<String CONTENT="the" HEIGHT="38" WIDTH="82" VPOS="2781" HPOS="1211"/>
<SP HEIGHT="37" WIDTH="28" VPOS="2791" HPOS="1294"/>
<String CONTENT="prints" HEIGHT="48" WIDTH="157" VPOS="2780" HPOS="1323"/>
<SP HEIGHT="38" WIDTH="28" VPOS="2782" HPOS="1481"/>
<String CONTENT="depicting" HEIGHT="49" WIDTH="244" VPOS="2781" HPOS="1510"/>
<SP HEIGHT="49" WIDTH="28" VPOS="2781" HPOS="1755"/>
<String CONTENT="its" HEIGHT="41" WIDTH="63" VPOS="2781" HPOS="1784"/>
<SP HEIGHT="36" WIDTH="27" VPOS="2793" HPOS="1848"/>
<String CONTENT="plot," HEIGHT="48" WIDTH="113" VPOS="2783" HPOS="1876"/>
<SP HEIGHT="37" WIDTH="29" VPOS="2794" HPOS="1990"/>
<String CONTENT="with" HEIGHT="41" WIDTH="118" VPOS="2782" HPOS="2020"/>
</TextLine>
<TextLine HEIGHT="54" WIDTH="1996" VPOS="2834" HPOS="143">
<String CONTENT="references" HEIGHT="41" WIDTH="270" VPOS="2835" HPOS="143"/>
<SP HEIGHT="38" WIDTH="37" VPOS="2838" HPOS="414"/>
<String CONTENT="to" HEIGHT="37" WIDTH="47" VPOS="2838" HPOS="452"/>
<SP HEIGHT="40" WIDTH="38" VPOS="2835" HPOS="500"/>
<String CONTENT="its" HEIGHT="40" WIDTH="64" VPOS="2835" HPOS="539"/>
<SP HEIGHT="39" WIDTH="35" VPOS="2836" HPOS="604"/>
<String CONTENT="historical" HEIGHT="41" WIDTH="253" VPOS="2834" HPOS="640"/>
<SP HEIGHT="39" WIDTH="37" VPOS="2836" HPOS="894"/>
<String CONTENT="background" HEIGHT="47" WIDTH="310" VPOS="2836" HPOS="932"/>
<SP HEIGHT="39" WIDTH="38" VPOS="2838" HPOS="1243"/>
<String CONTENT="and" HEIGHT="38" WIDTH="94" VPOS="2839" HPOS="1282"/>
<SP HEIGHT="39" WIDTH="37" VPOS="2838" HPOS="1377"/>
<String CONTENT="descriptions" HEIGHT="49" WIDTH="321" VPOS="2838" HPOS="1415"/>
<SP HEIGHT="28" WIDTH="35" VPOS="2851" HPOS="1737"/>
<String CONTENT="of" HEIGHT="39" WIDTH="52" VPOS="2840" HPOS="1773"/>
<SP HEIGHT="40" WIDTH="35" VPOS="2840" HPOS="1826"/>
<String CONTENT="the" HEIGHT="39" WIDTH="80" VPOS="2841" HPOS="1862"/>
<SP HEIGHT="37" WIDTH="35" VPOS="2851" HPOS="1943"/>
<String CONTENT="places" HEIGHT="46" WIDTH="160" VPOS="2842" HPOS="1979"/>
</TextLine>
<TextLine HEIGHT="42" WIDTH="676" VPOS="2891" HPOS="144">
<String CONTENT="where" HEIGHT="39" WIDTH="160" VPOS="2893" HPOS="144"/>
<SP HEIGHT="39" WIDTH="27" VPOS="2894" HPOS="305"/>
<String CONTENT="the" HEIGHT="39" WIDTH="81" VPOS="2894" HPOS="333"/>
<SP HEIGHT="30" WIDTH="27" VPOS="2903" HPOS="415"/>
<String CONTENT="action" HEIGHT="40" WIDTH="161" VPOS="2892" HPOS="443"/>
<SP HEIGHT="40" WIDTH="28" VPOS="2892" HPOS="605"/>
<String CONTENT="is" HEIGHT="40" WIDTH="41" VPOS="2892" HPOS="634"/>
<SP HEIGHT="38" WIDTH="29" VPOS="2894" HPOS="676"/>
<String CONTENT="laid." HEIGHT="41" WIDTH="114" VPOS="2891" HPOS="706"/>
</TextLine>
<TextLine HEIGHT="49" WIDTH="704" VPOS="2949" HPOS="213" CS="1">
<String CS="1" CONTENT="Bibliography:" HEIGHT="48" WIDTH="348" VPOS="2950" HPOS="213"/>
<SP HEIGHT="37" WIDTH="34" VPOS="2961" HPOS="589"/>
<String CONTENT="p." HEIGHT="37" WIDTH="42" VPOS="2961" HPOS="624"/>
<SP HEIGHT="39" WIDTH="31" VPOS="2950" HPOS="667"/>
<String CONTENT="222-224." HEIGHT="41" WIDTH="218" VPOS="2949" HPOS="699"/>
</TextLine>
<TextLine HEIGHT="52" WIDTH="1991" VPOS="3008" HPOS="149" CS="1">
<String CONTENT="&#169;" HEIGHT="51" WIDTH="49" VPOS="3008" HPOS="149"/>
<SP HEIGHT="51" WIDTH="33" VPOS="3008" HPOS="199"/>
<String CONTENT="Dec." HEIGHT="38" WIDTH="112" VPOS="3013" HPOS="233"/>
<SP HEIGHT="39" WIDTH="32" VPOS="3012" HPOS="346"/>
<String CONTENT="21," HEIGHT="45" WIDTH="67" VPOS="3012" HPOS="379"/>
<SP HEIGHT="45" WIDTH="33" VPOS="3012" HPOS="447"/>
<String CS="1" CONTENT="1933;" HEIGHT="39" WIDTH="113" VPOS="3010" HPOS="481"/>
<SP HEIGHT="38" WIDTH="34" VPOS="3010" HPOS="622"/>
<String CONTENT="2c." HEIGHT="39" WIDTH="68" VPOS="3010" HPOS="657"/>
<SP HEIGHT="28" WIDTH="32" VPOS="3021" HPOS="726"/>
<String CONTENT="and" HEIGHT="38" WIDTH="95" VPOS="3011" HPOS="759"/>
<SP HEIGHT="38" WIDTH="33" VPOS="3011" HPOS="855"/>
<String CS="1" CONTENT="aff."/>
<SP HEIGHT="38" WIDTH="34" VPOS="3010" HPOS="971"/>
<String CONTENT="Feb." HEIGHT="39" WIDTH="109" VPOS="3010" HPOS="1006"/>
<SP HEIGHT="38" WIDTH="34" VPOS="3010" HPOS="1116"/>
<String CONTENT="26." HEIGHT="42" WIDTH="67" VPOS="3010" HPOS="1151"/>
<SP HEIGHT="40" WIDTH="35" VPOS="3012" HPOS="1219"/>
<String CONTENT="1934;" HEIGHT="48" WIDTH="140" VPOS="3010" HPOS="1255"/>
<SP HEIGHT="46" WIDTH="37" VPOS="3012" HPOS="1396"/>
<!-- cceid BA904D9F-6C64-1014-8713-889FF4349C01 --><String CONTENT="A" HEIGHT="38" WIDTH="39" VPOS="3012" HPOS="1434"/>
<SP HEIGHT="39" WIDTH="34" VPOS="3012" HPOS="1474"/>
<String CONTENT="70360;" HEIGHT="48" WIDTH="169" VPOS="3012" HPOS="1509"/>
<SP HEIGHT="47" WIDTH="38" VPOS="3013" HPOS="1679"/>
<String CONTENT="G." HEIGHT="40" WIDTH="50" VPOS="3013" HPOS="1718"/>
<SP HEIGHT="39" WIDTH="35" VPOS="3014" HPOS="1769"/>
<String CONTENT="P." HEIGHT="39" WIDTH="48" VPOS="3014" HPOS="1805"/>
<SP HEIGHT="38" WIDTH="37" VPOS="3015" HPOS="1854"/>
<String CONTENT="Putnam&#8217;s" HEIGHT="40" WIDTH="248" VPOS="3013" HPOS="1892"/>
</TextLine>
<TextLine HEIGHT="49" WIDTH="445" VPOS="3067" HPOS="214">
<String CONTENT="sons." HEIGHT="28" WIDTH="123" VPOS="3080" HPOS="214"/>
<SP HEIGHT="47" WIDTH="71" VPOS="3069" HPOS="338"/>
<String CONTENT="(34-4714)" HEIGHT="49" WIDTH="249" VPOS="3067" HPOS="410"/>
</TextLine>
<TextLine HEIGHT="65" WIDTH="512" VPOS="3171" HPOS="147" STYLEREFS="StyleId-A6039A70-4B09-457A-B1A5-0F24945D7789-">
<String CONTENT="Conquest," HEIGHT="63" WIDTH="314" VPOS="3173" HPOS="147"/>
<SP HEIGHT="65" WIDTH="27" VPOS="3171" HPOS="462"/>
<String CONTENT="Joan." HEIGHT="55" WIDTH="169" VPOS="3171" HPOS="490"/>
</TextLine>
<TextLine HEIGHT="72" WIDTH="1930" VPOS="3246" HPOS="212" STYLEREFS="StyleId-6760B934-CB03-44DB-B9DC-0BFBDA8EE291-" CS="1">
<String CONTENT="Love" HEIGHT="53" WIDTH="154" VPOS="3247" HPOS="212"/>
<SP HEIGHT="47" WIDTH="39" VPOS="3252" HPOS="367"/>
<String CONTENT="triumphant," HEIGHT="67" WIDTH="380" VPOS="3247" HPOS="407"/>
<SP HEIGHT="67" WIDTH="41" VPOS="3247" HPOS="788"/>
<String CONTENT="by" HEIGHT="67" WIDTH="74" VPOS="3247" HPOS="830"/>
<SP HEIGHT="68" WIDTH="42" VPOS="3246" HPOS="905"/>
<String CONTENT="Joan" HEIGHT="54" WIDTH="151" VPOS="3246" HPOS="948"/>
<SP HEIGHT="55" WIDTH="44" VPOS="3246" HPOS="1100"/>
<String CONTENT="Conquest" HEIGHT="69" WIDTH="285" VPOS="3246" HPOS="1145"/>
<SP HEIGHT="45" WIDTH="47" VPOS="3255" HPOS="1431"/>
<String CS="1" CONTENT="&#8230;"/>
<SP HEIGHT="53" WIDTH="77" VPOS="3249" HPOS="1536"/>
<String CONTENT="New" HEIGHT="53" WIDTH="139" VPOS="3249" HPOS="1614"/>
<SP HEIGHT="53" WIDTH="43" VPOS="3249" HPOS="1754"/>
<String CONTENT="York," HEIGHT="69" WIDTH="179" VPOS="3249" HPOS="1798"/>
<SP HEIGHT="68" WIDTH="42" VPOS="3250" HPOS="1978"/>
<String CONTENT="The" HEIGHT="54" WIDTH="121" VPOS="3250" HPOS="2021"/>
</TextLine>
<TextLine HEIGHT="68" WIDTH="841" VPOS="3325" HPOS="143" STYLEREFS="StyleId-6760B934-CB03-44DB-B9DC-0BFBDA8EE291-">
<String CONTENT="Macaulay" HEIGHT="68" WIDTH="302" VPOS="3325" HPOS="143"/>
<SP HEIGHT="51" WIDTH="29" VPOS="3342" HPOS="446"/>
<String CONTENT="company" HEIGHT="50" WIDTH="281" VPOS="3342" HPOS="476"/>
<SP HEIGHT="50" WIDTH="32" VPOS="3342" HPOS="758"/>
<String STYLE="subscript" CONTENT="[" HEIGHT="33" WIDTH="13" VPOS="3357" HPOS="791"/>
<String STYLE="superscript" CONTENT="c" HEIGHT="21" WIDTH="18" VPOS="3330" HPOS="808"/>
<String CONTENT="1934" HEIGHT="50" WIDTH="136" VPOS="3326" HPOS="832"/>
<String STYLE="subscript" CONTENT="]" HEIGHT="35" WIDTH="13" VPOS="3357" HPOS="971"/>
</TextLine>
<TextLine HEIGHT="50" WIDTH="616" VPOS="3396" HPOS="213" CS="1">
<String CONTENT="5" HEIGHT="40" WIDTH="26" VPOS="3397" HPOS="213"/>
<SP/>
<String CONTENT="p." HEIGHT="37" WIDTH="42" VPOS="3408" HPOS="266"/>
<SP HEIGHT="39" WIDTH="26" VPOS="3399" HPOS="309"/>
<String CS="1" CONTENT="l.,"/>
<SP HEIGHT="47" WIDTH="27" VPOS="3399" HPOS="380"/>
<String CONTENT="7-307" HEIGHT="41" WIDTH="144" VPOS="3396" HPOS="408"/>
<SP HEIGHT="46" WIDTH="26" VPOS="3398" HPOS="553"/>
<String CONTENT="p." HEIGHT="37" WIDTH="42" VPOS="3407" HPOS="580"/>
<SP HEIGHT="40" WIDTH="59" VPOS="3397" HPOS="623"/>
<String CS="1" CONTENT="19&#189;" HEIGHT="39" WIDTH="55" VPOS="3397" HPOS="683"/>
<String STYLE="superscript" CONTENT="cm" HEIGHT="21" WIDTH="44" VPOS="3399" HPOS="772"/>
<String CONTENT="." HEIGHT="8" WIDTH="8" VPOS="3429" HPOS="821"/>
</TextLine>
<TextLine HEIGHT="53" WIDTH="1992" VPOS="3452" HPOS="152" CS="1">
<String CONTENT="&#169;" HEIGHT="51" WIDTH="49" VPOS="3452" HPOS="152"/>
<SP HEIGHT="51" WIDTH="29" VPOS="3452" HPOS="202"/>
<String CONTENT="Feb." HEIGHT="41" WIDTH="111" VPOS="3455" HPOS="232"/>
<SP HEIGHT="39" WIDTH="27" VPOS="3457" HPOS="344"/>
<String CONTENT="10," HEIGHT="46" WIDTH="68" VPOS="3456" HPOS="372"/>
<SP HEIGHT="45" WIDTH="29" VPOS="3457" HPOS="441"/>
<String CS="1" CONTENT="1934;" HEIGHT="40" WIDTH="113" VPOS="3455" HPOS="471"/>
<SP HEIGHT="41" WIDTH="31" VPOS="3456" HPOS="612"/>
<String CONTENT="2c." HEIGHT="39" WIDTH="67" VPOS="3456" HPOS="644"/>
<SP HEIGHT="38" WIDTH="30" VPOS="3456" HPOS="712"/>
<String CONTENT="Feb." HEIGHT="38" WIDTH="109" VPOS="3456" HPOS="743"/>
<SP HEIGHT="37" WIDTH="30" VPOS="3456" HPOS="853"/>
<String CS="1" CONTENT="14;" HEIGHT="38" WIDTH="55" VPOS="3456" HPOS="884"/>
<SP HEIGHT="31" WIDTH="33" VPOS="3466" HPOS="966"/>
<String CS="1" CONTENT="aff."/>
<SP HEIGHT="38" WIDTH="31" VPOS="3456" HPOS="1082"/>
<String CONTENT="Mar." HEIGHT="39" WIDTH="120" VPOS="3456" HPOS="1114"/>
<SP HEIGHT="39" WIDTH="30" VPOS="3456" HPOS="1235"/>
<String CS="1" CONTENT="2;" HEIGHT="38" WIDTH="24" VPOS="3456" HPOS="1266"/>
<SP HEIGHT="46" WIDTH="32" VPOS="3456" HPOS="1318"/>
<!-- cceid BA90E537-6C64-1014-8713-889FF4349C01 --><String CONTENT="A" HEIGHT="38" WIDTH="41" VPOS="3456" HPOS="1351"/>
<SP HEIGHT="40" WIDTH="28" VPOS="3456" HPOS="1393"/>
<String CS="1" CONTENT="70523;" HEIGHT="40" WIDTH="143" VPOS="3456" HPOS="1422"/>
<SP HEIGHT="45" WIDTH="33" VPOS="3459" HPOS="1593"/>
<String CONTENT="Mary" HEIGHT="46" WIDTH="141" VPOS="3459" HPOS="1627"/>
<SP HEIGHT="46" WIDTH="29" VPOS="3459" HPOS="1769"/>
<String CONTENT="Eliza" HEIGHT="41" WIDTH="136" VPOS="3457" HPOS="1799"/>
<SP HEIGHT="39" WIDTH="31" VPOS="3459" HPOS="1936"/>
<String CONTENT="Louise" HEIGHT="41" WIDTH="176" VPOS="3458" HPOS="1968"/>
</TextLine>
<TextLine HEIGHT="54" WIDTH="1533" VPOS="3506" HPOS="219" CS="1">
<String CONTENT="Gripper" HEIGHT="47" WIDTH="204" VPOS="3513" HPOS="219"/>
<SP HEIGHT="40" WIDTH="26" VPOS="3513" HPOS="424"/>
<String CONTENT="Cooke," HEIGHT="46" WIDTH="170" VPOS="3513" HPOS="451"/>
<SP HEIGHT="53" WIDTH="30" VPOS="3506" HPOS="622"/>
<String CS="1" CONTENT="&#8453;"/>
<SP HEIGHT="46" WIDTH="27" VPOS="3506" HPOS="702"/>
<String CONTENT="Ladies" HEIGHT="39" WIDTH="175" VPOS="3512" HPOS="730"/>
<SP HEIGHT="39" WIDTH="26" VPOS="3512" HPOS="906"/>
<String CONTENT="Army" HEIGHT="47" WIDTH="150" VPOS="3512" HPOS="933"/>
<SP HEIGHT="36" WIDTH="27" VPOS="3523" HPOS="1084"/>
<String CONTENT="and" HEIGHT="37" WIDTH="94" VPOS="3514" HPOS="1112"/>
<SP HEIGHT="37" WIDTH="26" VPOS="3514" HPOS="1207"/>
<String CONTENT="navy" HEIGHT="37" WIDTH="127" VPOS="3523" HPOS="1234"/>
<SP HEIGHT="36" WIDTH="27" VPOS="3524" HPOS="1362"/>
<String CONTENT="club," HEIGHT="46" WIDTH="121" VPOS="3514" HPOS="1390"/>
<SP HEIGHT="46" WIDTH="29" VPOS="3514" HPOS="1512"/>
<String CONTENT="London." HEIGHT="40" WIDTH="210" VPOS="3514" HPOS="1542"/>
</TextLine>
<TextLine HEIGHT="49" WIDTH="250" VPOS="3569" HPOS="229">
<String CONTENT="(34-4858)" HEIGHT="49" WIDTH="250" VPOS="3569" HPOS="229"/>
</TextLine>
<TextLine HEIGHT="66" WIDTH="889" VPOS="3672" HPOS="149" STYLEREFS="StyleId-A6039A70-4B09-457A-B1A5-0F24945D7789-">
<String CONTENT="Croft-Cooke," HEIGHT="66" WIDTH="409" VPOS="3672" HPOS="149"/>
<SP HEIGHT="64" WIDTH="27" VPOS="3674" HPOS="559"/>
<String CONTENT="Rupert," HEIGHT="64" WIDTH="248" VPOS="3674" HPOS="587"/>
<SP HEIGHT="62" WIDTH="29" VPOS="3676" HPOS="836"/>
<String CONTENT="1903-" HEIGHT="50" WIDTH="172" VPOS="3675" HPOS="866"/>
</TextLine>
<TextLine HEIGHT="71" WIDTH="1866" VPOS="3748" HPOS="277" STYLEREFS="StyleId-6760B934-CB03-44DB-B9DC-0BFBDA8EE291-" CS="1">
<String CS="1" CONTENT="&#8230;"/>
<SP HEIGHT="53" WIDTH="37" VPOS="3749" HPOS="277"/>
<String CONTENT="Release" HEIGHT="53" WIDTH="233" VPOS="3749" HPOS="315"/>
<SP HEIGHT="47" WIDTH="30" VPOS="3754" HPOS="549"/>
<String CONTENT="the" HEIGHT="52" WIDTH="96" VPOS="3749" HPOS="580"/>
<SP HEIGHT="52" WIDTH="31" VPOS="3749" HPOS="677"/>
<String CONTENT="lions." HEIGHT="53" WIDTH="162" VPOS="3749" HPOS="709"/>
<SP HEIGHT="53" WIDTH="70" VPOS="3748" HPOS="872"/>
<String CONTENT="New" HEIGHT="53" WIDTH="138" VPOS="3748" HPOS="943"/>
<SP HEIGHT="52" WIDTH="36" VPOS="3748" HPOS="1082"/>
<String CONTENT="York," HEIGHT="68" WIDTH="179" VPOS="3748" HPOS="1119"/>
<SP HEIGHT="67" WIDTH="31" VPOS="3749" HPOS="1299"/>
<String CONTENT="Dodd," HEIGHT="67" WIDTH="191" VPOS="3749" HPOS="1331"/>
<SP HEIGHT="67" WIDTH="34" VPOS="3749" HPOS="1523"/>
<String CONTENT="Mead" HEIGHT="54" WIDTH="170" VPOS="3749" HPOS="1558"/>
<SP HEIGHT="53" WIDTH="34" VPOS="3750" HPOS="1729"/>
<String CONTENT="&amp;" HEIGHT="51" WIDTH="46" VPOS="3752" HPOS="1764"/>
<SP HEIGHT="51" WIDTH="34" VPOS="3752" HPOS="1811"/>
<String CONTENT="company." HEIGHT="52" WIDTH="297" VPOS="3767" HPOS="1846"/>
</TextLine>
<TextLine HEIGHT="51" WIDTH="147" VPOS="3829" HPOS="150" STYLEREFS="StyleId-6760B934-CB03-44DB-B9DC-0BFBDA8EE291-">
<String CONTENT="1934." HEIGHT="51" WIDTH="147" VPOS="3829" HPOS="150"/>
</TextLine>
<TextLine HEIGHT="49" WIDTH="611" VPOS="3898" HPOS="218" CS="1">
<String CONTENT="6" HEIGHT="40" WIDTH="28" VPOS="3899" HPOS="218"/>
<SP/>
<String CONTENT="p." HEIGHT="37" WIDTH="43" VPOS="3910" HPOS="270"/>
<SP HEIGHT="39" WIDTH="27" VPOS="3901" HPOS="314"/>
<String CS="1" CONTENT="l.,"/>
<SP HEIGHT="46" WIDTH="24" VPOS="3900" HPOS="386"/>
<String CONTENT="15-288" HEIGHT="41" WIDTH="173" VPOS="3899" HPOS="411"/>
<SP HEIGHT="45" WIDTH="25" VPOS="3901" HPOS="585"/>
<String CONTENT="p." HEIGHT="36" WIDTH="44" VPOS="3910" HPOS="611"/>
<SP HEIGHT="42" WIDTH="57" VPOS="3899" HPOS="656"/>
<String CS="1" CONTENT="19c" HEIGHT="41" WIDTH="55" VPOS="3898" HPOS="714"/>
<String STYLE="superscript" CONTENT="m" HEIGHT="22" WIDTH="27" VPOS="3901" HPOS="791"/>
<String CONTENT="." HEIGHT="7" WIDTH="6" VPOS="3932" HPOS="823"/>
</TextLine>
<TextLine HEIGHT="54" WIDTH="1987" VPOS="3953" HPOS="155" CS="1">
<String CONTENT="&#169;" HEIGHT="51" WIDTH="49" VPOS="3953" HPOS="155"/>
<SP HEIGHT="51" WIDTH="39" VPOS="3953" HPOS="205"/>
<String CONTENT="Feb." HEIGHT="38" WIDTH="107" VPOS="3959" HPOS="245"/>
<SP HEIGHT="38" WIDTH="39" VPOS="3958" HPOS="353"/>
<String CONTENT="28," HEIGHT="41" WIDTH="69" VPOS="3958" HPOS="393"/>
<SP HEIGHT="40" WIDTH="37" VPOS="3959" HPOS="463"/>
<String CONTENT="1934;" HEIGHT="40" WIDTH="140" VPOS="3958" HPOS="501"/>
<SP HEIGHT="40" WIDTH="39" VPOS="3958" HPOS="642"/>
<String CONTENT="2c." HEIGHT="39" WIDTH="67" VPOS="3958" HPOS="682"/>
<SP HEIGHT="38" WIDTH="38" VPOS="3958" HPOS="750"/>
<String CONTENT="Mar." HEIGHT="38" WIDTH="120" VPOS="3958" HPOS="789"/>
<SP HEIGHT="38" WIDTH="39" VPOS="3957" HPOS="910"/>
<String CONTENT="2;" HEIGHT="41" WIDTH="52" VPOS="3957" HPOS="950"/>
<SP HEIGHT="30" WIDTH="40" VPOS="3968" HPOS="1003"/>
<String CS="1" CONTENT="aff."/>
<SP HEIGHT="39" WIDTH="40" VPOS="3958" HPOS="1126"/>
<String CONTENT="Mar." HEIGHT="38" WIDTH="119" VPOS="3958" HPOS="1167"/>
<SP HEIGHT="38" WIDTH="40" VPOS="3958" HPOS="1287"/>
<String CONTENT="7;" HEIGHT="40" WIDTH="51" VPOS="3958" HPOS="1328"/>
<SP HEIGHT="41" WIDTH="41" VPOS="3957" HPOS="1380"/>
<!-- cceid BA9180CE-6C64-1014-8713-889FF4349C01 --><String CONTENT="A" HEIGHT="38" WIDTH="41" VPOS="3957" HPOS="1422"/>
<SP HEIGHT="40" WIDTH="36" VPOS="3957" HPOS="1464"/>
<String CONTENT="70552;" HEIGHT="47" WIDTH="170" VPOS="3957" HPOS="1501"/>
<SP HEIGHT="45" WIDTH="41" VPOS="3959" HPOS="1672"/>
<String CONTENT="R." HEIGHT="38" WIDTH="53" VPOS="3959" HPOS="1714"/>
<SP HEIGHT="41" WIDTH="40" VPOS="3958" HPOS="1768"/>
<String CONTENT="Croft-Cooke," HEIGHT="49" WIDTH="333" VPOS="3958" HPOS="1809"/>
</TextLine>
<TextLine HEIGHT="48" WIDTH="1028" VPOS="4013" HPOS="220">
<String CONTENT="Wrotham," HEIGHT="41" WIDTH="266" VPOS="4016" HPOS="220"/>
<SP HEIGHT="42" WIDTH="29" VPOS="4015" HPOS="487"/>
<String CONTENT="Kent," HEIGHT="44" WIDTH="142" VPOS="4015" HPOS="517"/>
<SP HEIGHT="43" WIDTH="31" VPOS="4016" HPOS="660"/>
<String CONTENT="England." HEIGHT="45" WIDTH="234" VPOS="4015" HPOS="692"/>
<SP HEIGHT="47" WIDTH="71" VPOS="4014" HPOS="927"/>
<String CONTENT="(34-4678)" HEIGHT="48" WIDTH="249" VPOS="4013" HPOS="999"/>
</TextLine>
</TextBlock>
</PrintSpace>
</Page>
</Layout>
</alto>