2350 4196
0 0 0 0 1333
148 364 183 62 Scott,
357 362 166 55 Jack.

218 437 228 53 Hostile
479 438 207 71 plains,
719 438 75 68 by
827 436 148 56 Jack
1009 434 174 56 Scott.
1255 434 138 54 New
1430 432 181 69 York,
1646 434 124 53 The
1803 434 139 53 Dial
1976 451 175 51 press,

150 516 125 67 inc.,
313 518 149 50 1934.

221 586 716 50 vi p., 1 l., 9-252 p. 19½cm.
155 643 53 51 ©
238 647 101 40 Oct.
370 648 37 44 1,
437 646 140 47 1934;
610 645 65 39 2c.
712 647 125 46 Sept.
869 645 81 47 29;
985 645 80 40 aff.
1099 644 100 40 Oct.
1229 645 83 46 11;
1346 644 41 38 A
1416 643 169 47 76510;
1621 644 110 39 Dial
1765 653 151 38 press,
1949 644 88 40 inc.

232 703 278 48 (34-33274)

145 803 182 67 Searl,
357 805 171 64 Kelly
559 806 279 64 Stephen,
872 808 168 50 1862-

225 883 55 51 A
309 884 230 52 treatise
572 900 69 33 on
673 882 273 68 pleading
977 881 111 53 and
1122 879 244 69 practice
1399 886 56 47 at
1488 882 109 51 law
1631 880 112 52 and
1777 881 54 51 in
1869 880 191 70 equity
2090 882 59 52 in

150 957 1976 150 the state of Michigan, with forms, by Kelly S. Searl … Chicago,
335 1040 316 67 Callaghan
688 1041 111 51 and
826 1058 297 49 company,
1155 1042 148 49 1934.

221 1115 25 37 5
309 1147 6 6 v.
372 1112 24 39 26
431 1115 13 20 cm
481 1147 6 6 .

224 1167 160 47 Paged
420 1167 353 47 continuously.

155 1224 50 51 ©
235 1227 126 48 Sept.
387 1228 67 40 29.
481 1228 140 40 1934;
650 1228 64 37 2c.
742 1227 117 41 each
886 1226 100 40 Oct.
1013 1225 51 42 2;
1095 1237 103 28 affs.
1229 1225 100 40 Oct.
1355 1226 52 46 3;
1437 1227 38 37 A
1504 1225 346 49 76295-76299;
1881 1227 271 48 Callaghan

292 1284 417 48 & co. (34-33294)
145 1387 206 65 Ségur,
385 1387 256 55 Nicolas.

279 1463 1633 69 … Mystère charnel, roman. Paris, Tallandier [ c 1934]
223 1536 85 41 224
340 1547 42 37 p.
443 1537 54 40 19
501 1540 42 20 cm
551 1570 7 7 .

155 1592 54 51 ©
239 1598 113 45 May
383 1595 67 49 26,
486 1595 139 48 1934;
721 1629 6 7 1c.
766 1597 126 46 Sept.
927 1596 81 46 17;
1042 1596 102 38 A-
1145 1594 207 48 Foreign
1384 1594 171 48 25555;
1594 1595 187 40 Société
1815 1595 257 41 d’éditions
2105 1599 49 38 et

222 1654 58 38 de
310 1653 338 47 publications,
684 1653 152 39 Paris.
910 1652 279 48 (34-34735)

151 1753 285 68 [Sinclair,
472 1757 136 52 Mrs.
647 1756 224 53 Bertha
913 1756 269 64 (Muzzy)]
1252 1758 170 52 1874-

223 1832 120 52 The
374 1832 251 54 haunted
658 1831 152 69 hills,
840 1832 72 67 by
943 1832 66 51 B.
1042 1831 77 53 M.
1153 1831 202 53 Bower
1408 1833 178 67 [pseud.]
1697 1832 231 68 Boston,
1960 1832 193 66 Little,

154 1911 228 69 Brown,
416 1912 111 51 and
564 1928 294 50 company,
895 1912 147 49 1934.

225 1993 41 34 v,
300 1982 71 50 [1],
399 1982 98 42 290.
530 1983 54 48 [1]
615 1993 43 37 p.
715 1981 144 41 19½cm.

156 2040 50 51 ©
238 2044 100 40 Oct.
367 2044 69 39 15.
467 2043 139 41 1934;
640 2043 65 40 2c.
736 2044 94 39 and
861 2042 80 40 aff.
973 2043 100 39 Oct.
1105 2044 79 45 16;
1218 2044 39 37 A
1286 2043 170 46 75800;
1490 2041 162 43 Little,
1685 2044 190 46 Brown,
1909 2046 95 38 and
219 2054 1919 94 company.
434 2100 279 48 (34-33668)

146 2201 248 67 Sperlin,
426 2204 162 53 Ottis
619 2205 258 63 Bedney,
911 2203 170 53 1878-

219 2281 121 52 The
376 2280 163 52 heart
578 2280 64 52 of
677 2281 97 53 the
813 2280 232 68 Skyloo,
1081 2281 74 68 by
1195 2281 155 54 Ottis
1390 2283 234 66 Bedney
1666 2281 247 68 Sperlin.
151 2284 1980 142 Portland,

332 2357 147 69 Ore.,
509 2358 414 68 Metropolitan
954 2376 173 51 press,
1158 2361 148 50 1934.

221 2432 722 49 7 p. l., [3]-344, [2] p. 22cm.
222 2490 139 46 Maps
392 2500 61 29 on
484 2488 363 48 lining-papers.

156 2542 50 52 ©
235 2547 126 47 Sept.
388 2546 68 47 27,
483 2547 139 40 1934;
649 2545 66 41 2c.
742 2546 100 40 Oct.
869 2545 50 41 8:
950 2545 80 42 aff.
1057 2545 99 41 Oct.
1184 2547 81 46 11;
1294 2548 39 37 A
1358 2547 171 46 75704;
1560 2547 51 42 O.
1638 2549 53 39 B.
1720 2547 203 48 Sperlin,
1955 2547 195 42 Seattle.

234 2603 280 49 (34-33470)

147 2701 216 68 Street,
397 2705 198 54 Julian
629 2705 289 65 Leonard,
956 2706 168 55 1879-

220 2783 122 52 The
363 2783 140 52 need
527 2782 64 53 of
613 2782 233 69 change,
868 2783 76 69 by
967 2784 199 53 Julian
1194 2783 213 57 Street;
1436 2784 323 53 illustrated
1783 2785 74 68 by
1883 2784 270 68 Whitney

155 2862 255 65 Darrow,
462 2860 69 67 jr.
608 2860 404 68 Twenty-fifth
1085 2861 370 69 anniversary
1525 2864 233 65 edition,
1831 2866 322 50 1909-1934.

150 2938 137 53 New
315 2939 178 66 York,
520 2939 190 66 Dodd,
735 2939 171 52 Mead
933 2942 44 49 &
1004 2956 296 52 company,
1330 2944 146 48 1934.

220 3012 926 48 4 p. l., 64 p. front., plates. 21cm.
157 3065 1993 52 © Sept. 27, 1934; 2c. and aff. Oct. 2; A 75579: Dodd. Mead & co., inc.
236 3126 279 55 (34-33479)

151 3216 198 65 Trent,
378 3217 209 54 Sarah.

221 3293 1934 71 Women over forty, by Sarah Trent; foreword by Dr. Charles
153 3370 235 54 Francis
420 3373 213 51 Potter.
711 3372 136 51 New
879 3371 179 60 York,
1088 3373 119 53 The
1237 3374 260 53 Macaulay
1571 3392 280 49 company
1887 3408 11 33 [
1903 3381 18 21 c
1926 3378 136 49 1934
2066 3409 11 33 ]

224 3444 87 40 189
341 3455 40 37 p.
444 3444 145 40 19½cm.

161 3496 50 51 ©
237 3501 100 41 Oct.
363 3501 39 47 2,
428 3501 141 42 1934;
596 3502 64 40 2c.
687 3504 94 37 and
806 3502 79 39 aff.
916 3502 100 42 Oct.
1043 3503 27 39 5;
1123 3504 39 37 A
1187 3504 168 46 76378;
1386 3506 259 39 Macaulay
1672 3517 65 28 co.

236 3558 278 47 (34-33629)

154 3643 244 68 Undset,
433 3648 215 64 Sigrid,
687 3651 166 49 1882-

229 3723 150 70 Saga
406 3725 64 54 of
496 3726 194 54 saints,
716 3725 74 67 by
819 3726 197 69 Sigrid
1043 3728 248 68 Undset;
1324 3730 315 54 translated
1666 3729 74 69 by
1767 3730 67 52 E.
1862 3731 61 55 C.
159 3732 1970 122 Ramsden.

355 3804 137 52 New
523 3804 178 65 York,
727 3806 343 67 Longmans.
1099 3806 181 54 Green
1314 3810 109 51 and
1455 3828 97 48 co.,
1583 3812 146 48 1934.

231 3874 83 50 xii,
341 3875 82 42 321
454 3886 44 37 p.
557 3876 164 48 front.,
747 3879 171 47 plates,
945 3880 136 45 port.,
1195 3891 37 34 map.
1295 3881 144 40 19½cm.

233 3930 159 44 “First
424 3933 227 41 edition.”
