2350 4196
1127 4009 99 53 275

510 446 1659 50 CONTENTS .—I. Avis de l’éditeur. L’oiseau blanc, conte bleu, par Denis
171 503 216 40 Diderot.
451 503 218 40 Histoire
704 506 57 36 de
797 503 288 46 Guillaume,
1123 503 180 47 cocher,
1340 514 88 37 par
1462 506 44 37 le
1541 507 154 37 comte
1730 506 57 38 de
1823 505 192 46 Caylus.
172 508 1979 99 Nocrion,
353 563 138 37 conte
525 561 256 46 allobroge,
817 570 87 37 par
938 561 44 37 le
1016 559 218 39 cardinal
1271 561 59 39 de
1362 560 188 39 Bernis.
1614 560 153 48 Aline,
1805 562 131 39 reine
1970 565 58 37 de

172 561 1979 103 Golconde,
372 627 89 37 par
498 620 43 36 le
579 616 243 40 chevalier
861 617 57 38 de
957 616 244 39 Boufflers.
1270 616 67 39 La
1376 617 123 39 belle
1536 628 88 36 par
1664 618 231 48 accident,
1936 622 138 37 conte
2112 621 57 39 de

170 674 90 46 fée,
290 684 88 37 par
407 673 207 47 Jacques
645 673 211 40 Cazotte.
917 673 67 39 La
1014 672 117 47 jolie
1160 672 243 48 mercière,
1435 684 88 36 par
1554 674 161 40 Restif
1747 676 56 38 de
1833 677 47 37 la
1912 676 255 38 Bretonne.

171 732 129 38 Tant
327 731 163 39 mieux
520 741 120 37 pour
671 731 103 45 elle,
808 732 138 37 conte
976 729 228 48 plaisant,
1237 740 88 37 par
1356 730 159 39 l’abbé
1542 732 58 39 de
1630 731 255 40 Voisenon.
1946 732 67 40 Le
2042 733 128 45 siège

172 788 212 47 d’Ypres,
424 797 91 38 par
553 787 184 40 Claude
776 787 195 39 Godard
1011 786 371 40 d’Aucour.—II.
1424 786 327 49 Cosi-Sancta,
1792 789 222 40 nouvelle
171 788 1982 104 africaine,
348 855 87 37 par
462 844 245 39 monsieur
734 846 57 37 de
817 843 230 39 Voltaire.
1106 844 65 39 Le
1197 846 282 37 crocheteur
1507 845 191 47 borgne,
1725 855 88 37 par
1841 845 245 41 monsieur
2113 848 58 38 de

171 902 231 39 Voltaire.
463 900 305 47 Troufaldin,
802 911 88 36 par
924 900 200 40 Charles
1159 900 422 47 Pigault-Lebrun.
1643 901 187 47 Acajou
1865 904 47 38 et
1945 901 225 49 Zirphile,

171 956 2000 50 par Charles Pinot Duclos. Lettre d'érosie á Juliette, par le chevalier
170 1016 194 39 Andrea
398 1016 57 38 de
488 1014 212 41 Nerciat.
764 1013 314 40 L'éducation
1112 1013 246 48 d’Angola,
1395 1025 88 37 par
1516 1016 44 38 le
1595 1015 243 40 chevalier
1874 1017 57 38 de
1965 1017 46 38 la

171 1017 1983 94 Morlière.
366 1071 220 40 Histoire
621 1073 59 38 de
714 1072 167 45 Babet,
919 1081 88 37 par
1042 1070 154 39 l’abbé
1231 1073 63 37 du
1331 1071 232 40 Laurens.
1629 1072 63 39 Le
1729 1075 305 37 mouvement
171 1083 1982 93 perpétuel,
378 1138 89 38 par
502 1128 200 47 Sylvain
735 1127 262 40 Maréchal.

1060 1127 297 41 Clionchette
1390 1130 50 37 et
1471 1128 224 47 Minutte,
1730 1140 88 36 par
1853 1128 242 42 Crébillon
2129 1130 43 39 le

171 1186 89 39 fils.
322 1185 142 39 Point
496 1186 58 38 de
585 1184 274 40 lendemain;
922 1196 73 35 ou,
1029 1185 67 38 La
1130 1184 110 39 nuit
1271 1185 347 47 merveilleuse,
1654 1196 90 37 par
1775 1185 179 41 Vivant
1988 1187 182 39 Denon.

172 1237 1995 53 t. I, © July 20, 1932; 1c. Dec. 28, 1933; t. II, © Oct. 20, 1932; 1c. Dec.
243 1299 69 46 29,
342 1299 111 40 1933;
513 1300 101 37 A-
617 1298 205 47 Foreign
850 1298 157 46 23186,
1038 1297 142 40 23187;
1239 1298 241 39 Librairie
1509 1301 58 37 de
1597 1299 197 39 France.

252 1356 250 48 (34-5207)

177 1431 204 65 Flynn,
411 1429 201 67 Brian,
645 1433 171 50 1885-

241 1509 120 53 The
385 1509 201 67 league
611 1508 63 53 of
698 1509 298 66 Matthias,
1022 1510 74 66 by
1127 1509 182 53 Brian
1336 1510 209 66 Flynn.
1620 1511 257 65 London,
1903 1512 55 53 J.
1986 1512 179 65 Long,

170 1586 222 54 limited
428 1591 171 63 [1934]

244 1657 1004 51 3 p. l., xi-xii p., 1 l., 15-287 p. 19 cm .
176 1712 1993 52 © 1c. Mar. 2, 1934; A ad int. 18701; pubd. Jan. 5; B. Flynn, New
244 1773 230 48 Barking,
506 1775 165 45 Essex,
703 1774 234 46 England.
1011 1772 250 49 (34-6201)

174 1846 186 53 Gesar
393 1848 17 67 (
418 1848 315 53 Romances
740 1892 10 22 ,
782 1848 129 65 etc.)

241 1925 121 52 The
383 1926 387 68 superhuman
790 1926 107 52 life
919 1926 62 53 of
1005 1926 178 55 Gesar
1206 1926 63 53 of
1290 1926 170 69 Ling,
1482 1927 96 52 the
1597 1928 311 67 legendary
1930 1928 242 52 Tibetan

173 2004 153 67 hero,
352 2023 58 34 as
435 2022 146 51 sung
604 2005 75 68 by
703 2005 97 52 the
822 2005 172 52 bards
1018 2004 64 53 of
1104 2005 88 53 his
1220 2010 257 64 country,
1502 2006 74 67 by
1600 2005 333 54 Alexandra

173 2007 1998 301 David-Neel and the lama Yongden; preface by Sylvain Lévi … rendered into English with the collaboration of V. Sydney. London, Rider and co., 1933.
242 2311 623 50 2 p. l. , 7-286 p. 23½ cm .
173 2368 1998 173 “Though the epic here presented is divested of its tiresome redundances, it nevertheless contains all the chief incidents in the hero's adventures. I have based my work on manuscripts in my possession, on
174 2544 1997 55 the notes that I have taken of the substance of other manuscripts, and
176 2614 61 29 on
274 2604 138 39 those
451 2603 197 38 written
687 2602 140 39 down
866 2603 59 46 by
964 2602 130 40 lama
1133 2603 229 48 Yongden
1400 2606 95 38 and
1535 2606 59 46 by
1632 2617 75 30 me
1746 2607 143 41 while
1926 2608 249 50 following

177 2663 80 39 the
285 2671 142 38 songs
456 2660 51 40 of
531 2662 82 38 the
639 2658 231 42 different
897 2659 295 49 bards.”—p.
1220 2659 70 42 48.

177 2716 1995 56 © 1c. Feb. 5, 1934; A ad int. 18672; pubd. Dec. 8, 1933; Louise Eugenie
243 2777 279 39 Alexandra
555 2775 310 46 David-Neel,
901 2774 197 40 Samten
1130 2775 177 48 Dzong,
1340 2776 155 47 Digne
1537 2777 253 51 (B-Alpes)
1831 2781 196 39 France.

255 2833 250 48 (34-6077)

176 2899 304 66 Glanville,
512 2900 202 54 James
747 2898 203 65 Linus,
989 2902 161 49 1895-

305 2976 1870 74 … Italy’s relations with England, 1896-1905, by James
174 3056 2000 74 Linus Glanville … Baltimore, The Johns Hopkins press.
176 3139 150 50 1934.

243 3209 88 41 170
361 3220 42 37 p.
478 3207 145 40 24½cm.
708 3206 125 49 (The
866 3208 155 40 Johns
1056 3208 222 47 Hopkins
1312 3209 269 50 university
1619 3211 185 41 studies
1840 3213 47 39 in
1923 3214 172 40 historical

175 3264 1079 50 and political science … ser. LII, no. 1)
247 3324 171 39 Issued
446 3323 103 39 also
578 3332 54 29 as
662 3321 152 40 thesis
853 3321 108 49 (PH.
1022 3324 34 46 D.)
1094 3322 152 40 Johns
1276 3322 222 48 Hopkins
1529 3324 282 49 university.

246 3378 376 49 Bibliography:
655 3389 42 37 p.
729 3378 215 41 157-163.

180 3433 50 51 ©
260 3437 111 39 Feb.
398 3436 68 46 28,
497 3435 139 46 1934;
669 3435 64 39 2c.
764 3434 95 39 and
888 3435 81 39 aff.
1000 3436 120 39 Mar.
1150 3436 51 46 3;
1233 3436 43 38 A
1303 3436 142 40 69697;
1504 3437 153 40 Johns
1687 3439 220 46 Hopkins
1936 3449 149 37 press.

257 3492 250 49 (34-5570)

181 3556 202 63 Grose,
411 3554 244 55 Helena.

249 3632 159 66 They
445 3636 191 48 meant
673 3636 57 46 to
766 3648 212 48 marry,
1017 3649 30 33 a
1087 3631 163 52 novel
1289 3633 63 51 of
1387 3633 233 51 modern
1660 3633 139 66 love,
1836 3634 75 66 by
1947 3636 214 53 Helena

178 3708 193 54 Grose.
446 3709 256 64 London,
729 3708 161 52 Mills
919 3711 43 49 &
991 3710 178 59 Boon,
1196 3708 220 54 limited
1473 3713 149 62 [1934]

253 3781 292 40 “Published
573 3780 224 47 January
823 3779 114 40 1934;
995 3781 175 40 second
1197 3780 184 40 edition
1410 3780 222 48 January
1660 3781 157 41 1934.”

249 3836 84 41 253
364 3847 44 37 p.
467 3836 56 41 19
526 3838 44 22 cm
575 3867 9 8 .

183 3890 1905 52 © 1c. Mar. 2, 1934; A ad int. 18695; pubd. Jan. 12; Mills & Boon. ltd.
264 3949 249 50 (34-6207)
