2350 4196
1029 4003 135 54 1607

94 371 246 65 Hémon,
372 372 196 65 Louis,
603 377 324 50 1880-1913.

159 448 189 52 Maria
382 448 405 68 Chapdelaine,
818 468 30 33 a
880 450 109 52 tale
1021 447 63 53 of
1115 448 92 51 the
1237 447 154 51 Lake
1428 445 81 55 St.
1542 446 153 53 John
1729 457 256 53 country,
2016 444 70 66 by

91 527 171 52 Louis
296 528 253 65 Hémon;
588 528 312 52 translated
936 527 70 65 by
1041 527 87 52 W.
1161 526 76 51 H.
1273 524 208 65 Blake;
1524 521 133 53 with
1695 543 68 31 an
91 522 1973 134 introduction
242 605 73 66 by

347 600 1736 72 Hugh Eayrs. New York, The Modern library [ c 1934,]
165 677 193 47 xviip.,
394 679 25 36 2
491 709 7 15 l.,
534 677 144 41 3-288
715 689 39 36 p.
818 680 52 37 17
874 680 42 21 cm
924 709 7 7 .
1025 675 275 48 (Half-title:
1334 675 100 38 The
1472 675 209 44 modern.·
1707 674 180 45 library
1927 674 48 37 of
2015 674 77 39 the

96 733 190 40 world’s
318 733 103 40 best
452 733 171 47 hooks)

164 788 160 41 ‘‘First
355 792 197 37 Modern
583 792 182 45 library
796 790 225 41 edition."

178 837 1912 54 © Nov. 24. 1934: 2c. Dec. 1: aff. Nov. 28: A 78406; Modern library, Inc.
169 906 280 47 [Copyright
483 906 39 37 is
556 906 201 39 claimed
794 917 59 27 on
885 905 343 47 introduction]
1303 902 279 43 (34-40100)

96 995 255 65 Hewett,
381 994 256 56 William
667 996 272 65 Wallace,
973 997 169 54 1897-

163 1072 303 63 Questions
504 1073 112 52 and
654 1072 269 54 exercises
960 1091 70 34 on
1068 1070 255 69 Applied
1362 1068 328 70 economics,
1725 1071 74 66 by
1836 1070 260 54 William

93 1147 2001 134 W. Hewett … Gwynne L. Guthrie … and Frederic A. Coffey … New
400 1227 177 67 York,
607 1229 64 51 F.
703 1228 55 55 S.
792 1228 196 56 Crofts
1015 1231 46 49 &
1087 1244 96 49 co.,
1214 1230 149 50 1934.

165 1303 98 47 viii,
293 1303 86 40 164
408 1314 43 36 p.
512 1303 54 40 23
570 1305 43 21 cm
619 1337 6 7 .

171 1360 123 39 “For
324 1370 83 29 use
438 1360 118 38 with
586 1361 101 38 Bye
716 1361 94 38 and
840 1360 207 45 Hewett,
1079 1359 202 46 Applied
1312 1356 504 41 economics.”—Pref.

101 1413 50 51 ©
184 1417 99 40 Oct.
317 1419 67 40 11,
417 1417 141 40 1034:
591 1418 66 38 2c.
691 1417 101 41 Oct.
826 1417 80 39 18:
940 1416 80 39 aff.
1055 1415 100 41 Oct.
1188 1417 79 40 17;
1305 1416 39 37 A
1377 1414 168 41 73810:
1584 1415 50 39 F.
1671 1415 43 40 S.
1749 1414 169 41 Crofts
1949 1414 35 39 &
2014 1424 52 29 co.,

158 1469 97 44 Inc.
329 1474 282 47 (34-40072)

99 1564 225 64 Hollen,
359 1564 167 53 Aura
560 1566 159 62 May.

167 1640 120 51 The
321 1640 207 69 golden
565 1645 259 62 precepts
862 1639 151 52 from
1049 1640 63 51 the
1179 1639 146 53 book
1360 1638 64 52 of
1459 1637 124 68 life,
1620 1638 346 69 embodying
2003 1638 94 52 the

99 1717 236 52 wisdom
364 1717 64 53 of
457 1718 95 52 the
581 1718 214 52 eternal
828 1735 149 51 ages,
1008 1716 354 53 transcribed
1394 1716 75 68 by
1501 1716 162 52 Aura
1696 1717 139 67 May
1867 1716 229 51 Hollen.

98 1793 109 55 Los
233 1795 267 69 Angeles,
529 1794 194 68 Calif.,
749 1795 76 52 H.
851 1795 232 67 Hollen,
1109 1812 66 35 m.
1204 1813 48 34 d.
1286 1827 13 34 [
1303 1800 18 21 c
1327 1796 135 50 1934
1465 1827 12 33 ]

168 1866 84 42 298
278 1878 41 37 p.
381 1867 56 39 24
441 1870 43 21 cm
489 1900 6 7 .

103 1922 50 51 ©
189 1928 126 46 Sept.
347 1928 67 40 14,
446 1927 140 38 1934:
621 1928 65 36 2c·.
721 1928 91 38 and
848 1926 78 39 aff.
964 1929 125 44 Sept.
1122 1926 79 40 24;
1235 1927 40 37 A
1308 1925 140 40 7-1008:
1513 1927 133 37 Henry
1713 1927 187 38 Hollen.

182 1984 278 41 (34-40127)

102 2073 284 65 Hopkins,
418 2074 234 53 Arthur
681 2074 173 63 John,
889 2079 171 49 1864-

166 2151 296 68 Alchemy,
494 2151 153 52 child
681 2151 63 53 of
776 2152 186 54 Greek
993 2152 361 66 philosophy,
1386 2152 74 66 by
1491 2151 224 52 Arthur
1748 2153 154 53 John
97 2154 1976 127 Hopkins.

315 2230 137 52 New
491 2230 177 66 York,
705 2229 299 55 Columbia
1041 2229 316 67 university
1393 2248 174 48 press,
1606 2234 149 49 1934.

172 2301 1917 50 x p. 1 l., 262 p., 1 l. illus., plates, 2 port, on 1 l., facsims., diagr.
98 2359 55 40 22
157 2362 44 20 cm

168 2414 347 49 Bibliography:
576 2427 42 36 p.
653 2415 247 49 [253]-255.

105 2470 50 51 ©
192 2475 116 39 Nov.
344 2476 68 38 22.
450 2473 112 38 1934;
627 2474 66 38 2c.
730 2474 117 40 Nov.
882 2474 80 38 24:
1003 2474 81 39 aff.
1120 2474 116 41 Nov.
1273 2474 81 46 26;
1395 2474 39 37 A
1472 2472 169 48 78292;
1683 2474 245 39 Columbia
1972 2474 129 41 univ.

173 2542 148 36 press.
393 2528 278 48 (34-39899)

108 2611 391 65 Huntington,
531 2612 232 52 Archer
788 2612 228 64 Milton,
1048 2613 169 53 1870-

173 2689 246 52 Alfonso
445 2689 94 52 the
567 2688 221 62 Eighth
813 2688 149 52 rides
988 2689 72 52 by
1110 2689 72 61 [by]
1231 2689 220 52 Archer
1476 2689 211 52 Milton
1712 2688 391 62 Huntington.

102 2769 135 51 New
269 2768 178 66 York,
482 2770 149 49 1934.

174 2839 525 51 2 p. l. , 72 p. 21½ cm .
176 2900 125 40 Most
327 2900 51 39 of
402 2901 81 38 the
509 2901 161 38 leaves
696 2898 193 48 printed
917 2910 59 28 on
1006 2909 86 29 one
1119 2899 100 39 side
1247 2899 124 46 only.

173 2957 184 39 Poems.

109 3010 50 51 ©
187 3015 115 38 Nov.
332 3016 67 38 24.
431 3012 139 41 1934:
601 3016 64 36 2c.
698 3013 117 40 Nov.
845 3012 80 41 30;
960 3012 79 39 aff.
1069 3013 115 38 Nov.
1215 3012 55 40 28;
1328 3014 40 37 A
1399 3013 142 39 77376;
1600 3014 55 39 A.
1687 3015 61 38 M.
1780 3014 323 47 Huntington,

176 3071 116 39 New
319 3072 144 36 York.
536 3069 278 42 (34-40103)

106 3145 238 54 Illinois.
420 3148 182 53 Laws,
632 3152 255 60 statutes,
918 3152 98 45 etc.

179 3222 389 55 Smith-Hurd
625 3221 226 52 Illinois
910 3224 305 51 annotated
1272 3227 254 48 statutes.
1620 3226 343 51 Permanent
2021 3226 83 51 ed.

110 3299 367 70 Comprising
519 3302 93 50 the
654 3304 135 48 laws
831 3300 62 53 of
936 3322 26 31 a
1008 3303 225 64 general
1277 3302 111 51 and
1429 3308 332 59 permanent
1804 3309 200 46 nature
2048 3306 55 49 in

109 3378 154 53 force
305 3385 55 46 at
401 3380 94 50 the
536 3380 107 50 end
685 3378 65 51 of
788 3380 92 51 the
924 3376 358 69 fifty-eighth
1324 3379 241 54 General
1612 3380 293 67 assembly,
1948 3381 154 51 third

109 3457 204 66 special
347 3457 227 52 session.
604 3461 137 61 May
775 3461 79 52 11,
887 3460 147 47 1934.
1101 3457 155 67 Kept
1286 3465 59 46 to
1374 3458 129 51 date
1535 3459 72 64 by
1639 3460 342 51 cumulative
108 3479 1974 107 annual
275 3536 201 66 pocket
508 3538 177 64 parts,
717 3534 139 51 with
889 3535 361 54 annotations
1282 3535 154 52 from
1467 3537 94 50 the
1594 3555 148 34 cases
1774 3537 333 67 construing

110 3630 63 36 or
203 3612 281 68 applying
513 3613 94 50 the
638 3613 154 55 laws,
824 3613 110 50 and
966 3613 139 50 with
1135 3613 177 53 tables
1342 3614 107 51 and
1485 3613 185 55 index.
1740 3614 253 56 Chanter
2024 3619 80 47 24.

112 3689 1994 147 Cities and villages … By the publishers’ editorial staff. Chicago, Ill., Burdette Smith company; St. Paul, Minn., West
111 3847 333 66 publishing
477 3865 77 34 co.;
622 3846 226 51 Kansas
886 3846 150 64 City,
1070 3848 131 55 Mo.,
1236 3848 229 52 Vernon
1504 3846 108 52 law
1647 3849 146 50 book
1829 3868 279 35 company

158 3928 133 47 [c1934]
