2350 4296
1099 4006 131 50 1225

246 369 195 49 Æsopus.

238 431 237 67 Aesop’s
520 429 210 69 fables;
775 431 324 53 illustrated
1140 428 71 70 by
1256 429 130 53 Nell
1431 428 167 69 Stolp
1644 427 220 56 Smock.
1942 428 229 68 Racine,
169 509 157 67 Was.,
357 508 299 53 Whitman
687 508 336 68 publishing
1054 525 277 50 company
1371 541 12 33 [
1388 513 18 20 c
1413 510 133 49 1934
1551 541 11 32 ]

242 583 24 38 2
297 593 40 37 p.
404 614 8 15 l.,
442 581 113 41 9-92
587 592 39 37 p.
689 582 127 40 illus.
876 582 144 39 29½cm.

178 636 50 51 ©
262 640 126 47 Sept.
420 640 36 39 5.
489 639 138 43 1934;
659 639 63 40 2c.
759 641 126 46 Sept.
915 641 80 38 27;
1029 639 81 39 aff.
1144 639 123 46 Sept.
1302 637 80 47 2(5;
1414 639 40 37 A
1482 638 170 47 76165;
1685 639 248 38 Whitman
1966 639 105 48 pub.
2103 651 67 28 co.

253 697 278 47 (34-31443)

174 771 343 66 Aldington,
549 773 274 54 Richard.

244 849 159 54 More
433 868 130 50 easy
594 857 59 46 to
680 868 350 51 govern—or
1059 852 121 51 less.

255 925 78 48 (In
363 921 199 42 London
591 921 201 51 Sunday
820 921 207 50 referee,
1056 920 128 52 Aug.
1212 922 72 48 26,
1316 921 144 49 1934)

178 977 1977 99 © 1c. Oct. 22. 1934; A ad int. 19462; pubd. Aug. 26; 11. Aldington. London.
167 1112 194 65 Allyn,
393 1113 222 53 Robert
647 1114 190 55 Starr.

243 1189 121 52 The
401 1187 123 54 first
567 1188 164 68 plant
771 1194 255 64 patents;
1071 1207 29 34 a
1144 1188 312 53 discussion
1500 1187 64 53 of
1604 1188 98 52 the
1741 1207 123 33 new
1906 1190 110 52 law
2060 1188 108 53 and

170 1266 213 54 Patent
417 1266 149 53 office
601 1268 277 67 practice;
917 1267 278 53 abstracts
1229 1264 64 55 of
1330 1269 68 49 84
1430 1270 229 64 patents
1698 1266 113 53 and
1846 1266 223 69 history
2109 1265 64 54 of

172 1342 2000 150 the law, by Robert Starr Allyn … [Brooklyn, Educational foundations, inc., c 1934]
243 1496 97 49 105,
376 1498 54 48 [5]
461 1507 43 38 p.
565 1496 129 41 illus.
753 1496 57 41 28
813 1499 45 22 cm
862 1529 8 9 .

246 1552 224 42 “Outline
508 1554 52 40 of
596 1555 80 39 the
711 1553 483 41 Townsend-Purnell
1235 1554 138 47 plant
1411 1554 169 46 patent
1620 1555 91 45 act,
1750 1553 64 40 its
1852 1552 186 47 history
2080 1552 95 40 and

173 1611 190 47 results,
393 1611 210 47 through
634 1612 84 40 the
746 1621 130 39 year,
906 1610 351 41 1933.”·—Pref.

176 1667 50 51 ©
258 1672 128 39 June
412 1671 67 41 25.
509 1670 139 46 1934;
681 1671 66 40 2c.
779 1672 93 39 and
904 1671 81 40 aff.
1016 1671 116 44 Aug.
1167 1671 23 38 7;
1252 1671 38 37 A
1323 1669 142 39 74460;
1571 1700 7 7 R.
1616 1670 42 39 S.
1695 1670 153 45 Allyn.
1881 1670 115 38 New
2027 1668 143 42 York.

256 1728 277 46 (34-31808)

171 1803 129 66 Aly,
332 1805 225 64 Bower,
589 1805 83 53 ed.

237 1882 347 69 Equalizing
612 1883 360 52 educational
1003 1882 377 68 opportunity
1410 1882 74 67 by
1512 1900 192 34 means
1733 1881 63 53 of
1826 1881 222 54 federal
2076 1879 92 54 aid

167 1960 1981 147 to education … Edited by Bower Aly … Published by arrangement with the
829 2040 339 56 Committee
1195 2059 73 33 on
1300 2040 200 52 debate
1531 2039 291 53 materials
1854 2039 112 53 and
165 2041 1984 129 interstate
339 2118 381 68 cooperation,
749 2117 274 55 National
1050 2119 334 67 university,
1414 2118 292 54 extension

1736 2117 263 54 division.
167 2118 1981 146 Columbia,
427 2197 133 66 Mo.,
589 2198 121 52 The
738 2197 219 53 Debate
984 2196 321 67 handbook,
1337 2200 150 49 1934.

241 2270 86 41 220
351 2281 41 38 p.
447 2271 129 40 illus.
605 2270 185 49 (maps)
823 2271 181 48 diagrs.
1057 2270 55 41 23
1115 2271 44 22 cm
1164 2300 8 8 .
1236 2271 125 48 (The
1387 2271 190 40 Debate
1599 2270 272 48 handbook,
1897 2269 276 48 1934/1935.

176 2329 103 49 [Vol.
333 2329 38 48 I])

249 2384 390 49 “Bibliography,
699 2385 207 40 selected
968 2385 93 40 and
1124 2384 278 47 annotated,
1461 2383 235 50 compiled
1755 2384 61 48 by
1878 2383 176 41 Gerald
2117 2384 54 39 D.

176 2441 252 49 Shively”:
460 2452 42 38 p.
534 2441 157 41 13-50.

177 2495 1978 108 © Aug. 25. 1934: 2c. Aug. 27: aff. Sept. 7; A 74853: Bower Aly. Columbia. Mo. (34-31589)
170 2635 311 51 American
518 2637 142 60 type
694 2634 289 51 founders
1016 2648 305 49 company.

237 2710 163 53 Book
452 2709 62 53 of
563 2709 306 53 American
922 2714 181 64 types,
1153 2710 274 53 standard
1482 2710 170 53 faces.
1745 2710 215 67 [Jersey
2016 2709 151 68 City]
167 2786 307 55 American
503 2794 137 62 type
668 2787 274 54 founders

974 2788 142 54 sales
1147 2790 363 67 corporation
1547 2822 12 34 [
1564 2796 18 21 c
1587 2792 152 63 1934]

247 2863 83 40 207
361 2873 43 37 p.
464 2862 128 40 illus.
621 2861 135 48 (part
787 2861 113 47 col.)
966 2860 55 41 28½
1054 2864 44 21 cm
1105 2895 7 8 .

178 2915 1996 52 © Sept. 5. 1934: 2c. and aff. Sept. 12: A 76016; Amer. type founders
247 2977 125 38 sales
402 2975 320 47 corporation.
797 2975 278 45 (34-31584)

174 3035 268 55 Atlantic
470 3041 271 63 reporter.
820 3036 167 54 Cases
1017 3038 213 66 argued
1260 3038 112 51 and
1400 3037 350 52 determined
1777 3039 60 50 in
1865 3039 94 50 the
1987 3041 187 50 courts

244 3115 65 52 of
353 3114 388 55 Connecticut.
786 3116 315 54 Delaware,
1143 3116 210 54 Maine,
1396 3115 328 68 Maryland.
1769 3117 138 52 New
246 3116 1902 146 Hampshire,
454 3194 138 52 New
635 3194 217 67 Jersey,
895 3193 441 68 Pennsylvania,
1378 3195 200 52 Rhode
1620 3190 219 70 Island,
1879 3196 295 65 Vermont,

244 3272 135 52 with
434 3273 107 67 key
593 3273 237 51 number
882 3272 377 52 annotations,
1336 3292 49 32 v.
1442 3273 114 53 172.
1632 3272 337 69 May-July,
2023 3276 147 50 1934.

248 3350 81 54 St.
359 3350 164 68 Paul,
549 3352 163 52 West
735 3350 335 69 publishing
1096 3370 96 48 co.,
1221 3354 149 50 1934.

244 3426 95 40 xvi.
371 3425 112 40 1022
515 3437 40 36 p.
616 3425 55 39 26½
705 3427 42 20 cm
755 3458 6 7 .

179 3478 50 51 ©
260 3483 126 47 Sept.
413 3481 68 47 26,
510 3480 140 48 1934;
679 3481 66 40 2c.
773 3482 96 38 and
897 3480 80 41 aff.
1006 3480 100 41 Oct.
1133 3481 80 41 11:
1244 3482 40 38 A
1312 3481 168 46 76496;
1510 3483 135 39 West
1672 3483 107 46 pub.
1810 3492 63 30 co.

175 3543 231 61 Austin,
440 3542 245 66 Phyllis,
723 3546 172 50 1888-

306 3621 1866 68 … Concerto. [London] I. Nicholson and Watson, limited,
178 3703 146 49 1934.

249 3771 85 40 352
365 3784 40 36 p.
467 3772 115 41 19cm.

279 3828 132 41 "First
440 3829 223 39 edition.”

181 3883 1994 52 © 1c. Sept. 11, 1934; A ad int. 19378; pubd. July 17; Phyllis Austin
250 3944 139 44 Coke,
424 3945 208 38 London.
705 3941 253 48 (34-31805)
