2350 4196
0 0 0 0 1308
232 390 324 65 Lüddecke,
590 391 284 55 Theodor.

231 467 1984 147 … Nationalsozialistische menschenführung in den betrieben; die werkzeitung als mittel
1071 548 99 53 der
1195 545 631 68 Wirtschaftsführung.
1900 546 320 67 Hamburg,
231 623 413 54 Hanseatische
673 625 441 67 Verlagsanstalt
1145 658 13 33 [
1164 631 16 22 c
1184 627 135 49 1934
1322 657 13 34 ]

298 695 358 48 190 p. 21 ½ cm .
235 751 1964 108 © Feb. 6, 1931; 1c. May 1: A -Foreign 24535; Hanseatische verlagsanstalt, a. g. (34-33065)
230 884 239 65 Martin,
498 887 146 52 Paul
670 889 240 62 Revere,
943 890 170 48 1884-
1324 903 178 49 comp.

303 964 120 52 The
460 963 122 53 first
618 964 258 53 cardinal
911 962 64 54 of
1008 964 95 52 the
1138 964 186 65 West;
1361 963 95 53 the
1493 968 157 61 story
1685 963 64 53 of
1786 964 94 52 the
1917 964 210 52 church
2162 964 60 51 in

233 1043 96 51 the
365 1042 355 52 archdiocese
754 1042 64 52 of
857 1041 271 69 Chicago,
1164 1042 177 52 under
1377 1041 94 52 the
1512 1041 465 53 administration
2011 1041 66 53 of
2112 1042 110 53 His

230 1117 306 53 Eminence
583 1117 219 69 George
853 1119 257 52 cardinal
1156 1117 350 68 Mundelein,
1555 1117 160 53 third
1765 1116 341 70 archbishop
2157 1117 63 54 of

232 1196 250 69 Chicago
509 1198 111 52 and
643 1197 126 54 first
791 1198 257 54 cardinal
1070 1198 64 52 of
1158 1197 93 53 the
1274 1197 177 66 West,
1475 1198 281 66 compiled
1784 1197 152 52 from
1961 1197 94 54 the
2082 1197 137 53 New

235 1277 177 51 world
453 1275 123 54 files
613 1276 111 52 and
764 1276 161 52 other
965 1275 290 53 authentic
1297 1292 221 35 sources
1557 1274 75 67 by
1673 1276 147 51 Paul
1861 1276 68 51 R.
1970 1275 248 66 Martin;

233 1354 322 52 illustrated
598 1354 74 66 by
715 1354 221 53 Walter
979 1353 279 52 Krawiec.
1357 1352 289 68 [Chicago,
1691 1353 120 52 The
1857 1353 138 53 New
2042 1354 175 51 world

233 1431 330 67 publishing
588 1449 97 48 co.,
710 1438 18 22 c
733 1434 152 65 1934]

302 1504 91 43 xvi,
427 1503 170 39 17-215
625 1513 41 36 p.
730 1502 141 43 illus.,
903 1504 76 46 pl.,
1010 1505 146 44 ports.
1216 1502 57 39 24
1276 1504 43 21 cm
1324 1534 8 8 .

302 1558 203 41 “Edited
536 1560 93 38 and
660 1560 238 46 arranged
928 1559 57 46 by
1020 1560 79 40 the
1130 1559 113 40 Rev.
1275 1558 226 47 Timothy
1534 1559 331 47 Rowan.”—p.
1900 1570 41 32 v.

237 1613 50 50 ©
320 1620 124 44 8ept.
475 1617 37 40 8,
541 1616 113 40 1934:
711 1619 65 37 2c.
806 1619 94 37 and
931 1617 78 39 aff.
1044 1618 124 47 Sept.
1197 1619 55 37 14;
1310 1619 40 37 A
1380 1617 168 41 74897:
1580 1619 115 39 New
1725 1620 151 38 world
1905 1619 108 48 pub.
2045 1629 64 32 co.

314 1674 278 46 (34-33075)

229 1745 337 67 Matthews,
597 1748 222 54 Walter
848 1749 239 64 Robert,
1121 1753 167 50 1881-

301 1825 126 54 God
466 1827 111 52 and
612 1827 116 52 this
763 1827 261 52 troubled
1061 1827 206 63 world;
1308 1845 187 49 essays
1534 1828 58 51 in
1630 1828 268 67 spiritual
231 1834 1965 127 construction,
402 1905 73 66 by
507 1904 88 53 W.

633 1904 1583 68 R. Matthews … preface to the American edition
234 1984 69 54 by
332 1983 92 51 the
456 1982 219 52 author.
751 1982 138 52 New
919 1983 178 66 York,
1127 1983 65 52 E.
1223 1983 66 52 P.
1321 1984 223 52 Hutton
1575 1986 44 48 &
1651 2002 96 48 co.,
1780 1985 102 51 inc.
1920 2017 12 33 [
1939 1991 16 21 c
1960 1988 150 63 1934]

302 2055 110 41 xvii,
449 2054 83 40 243
565 2063 43 37 p.
667 2051 55 42 20½
756 2056 43 20 cm
804 2087 7 6 .

303 2110 161 41 “First
494 2109 225 41 edition.”

308 2167 192 39 London
529 2167 180 39 edition
745 2167 192 47 (Nisbet
962 2169 93 37 and
1084 2179 79 32 co.,
1192 2168 107 46 ltd.)
1328 2169 89 39 has
1443 2169 134 39 title:
1598 2168 181 47 Essays
1807 2171 48 37 in
1882 2170 341 39 construction.

237 2222 50 50 ©
318 2226 99 40 Oct.
447 2226 38 41 2.
515 2225 113 39 1934:
684 2226 65 39 2c.
780 2227 93 37 and
904 2226 80 41 aff.
1015 2226 100 40 Oct.
1144 2227 24 39 3:
1226 2228 40 37 A
1295 2227 168 41 75596;
1497 2229 49 37 E.
1578 2228 49 39 P.
1658 2229 186 39 Dutton
1876 2229 35 39 &
1938 2239 80 37 co.,
2050 2229 87 39 inc.

312 2282 276 47 (34-33076)

228 2357 245 62 Mirsky,
509 2358 333 54 Jeannette.

303 2434 81 50 To
411 2433 92 50 the
527 2432 213 53 North!
805 2433 117 51 The
950 2438 152 62 story
1128 2434 60 51 of
1213 2434 197 53 Arctic
1435 2435 357 69 exploration
1818 2435 150 52 from
1995 2434 221 54 earliest

232 2512 1986 70 times to the present, by Jeannette Mirsky. New York, The
288 2589 164 67 Viking
486 2607 173 49 press,
696 2592 150 50 1934.

298 2659 26 40 3
348 2672 41 36 p.
450 2692 7 8 l..
483 2662 160 46 ix-xx,
665 2660 86 40 386
773 2672 42 36 p.
867 2662 125 40 illus.
1024 2664 131 46 (incl.
1177 2664 240 49 facsims.)
1447 2666 171 48 plates,
1642 2668 162 47 ports.,
1829 2676 136 39 maps
1994 2667 49 47 (1
2066 2667 141 48 fold.)

230 2719 54 38 24½c m
302 2775 372 41 “References”:
706 2786 42 37 p.
778 2774 214 42 367-372.

237 2830 50 50 ©
328 2834 125 46 Sept.
492 2833 68 44 24,
598 2832 138 46 1934;
776 2833 66 39 2c.
883 2832 124 48 Sept.
1048 2833 81 46 24;
1171 2835 77 38 aff.
1291 2835 126 47 Sept.
1455 2836 82 42 25;
1578 2839 40 37 A
1657 2837 168 48 75492;
1866 2839 258 41 Jeannette
2163 2840 54 39 R.

301 2890 198 46 Mirsky,
527 2890 116 37 New
670 2889 141 38 York.
884 2889 276 49 (34-33095)

228 2964 201 63 Model,
462 2964 152 56 Else.

300 3038 482 54 Christkindleins
822 3041 255 52 schönste
1118 3042 507 71 weihnachtsgabe,
1667 3063 111 34 von
1819 3046 133 52 Else
1992 3047 220 66 Model;

229 3116 102 52 mit
371 3117 318 52 schwarzen
732 3116 222 52 bildern
997 3137 109 33 von
1149 3120 237 53 Eduard
1426 3121 278 54 Winkler.
1786 3121 311 70 Stuttgart,
2140 3124 73 53 K.

230 3193 387 53 Thienemann
661 3226 13 33 [
678 3198 18 22 c
701 3196 131 49 1933]

295 3264 55 40 62
380 3276 42 37 p.
482 3265 126 40 illus.
669 3265 55 40 18
728 3268 43 20 cm
775 3299 8 8 .

301 3321 285 40 Illustrated
620 3322 357 47 lining-papers.

233 3377 1979 54 © Oct. l. 1933: 3 c. May l. 1934: A-Foreign 24480: K. Thienemanns
298 3438 176 45 verlag.
546 3436 276 47 (34-34006)

222 3508 264 66 Newton,
523 3510 208 53 Alfred
769 3512 268 64 Edward,
1075 3517 168 50 1863-

295 3589 192 65 Derby
529 3589 110 65 day
680 3589 110 54 and
831 3589 162 53 other
1034 3591 353 69 adventures,
1544 3596 70 52 A.
1659 3597 252 53 Edward
1954 3598 254 52 Newton.

225 3666 1888 76 Limited ed. … Boston, Little, Brown, and company, 1934.
295 3736 25 39 6
345 3747 26 36 p
447 3769 8 13 l.,
501 3738 180 47 [xi]-xii.
708 3737 84 41 389
818 3749 40 36 p.
916 3740 84 39 col.
1027 3741 159 43 front.,
1217 3744 22 35 1
1267 3743 140 48 illus.,
1434 3745 169 47 plates,
1631 3748 162 46 ports.,
1847 3747 161 40 facsim.
2064 3746 57 39 24½
2152 3748 45 23 cm
2200 3779 7 7 .

300 3793 144 40 “This
475 3794 183 39 limited
687 3794 181 40 edition
896 3796 205 40 consists
1130 3797 50 40 of
1206 3798 113 41 1129
1347 3801 261 41 numbered
1638 3804 171 45 copies,
1838 3803 193 47 printed
2059 3813 61 30 on
2147 3802 62 42 all

230 3859 95 36 rag,
363 3850 331 46 deckle-edged
734 3860 160 37 paper,
932 3852 157 39 hound
1131 3854 44 38 in
1217 3855 173 40 boards
1428 3857 117 40 with
1586 3858 230 41 buckram
1856 3860 133 40 hack.
2059 3860 151 40 These

228 3916 83 28 are
341 3906 77 40 the
450 3906 109 44 only
589 3907 156 42 copies
776 3907 154 39 which
963 3909 119 39 have
1113 3910 113 39 been
1256 3922 52 28 or
1337 3912 99 39 will
1465 3914 55 40 be
1552 3916 238 39 inscribed
1821 3916 59 46 by
1911 3917 82 40 the
2021 3917 190 40 author.
