2350 4196
1137 4004 129 47 1578

228 376 278 53 National
535 378 315 52 industrial
878 380 344 52 conference
1251 380 199 53 board.

298 454 479 67 Unemployment
819 459 295 49 insurance;
1186 458 209 50 lessons
1435 456 153 51 from
1628 456 222 52 British
1891 456 326 66 experience

379 534 136 50 New
567 533 179 56 York,
795 535 267 50 National
1121 534 301 52 industrial
1473 533 327 52 conference
1851 534 194 51 board,
2093 535 104 50 inc.,
232 612 146 51 1934.

299 683 98 45 viii,
427 682 55 39 30
513 693 41 36 p.
615 683 175 47 diagrs.
852 684 54 39 23
910 686 42 20 cm
960 719 6 6 .

233 748 50 51 ©
323 753 116 40 Nov.
478 754 37 38 7.
554 752 111 39 1934;
732 753 66 41 2c·.
837 756 93 36 and
969 755 79 37 aff.
1088 754 115 38 Nov.
1248 754 47 38 15;
1364 754 39 37 A
1440 752 167 41 77228;
1648 753 128 38 Natl.
1815 752 263 40 industrial
298 762 1904 85 conference
522 810 161 39 board,
717 810 89 39 inc.
879 810 252 42 (34-39370
1149 818 6 32 )

226 911 280 53 National
537 912 317 64 municipal
887 913 225 63 league.

297 987 397 54 Constructive
729 1006 267 50 economy
1031 990 60 50 in
1126 995 370 61 government
1535 1032 54 7 ...
1632 988 325 51 broadcasts
1998 1029 54 9 ...
225 1004 1969 113 presented

459 1065 72 66 by
571 1065 93 52 the
705 1064 337 55 Committee
1081 1084 70 34 on
1191 1065 142 53 civic
1371 1065 298 52 education
1711 1065 73 66 by
1825 1064 161 52 radio
2025 1063 61 52 of
2124 1064 94 51 the

228 1140 270 54 National
525 1142 268 66 advisory
818 1142 217 53 council
1065 1161 71 34 on
1163 1143 160 52 radio
1351 1143 59 51 in
1436 1142 296 52 education
1763 1141 107 53 and
1901 1141 92 53 the
231 1142 1964 129 American

411 1218 256 67 political
722 1219 211 53 science
989 1218 353 54 association,
1399 1219 53 52 in
1513 1218 358 66 cooperation
1933 1219 132 51 with
2125 1221 90 48 the

226 1294 273 54 National
533 1295 310 68 municipal
881 1298 213 65 league.
1163 1296 135 53 New
1339 1296 158 52 York
1533 1297 133 64 city.
1699 1296 269 52 National
227 1299 1969 138 municipal
375 1374 198 65 league
611 1406 13 33 [
628 1380 18 20 c
651 1376 135 50 1934
790 1406 13 34 ]

300 1445 112 50 [124]
443 1456 39 37 p.
539 1445 55 39 24½
626 1447 44 22 cm
676 1478 8 8 .
750 1445 125 49 (You
905 1447 94 38 and
1027 1456 120 37 your
1173 1449 326 44 government,
1557 1456 90 29 ser.
1678 1448 52 42 v)

299 1502 207 40 Various
535 1501 215 49 pagings.

326 1559 255 40 “Delivered
616 1559 125 39 June
775 1558 369 48 20-September
1175 1558 69 47 26,
1281 1557 127 47 1933,
1443 1569 113 29 over
1591 1570 25 28 a
1653 1558 313 40 nation-wide
2003 1560 214 38 network

227 1616 50 39 of
306 1616 81 40 the
413 1616 231 40 National
672 1615 344 48 broadcasting
1043 1614 277 50 company.”

231 1683 50 51 ©
324 1687 125 47 Sept.
491 1688 37 39 7,
565 1687 113 39 1934;
744 1686 64 39 2c.
853 1687 127 46 Sept.
1019 1686 80 40 20;
1140 1686 78 39 aff.
1261 1686 99 39 Oct.
1400 1687 26 37 4;
1495 1686 39 38 A
1576 1684 140 41 75426;
1784 1686 130 40 Natl.
1954 1684 264 46 municipal

297 1745 180 46 league.
549 1742 278 49 (34-39376)

295 1845 121 54 The
454 1845 159 52 crisis
650 1846 60 51 in
746 1843 314 68 municipal
1096 1844 216 53 finance
1356 1888 55 8 ...
1454 1844 325 53 broadcasts
1823 1887 54 8 ...
1921 1842 294 68 presented

228 1922 71 66 by
328 1922 95 52 the
455 1922 338 54 Committee
826 1940 70 34 on
928 1922 143 52 civic
1099 1922 300 52 education
1428 1922 75 65 by
1534 1921 163 52 radio
1728 1920 62 54 of
1820 1921 94 52 the
1945 1920 270 52 National

226 1999 267 65 advisory
545 1999 218 52 council
813 2017 71 35 on
933 1998 163 53 radio
1145 2000 59 50 in
1254 1998 299 53 education
1606 1998 111 53 and
1766 1998 96 52 the
1913 1998 301 52 American

225 2076 258 66 political
516 2075 211 53 science
764 2074 354 68 association,
1152 2076 56 51 in
1246 2076 363 66 cooperation
1642 2075 141 52 with
1815 2075 95 52 the
1944 2075 271 52 National

227 2153 310 67 municipal
568 2155 215 64 league.
847 2153 138 51 New
1019 2152 161 52 York
1211 2154 133 65 city.
1373 2153 275 52 National
1677 2152 314 67 municipal
2020 2153 197 66 league

248 2234 173 62 [ c 1934]
298 2303 113 48 [163]
438 2313 43 37 p.
534 2302 56 39 24½
623 2305 42 20 cm
671 2333 8 8 .
744 2303 127 47 (You
897 2303 95 39 and
1020 2312 119 37 your
1167 2305 324 44 government,
1547 2312 91 30 ser.
1728 2303 14 46 VI)

296 2359 206 40 Various
533 2359 216 48 pagings.

296 2417 283 39 ‘‘Delivered
611 2416 203 40 October
843 2416 39 46 3,
915 2414 395 49 1933-February
1343 2416 38 40 6.
1414 2416 128 47 1934,
1574 2427 113 29 over
1719 2426 25 29 a
1778 2414 312 42 nation-wide
225 2417 1975 96 network
386 2474 50 39 of
465 2474 81 39 the
573 2472 232 40 National

832 2471 344 49 broadcasting
1204 2472 277 48 company.”

230 2540 50 51 ©
324 2545 125 46 Sept.
490 2545 36 39 7,
567 2543 139 41 1934;
746 2542 66 40 2c.
854 2543 126 46 Sept.
1020 2542 54 38 20;
1144 2542 77 39 aff.
1263 2543 101 40 Oct.
1402 2545 53 38 4;
1498 2544 40 36 A
1573 2542 143 41 75428;
1784 2544 128 40 Natl.
1953 2541 260 47 municipal

295 2602 182 50 league.
549 2598 278 49 (34-39373)

294 2700 286 64 Reviving
621 2702 145 51 local
808 2708 369 59 government
1224 2744 55 9 ...
1328 2702 324 52 broadcasts
1701 2744 55 9 ...
1805 2700 293 67 presented
2145 2701 68 64 by

226 2777 91 53 the
361 2778 338 54 Committee
741 2796 72 35 on
855 2777 143 53 civic
1039 2778 300 52 education
1383 2779 70 65 by
1498 2779 161 52 radio
1703 2779 60 51 of
1807 2778 94 52 the
1944 2775 265 54 National

225 2854 267 66 advisory
542 2853 218 53 council
812 2872 72 34 on
935 2854 161 53 radio
1146 2855 56 52 in
1254 2854 298 54 education
1605 2855 112 53 and
1766 2855 94 53 the
1910 2855 302 51 American

227 2931 254 66 political
514 2931 213 52 science
760 2932 354 66 association,
1149 2932 58 51 in
1243 2933 363 65 cooperation
1645 2933 136 50 with
1817 2933 92 51 the
1946 2933 263 51 National

225 3007 311 67 municipal
567 3010 212 64 league.
846 3008 138 52 New
1017 3008 160 52 York
1208 3009 133 66 city,
1371 3009 271 52 National
1676 3009 306 67 municipal
2021 3011 191 65 longue

246 3088 174 63 [ c 1934 ]
297 3156 113 49 [160]
445 3168 42 36 p.
551 3157 128 39 illus.
708 3157 159 48 (map)
936 3156 55 39 24½
1023 3159 44 21 cm
1074 3187 8 8 .
1153 3157 126 46 (You
1313 3159 95 39 and
1443 3169 120 37 your
1596 3163 325 43 government,
1986 3168 90 31 ser.
2195 3162 12 43 VII)

297 3213 203 40 Various
530 3213 214 48 pagings.

296 3270 281 39 "Delivered
618 3270 248 47 February
904 3270 213 40 13-June
1156 3270 66 41 19,
1264 3272 124 42 1934,
1428 3282 111 30 over
1580 3284 24 28 a
1648 3272 311 40 nation-wide
1999 3276 211 36 network

224 3328 50 37 of
302 3328 79 39 the
411 3326 227 40 National
669 3326 342 46 broadcasting
1039 3327 275 47 company.”

228 3380 50 51 ©
323 3385 125 45 Sept.
488 3384 37 39 7,
565 3383 113 38 1934;
744 3384 64 38 2c.
852 3384 124 46 Sept.
1016 3383 53 38 20;
1138 3384 79 41 aff.
1259 3384 99 41 Oct.
1396 3387 27 36 4;
1491 3387 40 37 A
1569 3386 145 39 75427;
1782 3387 126 38 Natl.
1951 3386 257 46 municipal

291 3441 182 43 league.
547 3438 276 48 (34-39377)

228 3540 253 65 Nichols,
512 3543 136 51 Mrs.
680 3542 163 52 Ruth
874 3542 352 56 Alexander.

295 3616 174 66 Billy,
508 3616 73 66 by
620 3616 154 53 Ruth
817 3616 323 54 Alexander
1178 3617 247 53 Nichols.
1503 3619 135 51 New
1682 3618 177 67 York,
1898 3618 120 51 The
225 3617 1961 129 Macmillan
454 3711 292 48 company,
782 3696 146 48 1934.

308 3763 619 48 [48] p. illus. 24 × 24 cm .
293 3820 284 39 Illustrated
605 3822 96 45 t.-p.

227 3875 50 51 ©
311 3881 99 39 Oct.
438 3879 38 43 9,
508 3879 112 40 1934;
679 3879 66 41 2c.
777 3882 94 38 and
902 3880 79 40 aff.
1017 3881 100 39 Oct.
1148 3881 79 42 10;
1261 3882 39 38 A
1330 3882 169 41 76467;
1533 3883 54 39 R.
1620 3884 52 38 A.
1705 3884 210 44 Nichols,
1947 3880 261 48 Westfield,

293 3937 54 38 N.
380 3936 39 39 J.
492 3935 277 49 (34-39248)
