<alto xmlns="http://www.loc.gov/standards/alto/ns-v3#" xmlns:xlink="http://www.w3.org/1999/xlink" xmlns:xsi="http://www.w3.org/2001/XMLSchema-instance" xsi:schemaLocation="http://www.loc.gov/standards/alto/ns-v3# http://www.loc.gov/alto/v3/alto-3-0.xsd"><Description>
<MeasurementUnit>pixel</MeasurementUnit>
<sourceImageInformation>
<fileName>1934_v1_Part1.pdf</fileName>
</sourceImageInformation>
<OCRProcessing ID="IdOcr">
<ocrProcessingStep>
<processingDateTime>2019-01-10</processingDateTime>
<processingSoftware>
<softwareCreator>ABBYY</softwareCreator>
<softwareName>ABBYY Recognition Server</softwareName>
<softwareVersion>4.0</softwareVersion>
</processingSoftware>
</ocrProcessingStep>
</OCRProcessing>
</Description>
<Styles>
<ParagraphStyle ID="StyleId-FFFFFFFF-FFFF-FFFF-FFFF-FFFFFFFFFFFF-" ALIGN="Left" LEFT="0." RIGHT="0." FIRSTLINE="0."/>
<ParagraphStyle ID="StyleId-521E1FC6-FE7E-43A4-90E6-A9B61626A263-" ALIGN="Right" LEFT="0." RIGHT="0." FIRSTLINE="0." LINESPACE="13.30000019"/>
<ParagraphStyle ID="StyleId-639B624E-F6F5-47B6-BB1D-34E64B53022F-" ALIGN="Left" LEFT="0." RIGHT="0." FIRSTLINE="-27." LINESPACE="13.43999958"/>
<ParagraphStyle ID="StyleId-100905F9-D385-406B-A5BD-ED5B8FD85431-" ALIGN="Left" LEFT="0." RIGHT="0." FIRSTLINE="0."/>
<ParagraphStyle ID="StyleId-7C9F9BA2-EF3A-4B7F-8486-CCC7B7F49B39-" ALIGN="Left" LEFT="0." RIGHT="0." FIRSTLINE="-27." LINESPACE="18.71999931"/>
<ParagraphStyle ID="StyleId-350780E3-60F2-4605-88F5-BB54F9B87091-" ALIGN="Block" LEFT="0." RIGHT="0." FIRSTLINE="-27." LINESPACE="18.71999931"/>
<ParagraphStyle ID="StyleId-90B16C58-D795-4C77-9B89-30378C515D40-" ALIGN="Left" LEFT="0." RIGHT="0." FIRSTLINE="0." LINESPACE="14.39999962"/>
<ParagraphStyle ID="StyleId-17090E09-AFAF-4086-BD9B-4E99FAE6B057-" ALIGN="Right" LEFT="0." RIGHT="0." FIRSTLINE="-27." LINESPACE="14.39999962"/>
<ParagraphStyle ID="StyleId-8B87B633-89DB-4D72-B1FC-26E4ABD680BC-" ALIGN="Left" LEFT="0." RIGHT="0." FIRSTLINE="-27." LINESPACE="18.47999954"/>
<ParagraphStyle ID="StyleId-42DA7417-CA90-4D71-A57B-06556C38D752-" ALIGN="Left" LEFT="0." RIGHT="0." FIRSTLINE="0." LINESPACE="13.30000019"/>
<ParagraphStyle ID="StyleId-D8EE2A7E-42AE-4E35-98DB-F0F935637AA0-" ALIGN="Block" LEFT="0." RIGHT="0." FIRSTLINE="0." LINESPACE="6.599999905"/>
<ParagraphStyle ID="StyleId-33CD3121-D4F5-43B6-BA96-6382D166E6B8-" ALIGN="Left" LEFT="0." RIGHT="0." FIRSTLINE="0." LINESPACE="15.5"/>
<ParagraphStyle ID="StyleId-1CE52AFA-C319-4DD9-B4B1-F0EBFA2B3F0B-" ALIGN="Block" LEFT="0." RIGHT="0." FIRSTLINE="-21." LINESPACE="18.71999931"/>
<ParagraphStyle ID="StyleId-B74F1B65-92F1-49C5-A5FA-D20442F031F2-" ALIGN="Left" LEFT="0." RIGHT="0." FIRSTLINE="0." LINESPACE="17.70006076"/>
<ParagraphStyle ID="StyleId-79E2924A-215C-40B7-B577-7236BFBAA25E-" ALIGN="Center" LEFT="0." RIGHT="0." FIRSTLINE="0." LINESPACE="7.199999809"/>
</Styles>
<Layout>
<Page ID="Page1607" PHYSICAL_IMG_NR="1607" HEIGHT="4196" WIDTH="2350">
<TopMargin HEIGHT="287" WIDTH="2350" VPOS="0" HPOS="0">
</TopMargin>
<LeftMargin HEIGHT="3776" WIDTH="59" VPOS="287" HPOS="0">
</LeftMargin>
<RightMargin HEIGHT="3776" WIDTH="205" VPOS="287" HPOS="2145">
</RightMargin>
<BottomMargin HEIGHT="133" WIDTH="2350" VPOS="4063" HPOS="0">
</BottomMargin>
<PrintSpace HEIGHT="3776" WIDTH="2086" VPOS="287" HPOS="59">
<TextBlock ID="Page1607_Block1" HEIGHT="66" WIDTH="147" VPOS="3997" HPOS="1023" LANG="en-US" STYLEREFS="StyleId-D24CC8B0-EC7D-4198-A51B-5F898ED64931-">
<TextLine HEIGHT="54" WIDTH="135" VPOS="4003" HPOS="1029">
<String CONTENT="1607" HEIGHT="54" WIDTH="135" VPOS="4003" HPOS="1029"/>
</TextLine>
</TextBlock>
<TextBlock ID="Page1607_Block2" HEIGHT="3708" WIDTH="2086" VPOS="287" HPOS="59" LANG="en-US" CS="1" STYLEREFS="StyleId-D24CC8B0-EC7D-4198-A51B-5F898ED64931-">
<Shape>
<Polygon POINTS="59,287 2145,287 2145,3936 439,3936 439,3995 59,3995 59,287"/>
</Shape>
<TextLine HEIGHT="66" WIDTH="833" VPOS="371" HPOS="94" STYLEREFS="StyleId-F2022160-9B6F-4633-B821-3A895ED4DCCC-">
<String LANG="fr" CONTENT="H&#233;mon," HEIGHT="65" WIDTH="246" VPOS="371" HPOS="94"/>
<SP HEIGHT="64" WIDTH="30" VPOS="372" HPOS="341"/>
<String LANG="fr" CONTENT="Louis," HEIGHT="65" WIDTH="196" VPOS="372" HPOS="372"/>
<SP HEIGHT="57" WIDTH="33" VPOS="380" HPOS="569"/>
<String LANG="en-US" CONTENT="1880-1913." HEIGHT="50" WIDTH="324" VPOS="377" HPOS="603"/>
</TextLine>
<TextLine HEIGHT="72" WIDTH="1927" VPOS="444" HPOS="159">
<String LANG="fr" CONTENT="Maria" HEIGHT="52" WIDTH="189" VPOS="448" HPOS="159"/>
<SP HEIGHT="54" WIDTH="32" VPOS="448" HPOS="349"/>
<String LANG="fr" CONTENT="Chapdelaine," HEIGHT="68" WIDTH="405" VPOS="448" HPOS="382"/>
<SP HEIGHT="48" WIDTH="29" VPOS="468" HPOS="788"/>
<String LANG="fr" CONTENT="a" HEIGHT="33" WIDTH="30" VPOS="468" HPOS="818"/>
<SP HEIGHT="46" WIDTH="30" VPOS="455" HPOS="849"/>
<String LANG="en-US" CONTENT="tale" HEIGHT="52" WIDTH="109" VPOS="450" HPOS="880"/>
<SP HEIGHT="35" WIDTH="30" VPOS="467" HPOS="990"/>
<String LANG="en-US" CONTENT="of" HEIGHT="53" WIDTH="63" VPOS="447" HPOS="1021"/>
<SP HEIGHT="51" WIDTH="29" VPOS="447" HPOS="1085"/>
<String LANG="en-US" CONTENT="the" HEIGHT="51" WIDTH="92" VPOS="448" HPOS="1115"/>
<SP HEIGHT="50" WIDTH="28" VPOS="449" HPOS="1208"/>
<String LANG="en-US" CONTENT="Lake" HEIGHT="51" WIDTH="154" VPOS="447" HPOS="1237"/>
<SP HEIGHT="55" WIDTH="35" VPOS="445" HPOS="1392"/>
<String LANG="fr" CONTENT="St." HEIGHT="55" WIDTH="81" VPOS="445" HPOS="1428"/>
<SP HEIGHT="51" WIDTH="31" VPOS="448" HPOS="1510"/>
<String LANG="en-US" CONTENT="John" HEIGHT="53" WIDTH="153" VPOS="446" HPOS="1542"/>
<SP HEIGHT="35" WIDTH="32" VPOS="463" HPOS="1696"/>
<String LANG="en-US" CONTENT="country," HEIGHT="53" WIDTH="256" VPOS="457" HPOS="1729"/>
<SP HEIGHT="66" WIDTH="29" VPOS="444" HPOS="1986"/>
<String LANG="en-US" CONTENT="by" HEIGHT="66" WIDTH="70" VPOS="444" HPOS="2016"/>
</TextLine>
<TextLine HEIGHT="150" WIDTH="1973" VPOS="521" HPOS="91" CS="1">
<String CONTENT="Louis" HEIGHT="52" WIDTH="171" VPOS="527" HPOS="91"/>
<SP HEIGHT="51" WIDTH="32" VPOS="528" HPOS="263"/>
<String LANG="fr" CONTENT="H&#233;mon;" HEIGHT="65" WIDTH="253" VPOS="528" HPOS="296"/>
<SP HEIGHT="58" WIDTH="37" VPOS="535" HPOS="550"/>
<String CONTENT="translated" HEIGHT="52" WIDTH="312" VPOS="528" HPOS="588"/>
<SP HEIGHT="52" WIDTH="34" VPOS="527" HPOS="901"/>
<String CONTENT="by" HEIGHT="65" WIDTH="70" VPOS="527" HPOS="936"/>
<SP HEIGHT="65" WIDTH="33" VPOS="527" HPOS="1007"/>
<String CONTENT="W." HEIGHT="52" WIDTH="87" VPOS="527" HPOS="1041"/>
<SP HEIGHT="52" WIDTH="31" VPOS="526" HPOS="1129"/>
<String CONTENT="H." HEIGHT="51" WIDTH="76" VPOS="526" HPOS="1161"/>
<SP HEIGHT="51" WIDTH="34" VPOS="526" HPOS="1238"/>
<String CONTENT="Blake;" HEIGHT="65" WIDTH="208" VPOS="524" HPOS="1273"/>
<SP HEIGHT="46" WIDTH="41" VPOS="543" HPOS="1482"/>
<String CONTENT="with" HEIGHT="53" WIDTH="133" VPOS="521" HPOS="1524"/>
<SP HEIGHT="50" WIDTH="36" VPOS="524" HPOS="1658"/>
<String CONTENT="an" HEIGHT="31" WIDTH="68" VPOS="543" HPOS="1695"/>
<SP HEIGHT="52" WIDTH="41" VPOS="522" HPOS="1764"/>
<String CONTENT="introduction" HEIGHT="134" WIDTH="1973" VPOS="522" HPOS="91"/>
<SP HEIGHT="51" WIDTH="30" VPOS="605" HPOS="211"/>
<String CONTENT="by" HEIGHT="66" WIDTH="73" VPOS="605" HPOS="242"/>
</TextLine>
<TextLine HEIGHT="72" WIDTH="1736" VPOS="600" HPOS="347" CS="1">
<String CONTENT="Hugh" HEIGHT="67" WIDTH="179" VPOS="605" HPOS="347"/>
<SP HEIGHT="51" WIDTH="31" VPOS="606" HPOS="527"/>
<String CONTENT="Eayrs." HEIGHT="66" WIDTH="199" VPOS="606" HPOS="559"/>
<SP HEIGHT="51" WIDTH="77" VPOS="606" HPOS="759"/>
<String CONTENT="New" HEIGHT="51" WIDTH="134" VPOS="606" HPOS="837"/>
<SP HEIGHT="51" WIDTH="34" VPOS="605" HPOS="972"/>
<String CONTENT="York," HEIGHT="65" WIDTH="176" VPOS="604" HPOS="1007"/>
<SP HEIGHT="64" WIDTH="30" VPOS="605" HPOS="1184"/>
<String CONTENT="The" HEIGHT="52" WIDTH="119" VPOS="603" HPOS="1215"/>
<SP HEIGHT="51" WIDTH="31" VPOS="604" HPOS="1335"/>
<String CONTENT="Modern" HEIGHT="51" WIDTH="238" VPOS="603" HPOS="1367"/>
<SP HEIGHT="52" WIDTH="33" VPOS="601" HPOS="1606"/>
<String CONTENT="library" HEIGHT="67" WIDTH="214" VPOS="600" HPOS="1640"/>
<SP HEIGHT="48" WIDTH="38" VPOS="619" HPOS="1855"/>
<String CS="1" CONTENT="["/>
<String STYLE="superscript" CONTENT="c" HEIGHT="20" WIDTH="15" VPOS="607" HPOS="1912"/>
<String CS="1" CONTENT="1934,]" HEIGHT="61" WIDTH="144" VPOS="605" HPOS="1939"/>
</TextLine>
<TextLine HEIGHT="51" WIDTH="1927" VPOS="674" HPOS="165" CS="1">
<String CONTENT="xviip.," HEIGHT="47" WIDTH="193" VPOS="677" HPOS="165"/>
<SP HEIGHT="45" WIDTH="34" VPOS="679" HPOS="359"/>
<String CONTENT="2" HEIGHT="36" WIDTH="25" VPOS="679" HPOS="394"/>
<SP/>
<String CS="1" CONTENT="l.," HEIGHT="15" WIDTH="7" VPOS="709" HPOS="491"/>
<SP HEIGHT="45" WIDTH="34" VPOS="679" HPOS="499"/>
<String CONTENT="3-288" HEIGHT="41" WIDTH="144" VPOS="677" HPOS="534"/>
<SP HEIGHT="47" WIDTH="35" VPOS="678" HPOS="679"/>
<String CONTENT="p." HEIGHT="36" WIDTH="39" VPOS="689" HPOS="715"/>
<SP HEIGHT="37" WIDTH="62" VPOS="680" HPOS="755"/>
<String CONTENT="17" HEIGHT="37" WIDTH="52" VPOS="680" HPOS="818"/>
<String STYLE="superscript" CONTENT="cm" HEIGHT="21" WIDTH="42" VPOS="680" HPOS="874"/>
<String CONTENT="." HEIGHT="7" WIDTH="7" VPOS="709" HPOS="924"/>
<SP HEIGHT="46" WIDTH="69" VPOS="678" HPOS="932"/>
<String CS="1" CONTENT="(Half-title:" HEIGHT="48" WIDTH="275" VPOS="675" HPOS="1025"/>
<SP HEIGHT="38" WIDTH="32" VPOS="675" HPOS="1301"/>
<String CONTENT="The" HEIGHT="38" WIDTH="100" VPOS="675" HPOS="1334"/>
<SP HEIGHT="28" WIDTH="36" VPOS="685" HPOS="1435"/>
<String CONTENT="modern.&#183;" HEIGHT="44" WIDTH="209" VPOS="675" HPOS="1472"/>
<SP HEIGHT="36" WIDTH="24" VPOS="675" HPOS="1682"/>
<String CS="1" CONTENT="library" HEIGHT="45" WIDTH="180" VPOS="674" HPOS="1707"/>
<SP HEIGHT="35" WIDTH="38" VPOS="684" HPOS="1888"/>
<String CONTENT="of" HEIGHT="37" WIDTH="48" VPOS="674" HPOS="1927"/>
<SP HEIGHT="38" WIDTH="38" VPOS="674" HPOS="1976"/>
<String CONTENT="the" HEIGHT="39" WIDTH="77" VPOS="674" HPOS="2015"/>
</TextLine>
<TextLine HEIGHT="47" WIDTH="527" VPOS="733" HPOS="96">
<String CONTENT="world&#8217;s" HEIGHT="40" WIDTH="190" VPOS="733" HPOS="96"/>
<SP HEIGHT="40" WIDTH="30" VPOS="733" HPOS="287"/>
<String CONTENT="best" HEIGHT="40" WIDTH="103" VPOS="733" HPOS="318"/>
<SP HEIGHT="39" WIDTH="29" VPOS="733" HPOS="422"/>
<String CONTENT="hooks)" HEIGHT="47" WIDTH="171" VPOS="733" HPOS="452"/>
</TextLine>
<TextLine HEIGHT="49" WIDTH="857" VPOS="788" HPOS="164" STYLEREFS="StyleId-14376C54-2894-4E42-9581-9B510AF0E764-">
<String CONTENT="&#8216;&#8216;First" HEIGHT="41" WIDTH="160" VPOS="788" HPOS="164"/>
<SP HEIGHT="37" WIDTH="29" VPOS="792" HPOS="325"/>
<String CONTENT="Modern" HEIGHT="37" WIDTH="197" VPOS="792" HPOS="355"/>
<SP HEIGHT="36" WIDTH="29" VPOS="793" HPOS="553"/>
<String CONTENT="library" HEIGHT="45" WIDTH="182" VPOS="792" HPOS="583"/>
<SP HEIGHT="35" WIDTH="29" VPOS="802" HPOS="766"/>
<String CONTENT="edition.&quot;" HEIGHT="41" WIDTH="225" VPOS="790" HPOS="796"/>
</TextLine>
<TextLine HEIGHT="54" WIDTH="1912" VPOS="837" HPOS="178" STYLEREFS="StyleId-14376C54-2894-4E42-9581-9B510AF0E764-" CS="1">
<String CS="1" CONTENT="&#169;"/>
<SP/>
<String CONTENT="Nov." HEIGHT="39" WIDTH="117" VPOS="849" HPOS="178"/>
<SP HEIGHT="37" WIDTH="26" VPOS="851" HPOS="296"/>
<String CONTENT="24." HEIGHT="39" WIDTH="68" VPOS="850" HPOS="323"/>
<SP HEIGHT="39" WIDTH="26" VPOS="850" HPOS="392"/>
<String CONTENT="1934:" HEIGHT="42" WIDTH="138" VPOS="846" HPOS="419"/>
<SP HEIGHT="36" WIDTH="30" VPOS="852" HPOS="558"/>
<String CONTENT="2c." HEIGHT="36" WIDTH="64" VPOS="852" HPOS="589"/>
<SP HEIGHT="37" WIDTH="29" VPOS="850" HPOS="654"/>
<String CONTENT="Dec." HEIGHT="38" WIDTH="109" VPOS="850" HPOS="684"/>
<SP HEIGHT="37" WIDTH="27" VPOS="851" HPOS="794"/>
<String CONTENT="1:" HEIGHT="38" WIDTH="51" VPOS="851" HPOS="822"/>
<SP HEIGHT="29" WIDTH="33" VPOS="860" HPOS="874"/>
<String LANG="fr" CS="1" CONTENT="aff." HEIGHT="28" WIDTH="80" VPOS="860" HPOS="908"/>
<SP HEIGHT="39" WIDTH="27" VPOS="849" HPOS="989"/>
<String CONTENT="Nov." HEIGHT="38" WIDTH="115" VPOS="849" HPOS="1017"/>
<SP HEIGHT="38" WIDTH="30" VPOS="847" HPOS="1133"/>
<String CONTENT="28:" HEIGHT="40" WIDTH="79" VPOS="847" HPOS="1164"/>
<SP HEIGHT="40" WIDTH="30" VPOS="847" HPOS="1244"/>
<!-- cceid C81A044C-6C64-1014-8713-889FF4349C01 --><String CONTENT="A" HEIGHT="37" WIDTH="39" VPOS="847" HPOS="1275"/>
<SP HEIGHT="38" WIDTH="27" VPOS="847" HPOS="1315"/>
<String CS="1" CONTENT="78406;" HEIGHT="40" WIDTH="142" VPOS="845" HPOS="1343"/>
<SP HEIGHT="54" WIDTH="20" VPOS="837" HPOS="1513"/>
<String CONTENT="Modern" HEIGHT="47" WIDTH="210" VPOS="837" HPOS="1534"/>
<SP HEIGHT="36" WIDTH="28" VPOS="846" HPOS="1745"/>
<String CONTENT="library," HEIGHT="44" WIDTH="198" VPOS="845" HPOS="1774"/>
<SP HEIGHT="50" WIDTH="28" VPOS="837" HPOS="1973"/>
<String CONTENT="Inc." HEIGHT="45" WIDTH="88" VPOS="837" HPOS="2002"/>
</TextLine>
<TextLine HEIGHT="51" WIDTH="1413" VPOS="902" HPOS="169" STYLEREFS="StyleId-14376C54-2894-4E42-9581-9B510AF0E764-">
<String CONTENT="[Copyright" HEIGHT="47" WIDTH="280" VPOS="906" HPOS="169"/>
<SP HEIGHT="38" WIDTH="32" VPOS="906" HPOS="450"/>
<String CONTENT="is" HEIGHT="37" WIDTH="39" VPOS="906" HPOS="483"/>
<SP HEIGHT="26" WIDTH="32" VPOS="919" HPOS="523"/>
<String CONTENT="claimed" HEIGHT="39" WIDTH="201" VPOS="906" HPOS="556"/>
<SP HEIGHT="37" WIDTH="35" VPOS="907" HPOS="758"/>
<String CONTENT="on" HEIGHT="27" WIDTH="59" VPOS="917" HPOS="794"/>
<SP HEIGHT="38" WIDTH="30" VPOS="906" HPOS="854"/>
<String CONTENT="introduction]" HEIGHT="47" WIDTH="343" VPOS="905" HPOS="885"/>
<SP HEIGHT="49" WIDTH="73" VPOS="903" HPOS="1229"/>
<String CONTENT="(34-40100)" HEIGHT="43" WIDTH="279" VPOS="902" HPOS="1303"/>
</TextLine>
<TextLine HEIGHT="67" WIDTH="1046" VPOS="994" HPOS="96">
<String CONTENT="Hewett," HEIGHT="65" WIDTH="255" VPOS="995" HPOS="96"/>
<SP HEIGHT="63" WIDTH="28" VPOS="997" HPOS="352"/>
<String CONTENT="William" HEIGHT="56" WIDTH="256" VPOS="994" HPOS="381"/>
<SP HEIGHT="53" WIDTH="28" VPOS="998" HPOS="638"/>
<String CONTENT="Wallace," HEIGHT="65" WIDTH="272" VPOS="996" HPOS="667"/>
<SP HEIGHT="59" WIDTH="32" VPOS="1002" HPOS="940"/>
<String CONTENT="1897-" HEIGHT="54" WIDTH="169" VPOS="997" HPOS="973"/>
</TextLine>
<TextLine HEIGHT="71" WIDTH="1933" VPOS="1068" HPOS="163">
<String CONTENT="Questions" HEIGHT="63" WIDTH="303" VPOS="1072" HPOS="163"/>
<SP HEIGHT="34" WIDTH="36" VPOS="1091" HPOS="467"/>
<String CONTENT="and" HEIGHT="52" WIDTH="112" VPOS="1073" HPOS="504"/>
<SP HEIGHT="52" WIDTH="36" VPOS="1073" HPOS="617"/>
<String CONTENT="exercises" HEIGHT="54" WIDTH="269" VPOS="1072" HPOS="654"/>
<SP HEIGHT="34" WIDTH="35" VPOS="1092" HPOS="924"/>
<String CONTENT="on" HEIGHT="34" WIDTH="70" VPOS="1091" HPOS="960"/>
<SP HEIGHT="52" WIDTH="36" VPOS="1072" HPOS="1031"/>
<String CONTENT="Applied" HEIGHT="69" WIDTH="255" VPOS="1070" HPOS="1068"/>
<SP HEIGHT="52" WIDTH="37" VPOS="1073" HPOS="1324"/>
<String CONTENT="economics," HEIGHT="70" WIDTH="328" VPOS="1068" HPOS="1362"/>
<SP HEIGHT="67" WIDTH="33" VPOS="1071" HPOS="1691"/>
<String CONTENT="by" HEIGHT="66" WIDTH="74" VPOS="1071" HPOS="1725"/>
<SP HEIGHT="65" WIDTH="35" VPOS="1072" HPOS="1800"/>
<String CONTENT="William" HEIGHT="54" WIDTH="260" VPOS="1070" HPOS="1836"/>
</TextLine>
<TextLine HEIGHT="134" WIDTH="2001" VPOS="1147" HPOS="93" CS="1">
<String CONTENT="W." HEIGHT="52" WIDTH="86" VPOS="1152" HPOS="93"/>
<SP HEIGHT="53" WIDTH="32" VPOS="1150" HPOS="180"/>
<String CONTENT="Hewett" HEIGHT="52" WIDTH="231" VPOS="1150" HPOS="213"/>
<SP HEIGHT="46" WIDTH="36" VPOS="1156" HPOS="445"/>
<String CS="1" CONTENT="&#8230;"/>
<SP HEIGHT="54" WIDTH="37" VPOS="1150" HPOS="537"/>
<String CONTENT="Gwynne" HEIGHT="68" WIDTH="258" VPOS="1150" HPOS="575"/>
<SP HEIGHT="51" WIDTH="32" VPOS="1152" HPOS="834"/>
<String CONTENT="L." HEIGHT="51" WIDTH="62" VPOS="1152" HPOS="867"/>
<SP HEIGHT="54" WIDTH="33" VPOS="1150" HPOS="930"/>
<String CONTENT="Guthrie" HEIGHT="55" WIDTH="243" VPOS="1149" HPOS="964"/>
<SP HEIGHT="34" WIDTH="37" VPOS="1167" HPOS="1208"/>
<String CS="1" CONTENT="&#8230;"/>
<SP HEIGHT="33" WIDTH="38" VPOS="1169" HPOS="1302"/>
<String CONTENT="and" HEIGHT="52" WIDTH="112" VPOS="1150" HPOS="1341"/>
<SP HEIGHT="51" WIDTH="32" VPOS="1150" HPOS="1454"/>
<String CONTENT="Frederic" HEIGHT="53" WIDTH="269" VPOS="1148" HPOS="1487"/>
<SP HEIGHT="52" WIDTH="32" VPOS="1147" HPOS="1757"/>
<String CONTENT="A." HEIGHT="51" WIDTH="69" VPOS="1147" HPOS="1790"/>
<SP HEIGHT="55" WIDTH="35" VPOS="1147" HPOS="1860"/>
<String CONTENT="Coffey" HEIGHT="68" WIDTH="198" VPOS="1147" HPOS="1896"/>
<SP/>
<String CS="1" CONTENT="&#8230;"/>
<SP HEIGHT="52" WIDTH="80" VPOS="1229" HPOS="152"/>
<String CONTENT="New" HEIGHT="52" WIDTH="137" VPOS="1229" HPOS="233"/>
</TextLine>
<TextLine HEIGHT="67" WIDTH="963" VPOS="1227" HPOS="400">
<String CONTENT="York," HEIGHT="67" WIDTH="177" VPOS="1227" HPOS="400"/>
<SP HEIGHT="65" WIDTH="28" VPOS="1229" HPOS="578"/>
<String LANG="fr" CONTENT="F." HEIGHT="51" WIDTH="64" VPOS="1229" HPOS="607"/>
<SP HEIGHT="55" WIDTH="30" VPOS="1228" HPOS="672"/>
<String CONTENT="S." HEIGHT="55" WIDTH="55" VPOS="1228" HPOS="703"/>
<SP HEIGHT="55" WIDTH="32" VPOS="1229" HPOS="759"/>
<String CONTENT="Crofts" HEIGHT="56" WIDTH="196" VPOS="1228" HPOS="792"/>
<SP HEIGHT="50" WIDTH="25" VPOS="1231" HPOS="989"/>
<String CONTENT="&amp;" HEIGHT="49" WIDTH="46" VPOS="1231" HPOS="1015"/>
<SP HEIGHT="49" WIDTH="24" VPOS="1231" HPOS="1062"/>
<String CONTENT="co.," HEIGHT="49" WIDTH="96" VPOS="1244" HPOS="1087"/>
<SP HEIGHT="61" WIDTH="29" VPOS="1232" HPOS="1184"/>
<String CONTENT="1934." HEIGHT="50" WIDTH="149" VPOS="1230" HPOS="1214"/>
</TextLine>
<TextLine HEIGHT="47" WIDTH="460" VPOS="1303" HPOS="165">
<String CONTENT="viii," HEIGHT="47" WIDTH="98" VPOS="1303" HPOS="165"/>
<SP HEIGHT="46" WIDTH="28" VPOS="1304" HPOS="264"/>
<String CONTENT="164" HEIGHT="40" WIDTH="86" VPOS="1303" HPOS="293"/>
<SP HEIGHT="46" WIDTH="27" VPOS="1304" HPOS="380"/>
<String CONTENT="p." HEIGHT="36" WIDTH="43" VPOS="1314" HPOS="408"/>
<SP HEIGHT="39" WIDTH="59" VPOS="1303" HPOS="452"/>
<String CONTENT="23" HEIGHT="40" WIDTH="54" VPOS="1303" HPOS="512"/>
<String STYLE="superscript" CONTENT="cm" HEIGHT="21" WIDTH="43" VPOS="1305" HPOS="570"/>
<String CONTENT="." HEIGHT="7" WIDTH="6" VPOS="1337" HPOS="619"/>
</TextLine>
<TextLine HEIGHT="49" WIDTH="1645" VPOS="1356" HPOS="171" STYLEREFS="StyleId-14376C54-2894-4E42-9581-9B510AF0E764-" CS="1">
<String CONTENT="&#8220;For" HEIGHT="39" WIDTH="123" VPOS="1360" HPOS="171"/>
<SP HEIGHT="28" WIDTH="28" VPOS="1370" HPOS="295"/>
<String CONTENT="use" HEIGHT="29" WIDTH="83" VPOS="1370" HPOS="324"/>
<SP HEIGHT="29" WIDTH="29" VPOS="1370" HPOS="408"/>
<String CONTENT="with" HEIGHT="38" WIDTH="118" VPOS="1360" HPOS="438"/>
<SP HEIGHT="37" WIDTH="28" VPOS="1361" HPOS="557"/>
<String CS="1" CONTENT="Bye" HEIGHT="38" WIDTH="101" VPOS="1361" HPOS="586"/>
<SP HEIGHT="28" WIDTH="27" VPOS="1371" HPOS="688"/>
<String CONTENT="and" HEIGHT="38" WIDTH="94" VPOS="1361" HPOS="716"/>
<SP HEIGHT="38" WIDTH="28" VPOS="1361" HPOS="811"/>
<String CONTENT="Hewett," HEIGHT="45" WIDTH="207" VPOS="1360" HPOS="840"/>
<SP HEIGHT="45" WIDTH="30" VPOS="1360" HPOS="1048"/>
<String CONTENT="Applied" HEIGHT="46" WIDTH="202" VPOS="1359" HPOS="1079"/>
<SP HEIGHT="38" WIDTH="29" VPOS="1359" HPOS="1282"/>
<String CONTENT="economics.&#8221;&#8212;Pref." HEIGHT="41" WIDTH="504" VPOS="1356" HPOS="1312"/>
</TextLine>
<TextLine HEIGHT="51" WIDTH="1965" VPOS="1413" HPOS="101" STYLEREFS="StyleId-14376C54-2894-4E42-9581-9B510AF0E764-" CS="1">
<String CONTENT="&#169;" HEIGHT="51" WIDTH="50" VPOS="1413" HPOS="101"/>
<SP HEIGHT="51" WIDTH="31" VPOS="1413" HPOS="152"/>
<String CONTENT="Oct." HEIGHT="40" WIDTH="99" VPOS="1417" HPOS="184"/>
<SP HEIGHT="35" WIDTH="32" VPOS="1419" HPOS="284"/>
<String CONTENT="11," HEIGHT="40" WIDTH="67" VPOS="1419" HPOS="317"/>
<SP HEIGHT="41" WIDTH="31" VPOS="1418" HPOS="385"/>
<String CONTENT="1034:" HEIGHT="40" WIDTH="141" VPOS="1417" HPOS="417"/>
<SP HEIGHT="39" WIDTH="31" VPOS="1418" HPOS="559"/>
<String CONTENT="2c." HEIGHT="38" WIDTH="66" VPOS="1418" HPOS="591"/>
<SP HEIGHT="40" WIDTH="32" VPOS="1417" HPOS="658"/>
<String CONTENT="Oct." HEIGHT="41" WIDTH="101" VPOS="1417" HPOS="691"/>
<SP HEIGHT="40" WIDTH="32" VPOS="1418" HPOS="793"/>
<String CONTENT="18:" HEIGHT="39" WIDTH="80" VPOS="1417" HPOS="826"/>
<SP HEIGHT="28" WIDTH="32" VPOS="1428" HPOS="907"/>
<String CONTENT="aff." HEIGHT="39" WIDTH="80" VPOS="1416" HPOS="940"/>
<SP HEIGHT="40" WIDTH="33" VPOS="1415" HPOS="1021"/>
<String CONTENT="Oct." HEIGHT="41" WIDTH="100" VPOS="1415" HPOS="1055"/>
<SP HEIGHT="39" WIDTH="31" VPOS="1417" HPOS="1156"/>
<String CONTENT="17;" HEIGHT="40" WIDTH="79" VPOS="1417" HPOS="1188"/>
<SP HEIGHT="41" WIDTH="36" VPOS="1416" HPOS="1268"/>
<!-- cceid C81A2257-6C64-1014-8713-889FF4349C01 --><String CONTENT="A" HEIGHT="37" WIDTH="39" VPOS="1416" HPOS="1305"/>
<SP HEIGHT="38" WIDTH="31" VPOS="1416" HPOS="1345"/>
<String CONTENT="73810:" HEIGHT="41" WIDTH="168" VPOS="1414" HPOS="1377"/>
<SP HEIGHT="40" WIDTH="37" VPOS="1415" HPOS="1546"/>
<String LANG="fr" CONTENT="F." HEIGHT="39" WIDTH="50" VPOS="1415" HPOS="1584"/>
<SP HEIGHT="40" WIDTH="35" VPOS="1415" HPOS="1635"/>
<String CONTENT="S." HEIGHT="40" WIDTH="43" VPOS="1415" HPOS="1671"/>
<SP HEIGHT="41" WIDTH="33" VPOS="1414" HPOS="1715"/>
<String CONTENT="Crofts" HEIGHT="41" WIDTH="169" VPOS="1414" HPOS="1749"/>
<SP HEIGHT="39" WIDTH="29" VPOS="1414" HPOS="1919"/>
<String CONTENT="&amp;" HEIGHT="39" WIDTH="35" VPOS="1414" HPOS="1949"/>
<SP HEIGHT="39" WIDTH="28" VPOS="1414" HPOS="1985"/>
<String CS="1" CONTENT="co.," HEIGHT="29" WIDTH="52" VPOS="1424" HPOS="2014"/>
</TextLine>
<TextLine HEIGHT="52" WIDTH="453" VPOS="1469" HPOS="158" STYLEREFS="StyleId-14376C54-2894-4E42-9581-9B510AF0E764-">
<String CONTENT="Inc." HEIGHT="44" WIDTH="97" VPOS="1469" HPOS="158"/>
<SP HEIGHT="41" WIDTH="72" VPOS="1475" HPOS="256"/>
<String CONTENT="(34-40072)" HEIGHT="47" WIDTH="282" VPOS="1474" HPOS="329"/>
</TextLine>
<TextLine HEIGHT="64" WIDTH="620" VPOS="1564" HPOS="99" STYLEREFS="StyleId-8A595E20-D4C9-428F-B43E-B6BEBEEE2491-">
<String CONTENT="Hollen," HEIGHT="64" WIDTH="225" VPOS="1564" HPOS="99"/>
<SP HEIGHT="64" WIDTH="33" VPOS="1564" HPOS="325"/>
<String CONTENT="Aura" HEIGHT="53" WIDTH="167" VPOS="1564" HPOS="359"/>
<SP HEIGHT="51" WIDTH="32" VPOS="1566" HPOS="527"/>
<String CONTENT="May." HEIGHT="62" WIDTH="159" VPOS="1566" HPOS="560"/>
</TextLine>
<TextLine HEIGHT="72" WIDTH="1930" VPOS="1637" HPOS="167" CS="1">
<String CONTENT="The" HEIGHT="51" WIDTH="120" VPOS="1640" HPOS="167"/>
<SP HEIGHT="51" WIDTH="32" VPOS="1658" HPOS="288"/>
<String CONTENT="golden" HEIGHT="69" WIDTH="207" VPOS="1640" HPOS="321"/>
<SP HEIGHT="49" WIDTH="35" VPOS="1658" HPOS="529"/>
<String CONTENT="precepts" HEIGHT="62" WIDTH="259" VPOS="1645" HPOS="565"/>
<SP HEIGHT="53" WIDTH="36" VPOS="1639" HPOS="825"/>
<String CONTENT="from" HEIGHT="52" WIDTH="151" VPOS="1639" HPOS="862"/>
<SP HEIGHT="46" WIDTH="34" VPOS="1645" HPOS="1014"/>
<String LANG="fr" CS="1" CONTENT="the" HEIGHT="51" WIDTH="63" VPOS="1640" HPOS="1049"/>
<SP HEIGHT="52" WIDTH="34" VPOS="1639" HPOS="1144"/>
<String CONTENT="book" HEIGHT="53" WIDTH="146" VPOS="1639" HPOS="1179"/>
<SP HEIGHT="51" WIDTH="33" VPOS="1639" HPOS="1326"/>
<String CONTENT="of" HEIGHT="52" WIDTH="64" VPOS="1638" HPOS="1360"/>
<SP HEIGHT="52" WIDTH="33" VPOS="1638" HPOS="1425"/>
<String CONTENT="life," HEIGHT="68" WIDTH="124" VPOS="1637" HPOS="1459"/>
<SP HEIGHT="48" WIDTH="35" VPOS="1657" HPOS="1584"/>
<String CONTENT="embodying" HEIGHT="69" WIDTH="346" VPOS="1638" HPOS="1620"/>
<SP HEIGHT="63" WIDTH="35" VPOS="1644" HPOS="1967"/>
<String CONTENT="the" HEIGHT="52" WIDTH="94" VPOS="1638" HPOS="2003"/>
</TextLine>
<TextLine HEIGHT="70" WIDTH="1997" VPOS="1716" HPOS="99" CS="1">
<String CONTENT="wisdom" HEIGHT="52" WIDTH="236" VPOS="1717" HPOS="99"/>
<SP HEIGHT="34" WIDTH="27" VPOS="1736" HPOS="336"/>
<String CONTENT="of" HEIGHT="53" WIDTH="64" VPOS="1717" HPOS="364"/>
<SP HEIGHT="53" WIDTH="27" VPOS="1717" HPOS="429"/>
<String CONTENT="the" HEIGHT="52" WIDTH="95" VPOS="1718" HPOS="457"/>
<SP HEIGHT="34" WIDTH="27" VPOS="1736" HPOS="553"/>
<String CONTENT="eternal" HEIGHT="52" WIDTH="214" VPOS="1718" HPOS="581"/>
<SP HEIGHT="51" WIDTH="31" VPOS="1718" HPOS="796"/>
<String CONTENT="ages," HEIGHT="51" WIDTH="149" VPOS="1735" HPOS="828"/>
<SP HEIGHT="61" WIDTH="29" VPOS="1723" HPOS="978"/>
<String CONTENT="transcribed" HEIGHT="53" WIDTH="354" VPOS="1716" HPOS="1008"/>
<SP HEIGHT="52" WIDTH="30" VPOS="1716" HPOS="1363"/>
<String CONTENT="by" HEIGHT="68" WIDTH="75" VPOS="1716" HPOS="1394"/>
<SP HEIGHT="68" WIDTH="30" VPOS="1716" HPOS="1470"/>
<String CONTENT="Aura" HEIGHT="52" WIDTH="162" VPOS="1716" HPOS="1501"/>
<SP HEIGHT="51" WIDTH="31" VPOS="1717" HPOS="1664"/>
<String CONTENT="May" HEIGHT="67" WIDTH="139" VPOS="1717" HPOS="1696"/>
<SP HEIGHT="68" WIDTH="30" VPOS="1716" HPOS="1836"/>
<String CONTENT="Hollen." HEIGHT="51" WIDTH="229" VPOS="1716" HPOS="1867"/>
</TextLine>
<TextLine HEIGHT="71" WIDTH="1379" VPOS="1793" HPOS="98">
<String CONTENT="Los" HEIGHT="55" WIDTH="109" VPOS="1793" HPOS="98"/>
<SP HEIGHT="53" WIDTH="24" VPOS="1795" HPOS="208"/>
<String CONTENT="Angeles," HEIGHT="69" WIDTH="267" VPOS="1795" HPOS="233"/>
<SP HEIGHT="70" WIDTH="27" VPOS="1794" HPOS="501"/>
<String CONTENT="Calif.," HEIGHT="68" WIDTH="194" VPOS="1794" HPOS="529"/>
<SP HEIGHT="67" WIDTH="24" VPOS="1795" HPOS="724"/>
<String CONTENT="H." HEIGHT="52" WIDTH="76" VPOS="1795" HPOS="749"/>
<SP HEIGHT="52" WIDTH="24" VPOS="1795" HPOS="826"/>
<String CONTENT="Hollen," HEIGHT="67" WIDTH="232" VPOS="1795" HPOS="851"/>
<SP HEIGHT="50" WIDTH="24" VPOS="1812" HPOS="1084"/>
<String CONTENT="m." HEIGHT="35" WIDTH="66" VPOS="1812" HPOS="1109"/>
<SP HEIGHT="34" WIDTH="27" VPOS="1813" HPOS="1176"/>
<String CONTENT="d." HEIGHT="34" WIDTH="48" VPOS="1813" HPOS="1204"/>
<SP HEIGHT="34" WIDTH="32" VPOS="1827" HPOS="1253"/>
<String STYLE="subscript" CONTENT="[" HEIGHT="34" WIDTH="13" VPOS="1827" HPOS="1286"/>
<String STYLE="superscript" CONTENT="c" HEIGHT="21" WIDTH="18" VPOS="1800" HPOS="1303"/>
<String CONTENT="1934" HEIGHT="50" WIDTH="135" VPOS="1796" HPOS="1327"/>
<String STYLE="subscript" CONTENT="]" HEIGHT="33" WIDTH="12" VPOS="1827" HPOS="1465"/>
</TextLine>
<TextLine HEIGHT="49" WIDTH="327" VPOS="1866" HPOS="168" STYLEREFS="StyleId-14376C54-2894-4E42-9581-9B510AF0E764-">
<String CONTENT="298" HEIGHT="42" WIDTH="84" VPOS="1866" HPOS="168"/>
<SP HEIGHT="47" WIDTH="24" VPOS="1868" HPOS="253"/>
<String CONTENT="p." HEIGHT="37" WIDTH="41" VPOS="1878" HPOS="278"/>
<SP HEIGHT="41" WIDTH="60" VPOS="1867" HPOS="320"/>
<String CONTENT="24" HEIGHT="39" WIDTH="56" VPOS="1867" HPOS="381"/>
<String STYLE="superscript" CONTENT="cm" HEIGHT="21" WIDTH="43" VPOS="1870" HPOS="441"/>
<String CONTENT="." HEIGHT="7" WIDTH="6" VPOS="1900" HPOS="489"/>
</TextLine>
<TextLine HEIGHT="52" WIDTH="1797" VPOS="1922" HPOS="103" STYLEREFS="StyleId-14376C54-2894-4E42-9581-9B510AF0E764-" CS="1">
<String CONTENT="&#169;" HEIGHT="51" WIDTH="50" VPOS="1922" HPOS="103"/>
<SP HEIGHT="51" WIDTH="34" VPOS="1922" HPOS="154"/>
<String CONTENT="Sept." HEIGHT="46" WIDTH="126" VPOS="1928" HPOS="189"/>
<SP HEIGHT="38" WIDTH="30" VPOS="1928" HPOS="316"/>
<String CONTENT="14," HEIGHT="40" WIDTH="67" VPOS="1928" HPOS="347"/>
<SP HEIGHT="40" WIDTH="30" VPOS="1928" HPOS="415"/>
<String CONTENT="1934:" HEIGHT="38" WIDTH="140" VPOS="1927" HPOS="446"/>
<SP HEIGHT="37" WIDTH="33" VPOS="1928" HPOS="587"/>
<String CS="1" CONTENT="2c&#183;." HEIGHT="36" WIDTH="65" VPOS="1928" HPOS="621"/>
<SP HEIGHT="28" WIDTH="33" VPOS="1938" HPOS="687"/>
<String CONTENT="and" HEIGHT="38" WIDTH="91" VPOS="1928" HPOS="721"/>
<SP HEIGHT="37" WIDTH="34" VPOS="1928" HPOS="813"/>
<String CONTENT="aff." HEIGHT="39" WIDTH="78" VPOS="1926" HPOS="848"/>
<SP HEIGHT="35" WIDTH="36" VPOS="1930" HPOS="927"/>
<String CONTENT="Sept." HEIGHT="44" WIDTH="125" VPOS="1929" HPOS="964"/>
<SP HEIGHT="40" WIDTH="31" VPOS="1926" HPOS="1090"/>
<String CONTENT="24;" HEIGHT="40" WIDTH="79" VPOS="1926" HPOS="1122"/>
<SP HEIGHT="39" WIDTH="32" VPOS="1927" HPOS="1202"/>
<!-- cceid C81A4EFA-6C64-1014-8713-889FF4349C01 --><String CONTENT="A" HEIGHT="37" WIDTH="40" VPOS="1927" HPOS="1235"/>
<SP HEIGHT="38" WIDTH="31" VPOS="1927" HPOS="1276"/>
<String CS="1" CONTENT="7-1008:" HEIGHT="40" WIDTH="140" VPOS="1925" HPOS="1308"/>
<SP HEIGHT="39" WIDTH="37" VPOS="1927" HPOS="1475"/>
<String CS="1" CONTENT="Henry" HEIGHT="37" WIDTH="133" VPOS="1927" HPOS="1513"/>
<SP HEIGHT="37" WIDTH="31" VPOS="1927" HPOS="1681"/>
<String CONTENT="Hollen." HEIGHT="38" WIDTH="187" VPOS="1927" HPOS="1713"/>
</TextLine>
<TextLine HEIGHT="41" WIDTH="278" VPOS="1984" HPOS="182" STYLEREFS="StyleId-14376C54-2894-4E42-9581-9B510AF0E764-" CS="1">
<String CS="1" CONTENT="(34-40127)" HEIGHT="41" WIDTH="278" VPOS="1984" HPOS="182"/>
</TextLine>
<TextLine HEIGHT="65" WIDTH="958" VPOS="2073" HPOS="102" STYLEREFS="StyleId-8A595E20-D4C9-428F-B43E-B6BEBEEE2491-">
<String CONTENT="Hopkins," HEIGHT="65" WIDTH="284" VPOS="2073" HPOS="102"/>
<SP HEIGHT="63" WIDTH="30" VPOS="2075" HPOS="387"/>
<String CONTENT="Arthur" HEIGHT="53" WIDTH="234" VPOS="2074" HPOS="418"/>
<SP HEIGHT="52" WIDTH="27" VPOS="2075" HPOS="653"/>
<String CONTENT="John," HEIGHT="63" WIDTH="173" VPOS="2074" HPOS="681"/>
<SP HEIGHT="57" WIDTH="33" VPOS="2080" HPOS="855"/>
<String CONTENT="1864-" HEIGHT="49" WIDTH="171" VPOS="2079" HPOS="889"/>
</TextLine>
<TextLine HEIGHT="130" WIDTH="1976" VPOS="2151" HPOS="97" CS="1">
<String CONTENT="Alchemy," HEIGHT="68" WIDTH="296" VPOS="2151" HPOS="166"/>
<SP HEIGHT="48" WIDTH="30" VPOS="2170" HPOS="463"/>
<String CONTENT="child" HEIGHT="52" WIDTH="153" VPOS="2151" HPOS="494"/>
<SP HEIGHT="52" WIDTH="32" VPOS="2152" HPOS="648"/>
<String CONTENT="of" HEIGHT="53" WIDTH="63" VPOS="2151" HPOS="681"/>
<SP HEIGHT="55" WIDTH="30" VPOS="2151" HPOS="745"/>
<String CONTENT="Greek" HEIGHT="54" WIDTH="186" VPOS="2152" HPOS="776"/>
<SP HEIGHT="66" WIDTH="29" VPOS="2152" HPOS="963"/>
<String CONTENT="philosophy," HEIGHT="66" WIDTH="361" VPOS="2152" HPOS="993"/>
<SP HEIGHT="55" WIDTH="30" VPOS="2152" HPOS="1355"/>
<String CONTENT="by" HEIGHT="66" WIDTH="74" VPOS="2152" HPOS="1386"/>
<SP HEIGHT="65" WIDTH="29" VPOS="2153" HPOS="1461"/>
<String CONTENT="Arthur" HEIGHT="52" WIDTH="224" VPOS="2151" HPOS="1491"/>
<SP HEIGHT="53" WIDTH="31" VPOS="2153" HPOS="1716"/>
<String CONTENT="John" HEIGHT="53" WIDTH="154" VPOS="2153" HPOS="1748"/>
<SP HEIGHT="50" WIDTH="33" VPOS="2154" HPOS="1903"/>
<String CONTENT="Hopkins." HEIGHT="127" WIDTH="1976" VPOS="2154" HPOS="97"/>
</TextLine>
<TextLine HEIGHT="67" WIDTH="1440" VPOS="2229" HPOS="315">
<String CONTENT="New" HEIGHT="52" WIDTH="137" VPOS="2230" HPOS="315"/>
<SP HEIGHT="51" WIDTH="37" VPOS="2231" HPOS="453"/>
<String CONTENT="York," HEIGHT="66" WIDTH="177" VPOS="2230" HPOS="491"/>
<SP HEIGHT="65" WIDTH="35" VPOS="2231" HPOS="669"/>
<String CONTENT="Columbia" HEIGHT="55" WIDTH="299" VPOS="2229" HPOS="705"/>
<SP HEIGHT="33" WIDTH="35" VPOS="2249" HPOS="1005"/>
<String CONTENT="university" HEIGHT="67" WIDTH="316" VPOS="2229" HPOS="1041"/>
<SP HEIGHT="48" WIDTH="34" VPOS="2248" HPOS="1358"/>
<String CONTENT="press," HEIGHT="48" WIDTH="174" VPOS="2248" HPOS="1393"/>
<SP HEIGHT="57" WIDTH="37" VPOS="2236" HPOS="1568"/>
<String CONTENT="1934." HEIGHT="49" WIDTH="149" VPOS="2234" HPOS="1606"/>
</TextLine>
<TextLine HEIGHT="50" WIDTH="1917" VPOS="2301" HPOS="172" STYLEREFS="StyleId-14376C54-2894-4E42-9581-9B510AF0E764-" CS="1">
<String CONTENT="x" HEIGHT="27" WIDTH="29" VPOS="2314" HPOS="172"/>
<SP HEIGHT="37" WIDTH="34" VPOS="2313" HPOS="202"/>
<String LANG="fr" CS="1" CONTENT="p." HEIGHT="37" WIDTH="29" VPOS="2313" HPOS="237"/>
<SP HEIGHT="44" WIDTH="35" VPOS="2304" HPOS="295"/>
<String CONTENT="1" HEIGHT="37" WIDTH="23" VPOS="2304" HPOS="331"/>
<SP/>
<String CS="1" CONTENT="l.," HEIGHT="15" WIDTH="8" VPOS="2334" HPOS="427"/>
<SP HEIGHT="47" WIDTH="34" VPOS="2302" HPOS="436"/>
<String CONTENT="262" HEIGHT="40" WIDTH="85" VPOS="2301" HPOS="471"/>
<SP HEIGHT="49" WIDTH="34" VPOS="2301" HPOS="557"/>
<String CONTENT="p.," HEIGHT="37" WIDTH="56" VPOS="2313" HPOS="592"/>
<SP HEIGHT="46" WIDTH="33" VPOS="2303" HPOS="649"/>
<String CONTENT="1" HEIGHT="38" WIDTH="24" VPOS="2303" HPOS="683"/>
<SP/>
<String CS="1" CONTENT="l."/>
<SP HEIGHT="38" WIDTH="60" VPOS="2303" HPOS="773"/>
<String CS="1" CONTENT="illus.," HEIGHT="47" WIDTH="142" VPOS="2302" HPOS="834"/>
<SP HEIGHT="37" WIDTH="36" VPOS="2313" HPOS="977"/>
<String CONTENT="plates," HEIGHT="47" WIDTH="167" VPOS="2303" HPOS="1014"/>
<SP HEIGHT="48" WIDTH="35" VPOS="2301" HPOS="1182"/>
<String CONTENT="2" HEIGHT="39" WIDTH="24" VPOS="2301" HPOS="1218"/>
<SP HEIGHT="48" WIDTH="35" VPOS="2301" HPOS="1243"/>
<String CONTENT="port," HEIGHT="43" WIDTH="120" VPOS="2306" HPOS="1279"/>
<SP HEIGHT="29" WIDTH="35" VPOS="2313" HPOS="1400"/>
<String CONTENT="on" HEIGHT="28" WIDTH="57" VPOS="2313" HPOS="1436"/>
<SP HEIGHT="37" WIDTH="36" VPOS="2303" HPOS="1494"/>
<String CONTENT="1" HEIGHT="37" WIDTH="22" VPOS="2303" HPOS="1531"/>
<SP/>
<String CS="1" CONTENT="l.," HEIGHT="15" WIDTH="9" VPOS="2333" HPOS="1625"/>
<SP HEIGHT="46" WIDTH="38" VPOS="2302" HPOS="1635"/>
<String CONTENT="facsims.," HEIGHT="46" WIDTH="227" VPOS="2302" HPOS="1674"/>
<SP HEIGHT="44" WIDTH="36" VPOS="2304" HPOS="1902"/>
<String CONTENT="diagr." HEIGHT="47" WIDTH="150" VPOS="2304" HPOS="1939"/>
</TextLine>
<TextLine HEIGHT="40" WIDTH="103" VPOS="2359" HPOS="98" STYLEREFS="StyleId-14376C54-2894-4E42-9581-9B510AF0E764-">
<String CONTENT="22" HEIGHT="40" WIDTH="55" VPOS="2359" HPOS="98"/>
<String STYLE="superscript" CONTENT="cm" HEIGHT="20" WIDTH="44" VPOS="2362" HPOS="157"/>
</TextLine>
<TextLine HEIGHT="50" WIDTH="732" VPOS="2414" HPOS="168" STYLEREFS="StyleId-14376C54-2894-4E42-9581-9B510AF0E764-" CS="1">
<String CS="1" CONTENT="Bibliography:" HEIGHT="49" WIDTH="347" VPOS="2414" HPOS="168"/>
<SP HEIGHT="36" WIDTH="31" VPOS="2427" HPOS="544"/>
<String CONTENT="p." HEIGHT="36" WIDTH="42" VPOS="2427" HPOS="576"/>
<SP HEIGHT="29" WIDTH="33" VPOS="2435" HPOS="619"/>
<String CONTENT="[253]-255." HEIGHT="49" WIDTH="247" VPOS="2415" HPOS="653"/>
</TextLine>
<TextLine HEIGHT="51" WIDTH="1996" VPOS="2470" HPOS="105" STYLEREFS="StyleId-14376C54-2894-4E42-9581-9B510AF0E764-" CS="1">
<String CONTENT="&#169;" HEIGHT="51" WIDTH="50" VPOS="2470" HPOS="105"/>
<SP HEIGHT="51" WIDTH="35" VPOS="2470" HPOS="156"/>
<String CONTENT="Nov." HEIGHT="39" WIDTH="116" VPOS="2475" HPOS="192"/>
<SP HEIGHT="38" WIDTH="34" VPOS="2476" HPOS="309"/>
<String CONTENT="22." HEIGHT="38" WIDTH="68" VPOS="2476" HPOS="344"/>
<SP HEIGHT="39" WIDTH="36" VPOS="2475" HPOS="413"/>
<String CS="1" CONTENT="1934;" HEIGHT="38" WIDTH="112" VPOS="2473" HPOS="450"/>
<SP HEIGHT="39" WIDTH="36" VPOS="2474" HPOS="590"/>
<String CONTENT="2c." HEIGHT="38" WIDTH="66" VPOS="2474" HPOS="627"/>
<SP HEIGHT="38" WIDTH="35" VPOS="2474" HPOS="694"/>
<String CONTENT="Nov." HEIGHT="40" WIDTH="117" VPOS="2474" HPOS="730"/>
<SP HEIGHT="40" WIDTH="33" VPOS="2474" HPOS="848"/>
<String CONTENT="24:" HEIGHT="38" WIDTH="80" VPOS="2474" HPOS="882"/>
<SP HEIGHT="27" WIDTH="39" VPOS="2485" HPOS="963"/>
<String CONTENT="aff." HEIGHT="39" WIDTH="81" VPOS="2474" HPOS="1003"/>
<SP HEIGHT="39" WIDTH="34" VPOS="2474" HPOS="1085"/>
<String CONTENT="Nov." HEIGHT="41" WIDTH="116" VPOS="2474" HPOS="1120"/>
<SP HEIGHT="41" WIDTH="35" VPOS="2474" HPOS="1237"/>
<String CONTENT="26;" HEIGHT="46" WIDTH="81" VPOS="2474" HPOS="1273"/>
<SP HEIGHT="46" WIDTH="39" VPOS="2474" HPOS="1355"/>
<!-- cceid C81A6D06-6C64-1014-8713-889FF4349C01 --><String CONTENT="A" HEIGHT="37" WIDTH="39" VPOS="2474" HPOS="1395"/>
<SP HEIGHT="38" WIDTH="36" VPOS="2474" HPOS="1435"/>
<String CONTENT="78292;" HEIGHT="48" WIDTH="169" VPOS="2472" HPOS="1472"/>
<SP HEIGHT="46" WIDTH="40" VPOS="2474" HPOS="1642"/>
<String CONTENT="Columbia" HEIGHT="39" WIDTH="245" VPOS="2474" HPOS="1683"/>
<SP HEIGHT="27" WIDTH="42" VPOS="2486" HPOS="1929"/>
<String CONTENT="univ." HEIGHT="41" WIDTH="129" VPOS="2474" HPOS="1972"/>
</TextLine>
<TextLine HEIGHT="50" WIDTH="498" VPOS="2528" HPOS="173" STYLEREFS="StyleId-14376C54-2894-4E42-9581-9B510AF0E764-">
<String CONTENT="press." HEIGHT="36" WIDTH="148" VPOS="2542" HPOS="173"/>
<SP HEIGHT="43" WIDTH="70" VPOS="2532" HPOS="322"/>
<String CONTENT="(34-39899)" HEIGHT="48" WIDTH="278" VPOS="2528" HPOS="393"/>
</TextLine>
<TextLine HEIGHT="65" WIDTH="1109" VPOS="2611" HPOS="108">
<String CONTENT="Huntington," HEIGHT="65" WIDTH="391" VPOS="2611" HPOS="108"/>
<SP HEIGHT="52" WIDTH="30" VPOS="2613" HPOS="500"/>
<String CONTENT="Archer" HEIGHT="52" WIDTH="232" VPOS="2612" HPOS="531"/>
<SP HEIGHT="51" WIDTH="23" VPOS="2613" HPOS="764"/>
<String CONTENT="Milton," HEIGHT="64" WIDTH="228" VPOS="2612" HPOS="788"/>
<SP HEIGHT="58" WIDTH="30" VPOS="2618" HPOS="1017"/>
<String CONTENT="1870-" HEIGHT="53" WIDTH="169" VPOS="2613" HPOS="1048"/>
</TextLine>
<TextLine HEIGHT="62" WIDTH="1930" VPOS="2688" HPOS="173" CS="1">
<String CONTENT="Alfonso" HEIGHT="52" WIDTH="246" VPOS="2689" HPOS="173"/>
<SP HEIGHT="46" WIDTH="24" VPOS="2695" HPOS="420"/>
<String CONTENT="the" HEIGHT="52" WIDTH="94" VPOS="2689" HPOS="445"/>
<SP HEIGHT="52" WIDTH="26" VPOS="2689" HPOS="540"/>
<String CONTENT="Eighth" HEIGHT="62" WIDTH="221" VPOS="2688" HPOS="567"/>
<SP HEIGHT="50" WIDTH="23" VPOS="2689" HPOS="789"/>
<String CONTENT="rides" HEIGHT="52" WIDTH="149" VPOS="2688" HPOS="813"/>
<SP HEIGHT="51" WIDTH="24" VPOS="2689" HPOS="963"/>
<String CONTENT="by" HEIGHT="52" WIDTH="72" VPOS="2689" HPOS="988"/>
<SP HEIGHT="42" WIDTH="31" VPOS="2708" HPOS="1061"/>
<String CS="1" CONTENT="[by]" HEIGHT="61" WIDTH="72" VPOS="2689" HPOS="1110"/>
<SP/>
<String CONTENT="Archer" HEIGHT="52" WIDTH="220" VPOS="2689" HPOS="1231"/>
<SP HEIGHT="51" WIDTH="23" VPOS="2689" HPOS="1452"/>
<String CONTENT="Milton" HEIGHT="52" WIDTH="211" VPOS="2689" HPOS="1476"/>
<SP HEIGHT="51" WIDTH="23" VPOS="2689" HPOS="1688"/>
<String CONTENT="Huntington." HEIGHT="62" WIDTH="391" VPOS="2688" HPOS="1712"/>
</TextLine>
<TextLine HEIGHT="66" WIDTH="529" VPOS="2768" HPOS="102">
<String CONTENT="New" HEIGHT="51" WIDTH="135" VPOS="2769" HPOS="102"/>
<SP HEIGHT="52" WIDTH="30" VPOS="2768" HPOS="238"/>
<String CONTENT="York," HEIGHT="66" WIDTH="178" VPOS="2768" HPOS="269"/>
<SP HEIGHT="62" WIDTH="33" VPOS="2772" HPOS="448"/>
<String CONTENT="1934." HEIGHT="49" WIDTH="149" VPOS="2770" HPOS="482"/>
</TextLine>
<TextLine HEIGHT="51" WIDTH="525" VPOS="2839" HPOS="174" STYLEREFS="StyleId-14376C54-2894-4E42-9581-9B510AF0E764-" CS="1">
<String LANG="en-US" CONTENT="2" HEIGHT="38" WIDTH="25" VPOS="2842" HPOS="174"/>
<SP HEIGHT="48" WIDTH="26" VPOS="2842" HPOS="200"/>
<String LANG="fr" CONTENT="p." HEIGHT="36" WIDTH="41" VPOS="2854" HPOS="227"/>
<SP/>
<String LANG="fr" CS="1" CONTENT="l."/>
<String LANG="en-US" CONTENT="," HEIGHT="16" WIDTH="9" VPOS="2874" HPOS="333"/>
<SP HEIGHT="46" WIDTH="28" VPOS="2844" HPOS="343"/>
<String LANG="en-US" CONTENT="72" HEIGHT="40" WIDTH="54" VPOS="2842" HPOS="372"/>
<SP HEIGHT="48" WIDTH="26" VPOS="2842" HPOS="427"/>
<String LANG="en-US" CONTENT="p." HEIGHT="37" WIDTH="42" VPOS="2853" HPOS="454"/>
<SP HEIGHT="43" WIDTH="56" VPOS="2839" HPOS="497"/>
<String LANG="en-US" CS="1" CONTENT="21&#189;" HEIGHT="41" WIDTH="54" VPOS="2839" HPOS="554"/>
<String STYLE="superscript" LANG="en-US" CONTENT="cm" HEIGHT="21" WIDTH="44" VPOS="2844" HPOS="642"/>
<String LANG="en-US" CONTENT="." HEIGHT="7" WIDTH="7" VPOS="2874" HPOS="692"/>
</TextLine>
<TextLine HEIGHT="48" WIDTH="1195" VPOS="2898" HPOS="176" STYLEREFS="StyleId-14376C54-2894-4E42-9581-9B510AF0E764-">
<String CONTENT="Most" HEIGHT="40" WIDTH="125" VPOS="2900" HPOS="176"/>
<SP HEIGHT="37" WIDTH="24" VPOS="2902" HPOS="302"/>
<String CONTENT="of" HEIGHT="39" WIDTH="51" VPOS="2900" HPOS="327"/>
<SP HEIGHT="39" WIDTH="22" VPOS="2900" HPOS="379"/>
<String CONTENT="the" HEIGHT="38" WIDTH="81" VPOS="2901" HPOS="402"/>
<SP HEIGHT="37" WIDTH="24" VPOS="2901" HPOS="484"/>
<String CONTENT="leaves" HEIGHT="38" WIDTH="161" VPOS="2901" HPOS="509"/>
<SP HEIGHT="37" WIDTH="24" VPOS="2909" HPOS="671"/>
<String CONTENT="printed" HEIGHT="48" WIDTH="193" VPOS="2898" HPOS="696"/>
<SP HEIGHT="38" WIDTH="26" VPOS="2900" HPOS="890"/>
<String CONTENT="on" HEIGHT="28" WIDTH="59" VPOS="2910" HPOS="917"/>
<SP HEIGHT="28" WIDTH="28" VPOS="2909" HPOS="977"/>
<String CONTENT="one" HEIGHT="29" WIDTH="86" VPOS="2909" HPOS="1006"/>
<SP HEIGHT="30" WIDTH="25" VPOS="2908" HPOS="1093"/>
<String CONTENT="side" HEIGHT="39" WIDTH="100" VPOS="2899" HPOS="1119"/>
<SP HEIGHT="29" WIDTH="26" VPOS="2909" HPOS="1220"/>
<String CONTENT="only." HEIGHT="46" WIDTH="124" VPOS="2899" HPOS="1247"/>
</TextLine>
<TextLine HEIGHT="39" WIDTH="184" VPOS="2957" HPOS="173" STYLEREFS="StyleId-14376C54-2894-4E42-9581-9B510AF0E764-">
<String CONTENT="Poems." HEIGHT="39" WIDTH="184" VPOS="2957" HPOS="173"/>
</TextLine>
<TextLine HEIGHT="51" WIDTH="1994" VPOS="3010" HPOS="109" STYLEREFS="StyleId-14376C54-2894-4E42-9581-9B510AF0E764-" CS="1">
<String CONTENT="&#169;" HEIGHT="51" WIDTH="50" VPOS="3010" HPOS="109"/>
<SP HEIGHT="51" WIDTH="26" VPOS="3010" HPOS="160"/>
<String CONTENT="Nov." HEIGHT="38" WIDTH="115" VPOS="3015" HPOS="187"/>
<SP HEIGHT="33" WIDTH="28" VPOS="3019" HPOS="303"/>
<String CONTENT="24." HEIGHT="38" WIDTH="67" VPOS="3016" HPOS="332"/>
<SP HEIGHT="39" WIDTH="30" VPOS="3015" HPOS="400"/>
<String CONTENT="1934:" HEIGHT="41" WIDTH="139" VPOS="3012" HPOS="431"/>
<SP HEIGHT="37" WIDTH="29" VPOS="3016" HPOS="571"/>
<String CONTENT="2c." HEIGHT="36" WIDTH="64" VPOS="3016" HPOS="601"/>
<SP HEIGHT="37" WIDTH="31" VPOS="3013" HPOS="666"/>
<String CONTENT="Nov." HEIGHT="40" WIDTH="117" VPOS="3013" HPOS="698"/>
<SP HEIGHT="40" WIDTH="28" VPOS="3013" HPOS="816"/>
<String CONTENT="30;" HEIGHT="41" WIDTH="80" VPOS="3012" HPOS="845"/>
<SP HEIGHT="29" WIDTH="33" VPOS="3024" HPOS="926"/>
<String CONTENT="aff." HEIGHT="39" WIDTH="79" VPOS="3012" HPOS="960"/>
<SP HEIGHT="37" WIDTH="28" VPOS="3013" HPOS="1040"/>
<String CONTENT="Nov." HEIGHT="38" WIDTH="115" VPOS="3013" HPOS="1069"/>
<SP HEIGHT="38" WIDTH="29" VPOS="3012" HPOS="1185"/>
<String CS="1" CONTENT="28;" HEIGHT="40" WIDTH="55" VPOS="3012" HPOS="1215"/>
<SP HEIGHT="44" WIDTH="30" VPOS="3014" HPOS="1297"/>
<!-- cceid C81A8910-6C64-1014-8713-889FF4349C01 --><String CONTENT="A" HEIGHT="37" WIDTH="40" VPOS="3014" HPOS="1328"/>
<SP HEIGHT="39" WIDTH="29" VPOS="3013" HPOS="1369"/>
<String CS="1" CONTENT="77376;" HEIGHT="39" WIDTH="142" VPOS="3013" HPOS="1399"/>
<SP HEIGHT="45" WIDTH="30" VPOS="3014" HPOS="1569"/>
<String CONTENT="A." HEIGHT="39" WIDTH="55" VPOS="3014" HPOS="1600"/>
<SP HEIGHT="38" WIDTH="30" VPOS="3015" HPOS="1656"/>
<String CONTENT="M." HEIGHT="38" WIDTH="61" VPOS="3015" HPOS="1687"/>
<SP HEIGHT="39" WIDTH="30" VPOS="3014" HPOS="1749"/>
<String CONTENT="Huntington," HEIGHT="47" WIDTH="323" VPOS="3014" HPOS="1780"/>
</TextLine>
<TextLine HEIGHT="42" WIDTH="638" VPOS="3069" HPOS="176" STYLEREFS="StyleId-14376C54-2894-4E42-9581-9B510AF0E764-">
<String CONTENT="New" HEIGHT="39" WIDTH="116" VPOS="3071" HPOS="176"/>
<SP HEIGHT="38" WIDTH="25" VPOS="3072" HPOS="293"/>
<String CONTENT="York." HEIGHT="36" WIDTH="144" VPOS="3072" HPOS="319"/>
<SP HEIGHT="41" WIDTH="71" VPOS="3070" HPOS="464"/>
<String CONTENT="(34-40103)" HEIGHT="42" WIDTH="278" VPOS="3069" HPOS="536"/>
</TextLine>
<TextLine HEIGHT="67" WIDTH="910" VPOS="3145" HPOS="106" STYLEREFS="StyleId-D07F5B55-FD9C-446E-A305-BCFFFB064BEF-">
<String CONTENT="Illinois." HEIGHT="54" WIDTH="238" VPOS="3145" HPOS="106"/>
<SP HEIGHT="51" WIDTH="74" VPOS="3148" HPOS="345"/>
<String CONTENT="Laws," HEIGHT="53" WIDTH="182" VPOS="3148" HPOS="420"/>
<SP HEIGHT="37" WIDTH="28" VPOS="3164" HPOS="603"/>
<String CONTENT="statutes," HEIGHT="60" WIDTH="255" VPOS="3152" HPOS="632"/>
<SP HEIGHT="47" WIDTH="29" VPOS="3165" HPOS="888"/>
<String CONTENT="etc." HEIGHT="45" WIDTH="98" VPOS="3152" HPOS="918"/>
</TextLine>
<TextLine HEIGHT="56" WIDTH="1925" VPOS="3221" HPOS="179">
<String CONTENT="Smith-Hurd" HEIGHT="55" WIDTH="389" VPOS="3222" HPOS="179"/>
<SP HEIGHT="51" WIDTH="55" VPOS="3223" HPOS="569"/>
<String CONTENT="Illinois" HEIGHT="52" WIDTH="226" VPOS="3221" HPOS="625"/>
<SP HEIGHT="32" WIDTH="57" VPOS="3241" HPOS="852"/>
<String CONTENT="annotated" HEIGHT="51" WIDTH="305" VPOS="3224" HPOS="910"/>
<SP HEIGHT="51" WIDTH="55" VPOS="3224" HPOS="1216"/>
<String CONTENT="statutes." HEIGHT="48" WIDTH="254" VPOS="3227" HPOS="1272"/>
<SP HEIGHT="49" WIDTH="92" VPOS="3226" HPOS="1527"/>
<String CONTENT="Permanent" HEIGHT="51" WIDTH="343" VPOS="3226" HPOS="1620"/>
<SP HEIGHT="46" WIDTH="56" VPOS="3231" HPOS="1964"/>
<String CONTENT="ed." HEIGHT="51" WIDTH="83" VPOS="3226" HPOS="2021"/>
</TextLine>
<TextLine HEIGHT="70" WIDTH="1993" VPOS="3299" HPOS="110">
<String CONTENT="Comprising" HEIGHT="70" WIDTH="367" VPOS="3299" HPOS="110"/>
<SP HEIGHT="62" WIDTH="40" VPOS="3307" HPOS="478"/>
<String CONTENT="the" HEIGHT="50" WIDTH="93" VPOS="3302" HPOS="519"/>
<SP HEIGHT="48" WIDTH="40" VPOS="3304" HPOS="613"/>
<String CONTENT="laws" HEIGHT="48" WIDTH="135" VPOS="3304" HPOS="654"/>
<SP HEIGHT="33" WIDTH="40" VPOS="3320" HPOS="790"/>
<String CONTENT="of" HEIGHT="53" WIDTH="62" VPOS="3300" HPOS="831"/>
<SP HEIGHT="53" WIDTH="41" VPOS="3300" HPOS="894"/>
<String CONTENT="a" HEIGHT="31" WIDTH="26" VPOS="3322" HPOS="936"/>
<SP HEIGHT="48" WIDTH="44" VPOS="3319" HPOS="963"/>
<String CONTENT="general" HEIGHT="64" WIDTH="225" VPOS="3303" HPOS="1008"/>
<SP HEIGHT="49" WIDTH="42" VPOS="3303" HPOS="1234"/>
<String CONTENT="and" HEIGHT="51" WIDTH="111" VPOS="3302" HPOS="1277"/>
<SP HEIGHT="65" WIDTH="39" VPOS="3302" HPOS="1389"/>
<String CONTENT="permanent" HEIGHT="59" WIDTH="332" VPOS="3308" HPOS="1429"/>
<SP HEIGHT="46" WIDTH="41" VPOS="3308" HPOS="1762"/>
<String CONTENT="nature" HEIGHT="46" WIDTH="200" VPOS="3309" HPOS="1804"/>
<SP HEIGHT="49" WIDTH="42" VPOS="3306" HPOS="2005"/>
<String CONTENT="in" HEIGHT="49" WIDTH="55" VPOS="3306" HPOS="2048"/>
</TextLine>
<TextLine HEIGHT="71" WIDTH="1993" VPOS="3376" HPOS="109">
<String CONTENT="force" HEIGHT="53" WIDTH="154" VPOS="3378" HPOS="109"/>
<SP HEIGHT="33" WIDTH="40" VPOS="3398" HPOS="264"/>
<String CONTENT="at" HEIGHT="46" WIDTH="55" VPOS="3385" HPOS="305"/>
<SP HEIGHT="46" WIDTH="39" VPOS="3385" HPOS="361"/>
<String CONTENT="the" HEIGHT="50" WIDTH="94" VPOS="3380" HPOS="401"/>
<SP HEIGHT="33" WIDTH="39" VPOS="3397" HPOS="496"/>
<String CONTENT="end" HEIGHT="50" WIDTH="107" VPOS="3380" HPOS="536"/>
<SP HEIGHT="50" WIDTH="40" VPOS="3380" HPOS="644"/>
<String CONTENT="of" HEIGHT="51" WIDTH="65" VPOS="3378" HPOS="685"/>
<SP HEIGHT="51" WIDTH="36" VPOS="3378" HPOS="751"/>
<String CONTENT="the" HEIGHT="51" WIDTH="92" VPOS="3380" HPOS="788"/>
<SP HEIGHT="54" WIDTH="42" VPOS="3377" HPOS="881"/>
<String CONTENT="fifty-eighth" HEIGHT="69" WIDTH="358" VPOS="3376" HPOS="924"/>
<SP HEIGHT="54" WIDTH="40" VPOS="3379" HPOS="1283"/>
<String CONTENT="General" HEIGHT="54" WIDTH="241" VPOS="3379" HPOS="1324"/>
<SP HEIGHT="52" WIDTH="45" VPOS="3379" HPOS="1566"/>
<String CONTENT="assembly," HEIGHT="67" WIDTH="293" VPOS="3380" HPOS="1612"/>
<SP HEIGHT="50" WIDTH="41" VPOS="3388" HPOS="1906"/>
<String CONTENT="third" HEIGHT="51" WIDTH="154" VPOS="3381" HPOS="1948"/>
</TextLine>
<TextLine HEIGHT="147" WIDTH="1999" VPOS="3457" HPOS="108" CS="1">
<String CONTENT="special" HEIGHT="66" WIDTH="204" VPOS="3457" HPOS="109"/>
<SP HEIGHT="48" WIDTH="32" VPOS="3461" HPOS="314"/>
<String CONTENT="session." HEIGHT="52" WIDTH="227" VPOS="3457" HPOS="347"/>
<SP HEIGHT="47" WIDTH="28" VPOS="3461" HPOS="575"/>
<String CONTENT="May" HEIGHT="61" WIDTH="137" VPOS="3461" HPOS="604"/>
<SP HEIGHT="61" WIDTH="32" VPOS="3461" HPOS="742"/>
<String CONTENT="11," HEIGHT="52" WIDTH="79" VPOS="3461" HPOS="775"/>
<SP HEIGHT="53" WIDTH="31" VPOS="3460" HPOS="855"/>
<String CONTENT="1934." HEIGHT="47" WIDTH="147" VPOS="3460" HPOS="887"/>
<SP HEIGHT="50" WIDTH="65" VPOS="3457" HPOS="1035"/>
<String CONTENT="Kept" HEIGHT="67" WIDTH="155" VPOS="3457" HPOS="1101"/>
<SP HEIGHT="48" WIDTH="28" VPOS="3463" HPOS="1257"/>
<String CONTENT="to" HEIGHT="46" WIDTH="59" VPOS="3465" HPOS="1286"/>
<SP HEIGHT="51" WIDTH="27" VPOS="3458" HPOS="1346"/>
<String CONTENT="date" HEIGHT="51" WIDTH="129" VPOS="3458" HPOS="1374"/>
<SP HEIGHT="50" WIDTH="30" VPOS="3459" HPOS="1504"/>
<String CONTENT="by" HEIGHT="64" WIDTH="72" VPOS="3459" HPOS="1535"/>
<SP HEIGHT="48" WIDTH="30" VPOS="3475" HPOS="1608"/>
<String CONTENT="cumulative" HEIGHT="51" WIDTH="342" VPOS="3460" HPOS="1639"/>
<SP HEIGHT="33" WIDTH="28" VPOS="3478" HPOS="1982"/>
<String CONTENT="annual" HEIGHT="107" WIDTH="1974" VPOS="3479" HPOS="108"/>
<SP HEIGHT="65" WIDTH="30" VPOS="3537" HPOS="244"/>
<String CONTENT="pocket" HEIGHT="66" WIDTH="201" VPOS="3536" HPOS="275"/>
<SP HEIGHT="62" WIDTH="30" VPOS="3540" HPOS="477"/>
<String CONTENT="parts," HEIGHT="64" WIDTH="177" VPOS="3538" HPOS="508"/>
<SP HEIGHT="34" WIDTH="30" VPOS="3554" HPOS="686"/>
<String CONTENT="with" HEIGHT="51" WIDTH="139" VPOS="3534" HPOS="717"/>
<SP HEIGHT="50" WIDTH="31" VPOS="3535" HPOS="857"/>
<String CONTENT="annotations" HEIGHT="54" WIDTH="361" VPOS="3535" HPOS="889"/>
<SP HEIGHT="54" WIDTH="30" VPOS="3535" HPOS="1251"/>
<String CONTENT="from" HEIGHT="52" WIDTH="154" VPOS="3535" HPOS="1282"/>
<SP HEIGHT="46" WIDTH="29" VPOS="3541" HPOS="1437"/>
<String CONTENT="the" HEIGHT="50" WIDTH="94" VPOS="3537" HPOS="1467"/>
<SP HEIGHT="35" WIDTH="31" VPOS="3554" HPOS="1562"/>
<String CONTENT="cases" HEIGHT="34" WIDTH="148" VPOS="3555" HPOS="1594"/>
<SP HEIGHT="32" WIDTH="30" VPOS="3555" HPOS="1743"/>
<String CONTENT="construing" HEIGHT="67" WIDTH="333" VPOS="3537" HPOS="1774"/>
</TextLine>
<TextLine HEIGHT="68" WIDTH="1994" VPOS="3612" HPOS="110">
<String CONTENT="or" HEIGHT="36" WIDTH="63" VPOS="3630" HPOS="110"/>
<SP HEIGHT="33" WIDTH="28" VPOS="3633" HPOS="174"/>
<String CONTENT="applying" HEIGHT="68" WIDTH="281" VPOS="3612" HPOS="203"/>
<SP HEIGHT="62" WIDTH="27" VPOS="3618" HPOS="485"/>
<String CONTENT="the" HEIGHT="50" WIDTH="94" VPOS="3613" HPOS="513"/>
<SP HEIGHT="49" WIDTH="29" VPOS="3613" HPOS="608"/>
<String CONTENT="laws," HEIGHT="55" WIDTH="154" VPOS="3613" HPOS="638"/>
<SP HEIGHT="37" WIDTH="30" VPOS="3631" HPOS="793"/>
<String CONTENT="and" HEIGHT="50" WIDTH="110" VPOS="3613" HPOS="824"/>
<SP HEIGHT="50" WIDTH="30" VPOS="3613" HPOS="935"/>
<String CONTENT="with" HEIGHT="50" WIDTH="139" VPOS="3613" HPOS="966"/>
<SP HEIGHT="51" WIDTH="28" VPOS="3613" HPOS="1106"/>
<String CONTENT="tables" HEIGHT="53" WIDTH="177" VPOS="3613" HPOS="1135"/>
<SP HEIGHT="34" WIDTH="28" VPOS="3632" HPOS="1313"/>
<String CONTENT="and" HEIGHT="51" WIDTH="107" VPOS="3614" HPOS="1342"/>
<SP HEIGHT="50" WIDTH="34" VPOS="3614" HPOS="1450"/>
<String CONTENT="index." HEIGHT="55" WIDTH="185" VPOS="3613" HPOS="1485"/>
<SP HEIGHT="54" WIDTH="68" VPOS="3614" HPOS="1671"/>
<String CONTENT="Chanter" HEIGHT="56" WIDTH="253" VPOS="3614" HPOS="1740"/>
<SP HEIGHT="47" WIDTH="29" VPOS="3619" HPOS="1994"/>
<String CONTENT="24." HEIGHT="47" WIDTH="80" VPOS="3619" HPOS="2024"/>
</TextLine>
<TextLine HEIGHT="147" WIDTH="1994" VPOS="3689" HPOS="112" CS="1">
<String CONTENT="Cities" HEIGHT="55" WIDTH="175" VPOS="3689" HPOS="112"/>
<SP HEIGHT="33" WIDTH="29" VPOS="3710" HPOS="288"/>
<String CONTENT="and" HEIGHT="51" WIDTH="111" VPOS="3691" HPOS="318"/>
<SP HEIGHT="51" WIDTH="27" VPOS="3691" HPOS="430"/>
<String CONTENT="villages" HEIGHT="64" WIDTH="237" VPOS="3692" HPOS="458"/>
<SP HEIGHT="32" WIDTH="33" VPOS="3710" HPOS="696"/>
<String CS="1" CONTENT="&#8230;"/>
<SP HEIGHT="49" WIDTH="68" VPOS="3692" HPOS="785"/>
<String CONTENT="By" HEIGHT="63" WIDTH="90" VPOS="3692" HPOS="854"/>
<SP HEIGHT="59" WIDTH="25" VPOS="3696" HPOS="945"/>
<String CONTENT="the" HEIGHT="52" WIDTH="93" VPOS="3690" HPOS="971"/>
<SP HEIGHT="48" WIDTH="28" VPOS="3709" HPOS="1065"/>
<String CONTENT="publishers&#8217;" HEIGHT="67" WIDTH="338" VPOS="3690" HPOS="1094"/>
<SP HEIGHT="51" WIDTH="28" VPOS="3691" HPOS="1433"/>
<String CONTENT="editorial" HEIGHT="51" WIDTH="266" VPOS="3692" HPOS="1462"/>
<SP HEIGHT="50" WIDTH="25" VPOS="3693" HPOS="1729"/>
<String CONTENT="staff." HEIGHT="53" WIDTH="149" VPOS="3691" HPOS="1755"/>
<SP HEIGHT="54" WIDTH="68" VPOS="3693" HPOS="1905"/>
<String CONTENT="Chicago," HEIGHT="143" WIDTH="1969" VPOS="3693" HPOS="112"/>
<SP HEIGHT="58" WIDTH="39" VPOS="3770" HPOS="267"/>
<String CONTENT="Ill.," HEIGHT="56" WIDTH="113" VPOS="3769" HPOS="307"/>
<SP HEIGHT="56" WIDTH="40" VPOS="3769" HPOS="421"/>
<String CONTENT="Burdette" HEIGHT="50" WIDTH="278" VPOS="3768" HPOS="462"/>
<SP HEIGHT="54" WIDTH="45" VPOS="3767" HPOS="741"/>
<String CONTENT="Smith" HEIGHT="54" WIDTH="188" VPOS="3767" HPOS="787"/>
<SP HEIGHT="50" WIDTH="41" VPOS="3769" HPOS="976"/>
<String CONTENT="company;" HEIGHT="51" WIDTH="305" VPOS="3784" HPOS="1018"/>
<SP HEIGHT="55" WIDTH="48" VPOS="3770" HPOS="1324"/>
<String CONTENT="St." HEIGHT="54" WIDTH="80" VPOS="3770" HPOS="1373"/>
<SP HEIGHT="51" WIDTH="44" VPOS="3772" HPOS="1454"/>
<String CONTENT="Paul," HEIGHT="52" WIDTH="165" VPOS="3771" HPOS="1499"/>
<SP HEIGHT="51" WIDTH="41" VPOS="3772" HPOS="1665"/>
<String CONTENT="Minn.," HEIGHT="57" WIDTH="201" VPOS="3771" HPOS="1707"/>
<SP HEIGHT="54" WIDTH="40" VPOS="3774" HPOS="1909"/>
<String CONTENT="West" HEIGHT="52" WIDTH="156" VPOS="3774" HPOS="1950"/>
</TextLine>
<TextLine HEIGHT="67" WIDTH="1997" VPOS="3846" HPOS="111" CS="1">
<String CONTENT="publishing" HEIGHT="66" WIDTH="333" VPOS="3847" HPOS="111"/>
<SP HEIGHT="48" WIDTH="31" VPOS="3865" HPOS="445"/>
<String CS="1" CONTENT="co.;" HEIGHT="34" WIDTH="77" VPOS="3865" HPOS="477"/>
<SP HEIGHT="53" WIDTH="36" VPOS="3846" HPOS="585"/>
<String CONTENT="Kansas" HEIGHT="51" WIDTH="226" VPOS="3846" HPOS="622"/>
<SP HEIGHT="53" WIDTH="36" VPOS="3846" HPOS="849"/>
<String CONTENT="City," HEIGHT="64" WIDTH="150" VPOS="3846" HPOS="886"/>
<SP HEIGHT="51" WIDTH="32" VPOS="3848" HPOS="1037"/>
<String CONTENT="Mo.," HEIGHT="55" WIDTH="131" VPOS="3848" HPOS="1070"/>
<SP HEIGHT="55" WIDTH="33" VPOS="3848" HPOS="1202"/>
<String CONTENT="Vernon" HEIGHT="52" WIDTH="229" VPOS="3848" HPOS="1236"/>
<SP HEIGHT="51" WIDTH="37" VPOS="3846" HPOS="1466"/>
<String CONTENT="law" HEIGHT="52" WIDTH="108" VPOS="3846" HPOS="1504"/>
<SP HEIGHT="49" WIDTH="33" VPOS="3849" HPOS="1613"/>
<String CONTENT="book" HEIGHT="50" WIDTH="146" VPOS="3849" HPOS="1647"/>
<SP HEIGHT="50" WIDTH="34" VPOS="3849" HPOS="1794"/>
<String CONTENT="company" HEIGHT="35" WIDTH="279" VPOS="3868" HPOS="1829"/>
</TextLine>
<TextLine HEIGHT="47" WIDTH="133" VPOS="3928" HPOS="158" CS="1">
<String CS="1" CONTENT="[c1934]" HEIGHT="47" WIDTH="133" VPOS="3928" HPOS="158"/>
</TextLine>
</TextBlock>
</PrintSpace>
</Page>
</Layout>
</alto>