2350 4196
1133 4004 100 54 786

205 387 262 67 Phillips,
498 390 174 63 Mary
703 388 334 66 Catherine,
1072 392 169 49 1903-

211 467 1956 146 … Discovering consumers. New York, The John Day company [ c 1934 ]
282 618 55 39 31
365 626 42 38 p.
469 617 150 48 diagr.
683 617 56 39 20
742 619 43 20 cm
791 649 7 7 .
896 618 70 39 (On
994 626 159 32 cover:
1178 618 100 39 The
1303 618 126 39 John
1456 619 108 45 Day
1590 618 284 47 pamphlets,
1934 629 73 29 no.
2026 619 80 48 43)

284 674 63 40 At
371 675 123 39 head
519 675 51 39 of
594 674 133 40 title:
759 675 61 41 M.
888 707 7 8 C.
920 674 204 47 Phillips
1150 676 93 38 and
1270 675 50 40 F.
1348 676 42 39 J.
1419 674 210 41 Schlink.

213 741 1980 52 © May 24, 1934 ; 2c. May 24; aff. May 25; A 72491; M. C. Phillips and
280 802 51 41 F.
356 803 41 38 J.
427 801 209 46 Schlink,
661 801 334 47 Washington,
1021 802 54 40 X.
1102 803 41 38 J.
1215 802 277 47 (34-17080)

207 920 150 63 Polo,
390 921 217 63 Marco,
641 921 342 53 125T-1323?

277 993 1917 56 The travels of Marco Polo … revised and edited with an
208 1072 385 53 introduction
646 1072 74 69 by
772 1072 232 53 Manuel
1055 1071 291 69 Komroff;
1403 1072 378 55 illustrations
1832 1073 76 69 by
1960 1073 233 53 Nikolai

207 1149 423 70 Fyodorovitch
662 1150 273 68 Lapshin.
1005 1150 139 53 New
1178 1150 179 69 York,
1390 1149 241 54 Printed
1666 1150 94 53 for
1793 1152 95 52 the
1919 1151 274 53 members

206 1228 64 53 of
296 1229 94 52 the
419 1228 250 53 Limited
699 1228 243 53 editions
972 1227 144 68 club,
1147 1230 148 51 1934.

274 1300 28 40 2
328 1312 42 30 v.
431 1301 83 40 col.
545 1300 128 41 illus.
732 1300 56 40 21½
822 1302 44 22 cm
871 1333 6 7 .

276 1357 160 47 Paged
465 1356 351 48 continuously.

276 1414 127 40 Title
428 1415 49 37 in
504 1412 204 42 Chinese
737 1413 101 40 also
865 1424 61 28 on
952 1416 96 45 t.-p.
1076 1414 96 39 and
1198 1424 60 28 on
1284 1422 151 31 cover.

279 1470 145 39 “This
459 1469 183 41 edition
676 1469 54 40 of
760 1469 99 41 The
895 1471 182 39 travels
1113 1469 51 40 of
1198 1468 162 40 Marco
1397 1469 114 40 Polo
1549 1469 206 40 consists
1790 1469 51 40 of
1875 1469 166 41 fifteen
208 1470 1968 96 hundred

353 1525 1842 49 copies designed and printed … by Lester Douglas at the printing
206 1580 129 42 office
362 1582 53 41 of
438 1582 129 40 Judd
594 1583 94 39 and
714 1582 275 46 Detweiler,
1018 1582 104 48 inc.,
1150 1582 49 39 in
1227 1581 334 47 Washington,
1590 1582 80 40 the
1700 1582 326 41 illustrations
2053 1582 141 48 being

208 1636 57 51 by
304 1640 81 39 the
421 1638 214 40 Russian
672 1639 158 45 artist,
871 1638 195 40 Nikolai
1104 1637 352 48 Fyodorovitch
1495 1637 228 51 Lapshin,
1764 1640 105 38 who
1910 1640 113 39 here
2062 1640 130 46 signs

207 1693 1502 50 this copy … This being copy number Copyright copy.”
206 1763 51 52 ©
293 1769 114 45 May
437 1767 39 46 2,
511 1767 116 39 1934
643 1777 7 36 ;
687 1767 67 40 2c.
786 1767 116 39 each
937 1767 95 38 and
1066 1764 80 41 aff.
1181 1767 126 38 June
1341 1766 80 47 13;
1459 1767 41 38 A
1532 1766 169 47 72758;
1740 1767 209 40 Limited
1982 1767 208 41 editions

275 1825 119 46 club,
429 1824 90 40 inc.
584 1823 280 49 [Copyright
898 1823 40 39 is
973 1823 202 39 claimed
1211 1833 60 30 on
1305 1822 189 40 revised
1528 1827 117 44 text,
1682 1823 341 47 introduction,
277 1823 1896 98 illustrations
518 1882 95 38 and
647 1880 179 48 design]
903 1879 277 48 (34-16318)

197 1997 201 66 Poore,
428 1999 206 63 Henry
661 1998 251 64 Rankin,
945 2001 169 49 1859-

277 2075 294 67 Thinking
605 2073 244 68 straight
889 2093 70 33 on
993 2075 233 52 modern
1262 2080 104 59 art,
1401 2074 72 67 by
1509 2074 200 68 Henry
1745 2072 226 54 Rankin
2010 2073 177 53 Poore

268 2151 1293 69 … New York, G. P. Putnam’s sons, 1934.
274 2225 85 39 xxi
389 2236 56 38 p.,
474 2227 25 37 1
563 2257 8 15 l.,
597 2224 177 40 25-123
801 2236 42 36 p.
899 2224 162 49 front.,
1092 2227 168 45 plates.
1319 2224 57 40 20½cm.

278 2283 69 39 “A
381 2282 344 41 condensation
759 2282 127 39 from
924 2282 214 39 ‘Modern
1174 2284 102 45 art;
1318 2283 122 46 why,
1480 2284 133 38 what
1651 2284 94 38 and
1782 2284 118 39 how’
1941 2285 94 38 and
2074 2284 112 39 ‘The

205 2340 279 48 conception
516 2339 50 40 of
596 2338 494 41 art’.”—Publisher’s
1121 2342 123 37 note.

204 2412 51 52 ©
281 2418 112 45 May
418 2416 69 47 23,
512 2416 113 39 1934
644 2426 7 35 ;
679 2415 64 39 2c.
772 2416 112 45 May
906 2414 83 46 29;
1019 2413 80 41 aff.
1126 2415 125 38 June
1275 2414 52 46 2;
1356 2415 43 37 A
1422 2414 140 39 71923
1583 2425 8 35 ;
1621 2415 57 37 H.
1707 2415 54 40 R.
1790 2416 163 46 Poore,
1983 2414 201 48 Orange,

274 2473 54 40 N.
357 2474 40 38 J.
465 2472 280 49 [Copvright
771 2472 40 39 is
839 2471 203 40 claimed
1070 2482 58 28 on
1155 2481 107 29 new
1286 2473 178 37 matter
1492 2472 95 38 and
1615 2471 224 48 revision]

285 2530 278 48 (34-17213)

199 2646 446 63 Prentice-Hall,
676 2646 128 62 inc.,
832 2648 138 51 New
1001 2646 175 53 York.

271 2724 396 67 Explanatory
696 2722 183 69 digest
903 2722 247 68 relating
1175 2730 56 45 to
1259 2723 217 52 federal
1502 2729 155 46 taxes
1684 2723 178 52 under
1887 2723 93 50 the
203 2723 1955 130 Revenue
344 2808 88 46 act
465 2804 62 51 of
563 2806 146 48 1934.
785 2802 155 67 May,
977 2805 150 61 1934,
1161 2801 80 51 ed.
1324 2801 155 66 [New
1519 2801 177 66 York]
1736 2799 448 62 Prentice-Hall,

202 2877 122 67 inc.,
351 2886 17 20 c
373 2882 147 50 1934.

273 2951 56 40 48
358 2961 29 37 p
464 2950 53 39 21½
616 2951 54 41 ×91
673 2954 43 20 cm

204 3003 1978 52 © May 10, 1934; 2c. May 16; aff. June 4: A 72598: Prentice-Hall, inc.
281 3064 278 49 (34-17087)

273 3183 240 51 Federal
548 3184 262 51 Revenue
845 3190 89 45 act
969 3183 62 52 of
1068 3187 159 62 1934;
1264 3183 139 51 with
1439 3183 272 51 amended
1747 3201 61 33 or
1842 3181 338 66 unrepealed

202 3258 318 68 provisions
552 3259 62 52 of
646 3263 150 64 1926,
829 3265 132 49 1928
996 3262 109 51 and
1140 3264 132 49 1932
1306 3266 131 61 acts,
1472 3261 111 51 and
1618 3261 255 51 footnote
201 3259 1955 130 comparisons

357 3343 57 46 to
443 3337 214 51 income
684 3346 97 43 tax
809 3337 318 67 provisions
1157 3338 61 54 of
1249 3342 131 49 1928
1412 3338 111 52 and
1554 3341 131 49 1932
1716 3343 132 48 acts,
1879 3355 57 33 as
1965 3336 124 52 well
2122 3355 57 32 as

203 3412 1916 69 tables showing computation of income, estate and gift taxes …
207 3491 154 65 [New
389 3491 177 67 York]
598 3492 447 64 Prentice-Hall,
1071 3494 123 64 inc.,
1221 3500 17 20 c
1244 3497 148 49 1934.

275 3563 60 45 vi,
363 3564 86 39 249
474 3574 42 36 p.
576 3565 55 38 23
635 3566 43 20 cm
684 3598 7 7 .

205 3617 1976 51 © May 10, 1934 ; 2c. May 16; aff. June 4; A 72600: Prentice-Hall, inc.
284 3676 276 48 (34-17088)

272 3796 258 51 Revenue
555 3800 89 46 act
666 3793 62 53 of
754 3798 149 62 1934,
925 3795 138 52 with
1088 3796 374 66 explanatory
1483 3795 198 67 digest.
1742 3795 154 65 May,
1923 3798 149 61 1934,
2096 3793 81 52 ed.

208 3871 152 64 [New
392 3872 175 66 York]
603 3871 446 66 Prentice-Hall,
1077 3872 121 52 inc..
1226 3879 17 20 c
1249 3877 146 47 1934.

273 3943 163 46 xxxvi,
468 3944 60 46 vi,
560 3943 85 39 249
673 3955 41 36 p.
774 3942 53 41 23½
861 3946 44 20 cm
911 3976 6 7 .
