2350 4196
1082 4086 98 47 203

144 442 1970 149 Nebraska and North western digest. January, 1934, cumulative pamphlet … St. Paul,
1155 524 158 52 West
1347 520 335 68 publishing
1717 540 78 34 co.
1837 554 11 32 [
1854 527 17 20 c
1878 524 134 48 1934
2017 553 10 33 ]

211 598 270 47 286 p. 24 cm.
145 651 1697 51 © Jan. 18. 1934; 2c. and aff. Feb. 23; A 69595; West pub. co.
145 757 234 66 Nelson,
412 759 153 53 John
596 757 227 65 Albert,
856 759 170 50 1890-

143 832 1976 135 Judging dairy products, by John A. Nelson … and G. Malcolm
144 911 1974 151 Trout … Milwaukee, Wis., The Olsen publishing company [c1934]
213 1064 882 52 6 p. l., [15]-145, [1] p. illus. 21½cm.
244 1124 315 41 "References”:
626 1125 53 48 [1]
712 1135 42 37 p.
785 1127 51 36 at
867 1124 103 39 end.

143 1178 1691 53 © Jan. 10. 1934; 2c. and aff. Feb. 1: A 70079; Olsen pub. co.
219 1241 249 48 (34-4653)

146 1345 141 51 New
317 1343 161 52 York
512 1343 216 66 (State)
816 1346 276 62 Supreme
1123 1348 174 48 court.

275 1419 1864 69 … Reports of cases heard and determined in the appellate
145 1494 1995 71 division … Austin B. Griffin, reporter, v. 238, 1934. [Official
143 1580 102 65 ed.]
313 1579 248 65 Albany,
636 1621 7 8 J.
678 1580 60 50 B.
766 1580 161 63 Lyon
956 1594 295 49 company,
1281 1579 150 51 1934.

210 1653 116 41 iviii,
360 1653 82 38 935
475 1663 39 36 p.
579 1652 51 37 23½cm.

143 1706 1995 52 © Feb. 15, 1934; 2c. Feb. 19: aff. Feb. 17; A 69497: Edward J. Flynn,
211 1770 246 43 secretary
491 1766 51 38 of
577 1767 83 38 the
694 1767 127 37 state
858 1765 50 38 of
943 1765 115 38 New
1095 1765 142 46 York,
1275 1765 50 37 in
1361 1766 132 38 trust
1526 1764 79 40 for
1643 1765 81 39 the
1761 1764 178 40 benefit
1972 1765 51 39 of
2059 1765 81 40 the

211 1825 165 46 people
403 1824 51 39 of
481 1825 80 37 the
589 1825 140 43 state,
759 1822 201 46 Albany.

146 1927 233 64 Newell,
411 1928 252 51 Edward
693 1926 320 64 Theodore,
1045 1928 169 49 1886-

212 2008 136 50 Two
388 2006 208 51 hoards
638 2004 151 52 from
825 2003 317 66 Minturno,
1179 2003 75 66 by
1293 2004 254 52 Edward
1587 2006 63 50 T.
1693 2005 230 52 Newell.
2001 2007 133 50 New

145 2084 175 65 York,
351 2084 120 51 The
500 2083 303 52 American
835 2081 360 52 numismatic
1225 2082 228 65 society,
1487 2085 149 49 1933.

215 2153 1922 51 2 p. l., 38 p. illus., plates. 16½cm. (Half-title: Numismatic notes and
144 2214 334 45 monographs,
591 2223 39 28 [no.
663 2211 97 49 60])

142 2268 50 51 ©
224 2273 108 37 Dec.
365 2271 67 40 23,
465 2270 110 39 1933;
637 2270 65 38 2c.
736 2270 93 38 and
863 2268 80 39 aff.
975 2268 109 39 Feb.
1117 2268 37 41 8,
1187 2267 113 40 1934;
1362 2268 41 38 A
1434 2267 141 40 70151;
1638 2268 157 38 Amer.
1829 2267 311 40 numismatic

208 2339 91 27 soc.
373 2327 250 47 (34-4202)

145 2431 193 51 North
384 2433 237 50 eastern
668 2429 202 67 digest,
914 2429 266 68 covering
1224 2430 75 51 all
1346 2448 149 33 cases
1539 2430 268 68 reported
1849 2430 59 51 in
1951 2429 188 54 North

213 2515 218 45 eastern
485 2513 272 62 reporter,
809 2507 138 52 with
1002 2513 224 48 current
1280 2508 344 51 cumulative
1676 2509 204 66 pocket
1931 2508 209 53 service

214 2585 1924 69 keeping the digest always to date … By the publisher’s
213 2665 266 51 editorial
508 2661 149 55 staff,
734 2683 49 33 v.
816 2668 186 47 31-34.
1082 2663 82 54 St.
1192 2665 166 65 Paul,
1387 2665 201 66 Minn.,
1617 2667 161 52 West
1805 2664 334 68 publishing

212 2763 76 34 co.
325 2777 13 33 [
343 2750 17 20 c
365 2746 151 63 1934]

206 2820 27 38 4
264 2827 39 30 v.
365 2817 58 40 26
424 2820 43 20 cm
474 2850 6 7 .

481 2871 1659 41 CONTENTS. — v. 31. Torts-Trial. — v. 32. Trover anti conversion-
138 2932 356 39 Wharves.—v.
525 2930 73 40 33.
627 2931 261 38 Wills.—v.
919 2928 74 41 34.
1021 2930 450 39 Witnesses-Work
1501 2932 95 37 and
1626 2931 150 38 labor.

143 2985 1995 51 © Jan. 29, 1934; 2c. each and affs. Feb. 23; A 69602-69605; West pub.
208 3057 66 28 co.

143 3148 194 53 North
381 3153 237 48 eastern
663 3148 200 67 digest.
939 3150 280 66 January,
1263 3151 151 63 1934,
1457 3150 344 52 cumulative
1842 3150 298 66 pamphlet

273 3225 1248 69 … St. Paul, West publishing co. [ c 1934 ]
211 3300 84 40 317
326 3310 40 37 p,
426 3300 26 38 2½cm.

142 3352 50 51 ©
222 3357 107 39 Jan.
356 3357 68 41 29.
453 3355 113 40 1934;
622 3357 67 39 2c.
719 3358 93 38 and
842 3356 79 40 aff.
952 3357 110 39 Feb.
1089 3357 56 39 23;
1203 3358 40 37 A
1271 3357 169 47 69591;
1472 3358 138 39 West
1636 3358 107 46 pub.
1775 3367 63 29 co.

144 3458 191 53 North
373 3464 257 48 western
670 3460 200 67 digest.
946 3463 280 65 January,
1267 3464 150 63 1934,
1456 3461 343 53 cumulative
1839 3460 297 68 pamphlet

353 3537 936 69 St. Paul, West publishing co. [c1934]
205 3611 59 39 286
321 3622 41 36 p.
421 3612 25 38 2½cm.

142 3663 1696 52 © Jan. 18, 1934; 2c. and aff. Feb. 23; A 69598; West pub. co.
140 3769 215 64 Noyes,
383 3772 249 62 Morgan
660 3772 234 64 Phelps,
927 3777 171 48 1891-
1310 3790 178 49 comp.

208 3845 243 69 Prayers
482 3846 94 53 for
604 3849 266 66 services;
902 3867 31 34 a
961 3850 231 51 manual
1223 3848 94 52 for
1346 3848 218 53 leaders
1594 3846 64 55 of
1687 3845 269 68 worship,
139 3862 1970 125 compiled

324 3925 113 51 and
468 3925 189 52 edited
689 3925 74 69 by
796 3926 246 69 Morgan
1075 3926 213 68 Phelps
1322 3926 203 68 Noyes.
1596 3925 137 52 New
1771 3923 179 67 York,
140 3922 1970 141 London,

300 4000 61 55 C.
395 4001 312 55 Scribner’s
736 4022 147 41 sons,
915 4007 150 50 1934.
