2350 4196
1140 4085 97 50 105

233 586 224 42 Lettered
490 596 59 28 on
583 593 165 31 cover:
783 583 117 40 New
933 582 127 40 York
1094 578 269 49 university
1399 576 308 49 symposium.
1772 574 295 42 Conference
2102 586 58 28 on

165 645 79 38 the
270 643 203 40 relation
500 642 50 38 of
576 641 92 39 law
692 641 96 39 and
814 639 235 46 business,
1078 637 114 40 New
1220 636 129 39 York
1377 633 284 47 university.

234 698 373 48 Bibliography:
637 707 43 37 p.
711 695 99 42 203.

168 754 50 51 ©
249 759 126 46 Sept.
433 757 37 42 15,
500 756 138 40 1933;
668 755 64 39 2c.
761 755 117 39 Nov.
906 753 58 39 16;
1018 753 81 39 aff.
1128 753 109 38 Dec.
1267 752 57 38 28;
1379 751 41 37 A
1476 749 116 39 67822;
1649 748 276 40 Commerce
235 745 1928 109 clearinghouse.
429 814 88 38 inc.
590 811 249 48 (34-2129)

168 933 144 52 New
345 933 159 51 York
539 930 375 69 supplement.
993 929 171 54 Cases
1195 927 213 68 argued
1445 926 109 51 and
1591 925 350 53 determined
1981 924 56 50 in
2070 922 94 52 the

241 1008 177 56 Court
458 1011 62 49 of
560 1008 251 69 appeals.
855 1007 274 67 Supreme
1172 1006 109 53 and
1320 1005 171 52 lower
1532 1009 189 47 courts
1762 1002 64 52 of
1868 1002 195 52 record
2104 1001 62 51 of

239 1088 136 55 New
430 1089 159 51 York
641 1092 143 47 state.
855 1087 138 50 with
1045 1086 106 67 key
1201 1085 237 50 number
1489 1081 381 53 annotations,
1946 1099 50 32 v.
2048 1080 118 51 265.

238 1165 533 69 July-September,
805 1168 145 48 1933.
1030 1164 83 54 St.
1145 1164 164 53 Paul.
1336 1165 160 52 West
1525 1160 335 68 publishing
1888 1176 98 40 co.,
2020 1160 147 51 1933.

236 1245 18 36 1
290 1249 39 31 v.
388 1242 55 37 23½
477 1244 43 19 cm
525 1272 7 6 .

238 1298 206 41 Various
475 1297 214 48 pagings.

173 1352 50 51 ©
259 1357 109 39 Dec.
403 1357 36 39 8.
476 1354 111 41 1933;
650 1355 65 38 2c.
751 1354 93 38 and
880 1353 80 38 aff.
997 1352 108 39 Jan.
1141 1351 66 42 19,
1244 1350 113 39 1934;
1422 1350 40 37 A
1495 1347 143 41 69101;
1703 1349 134 38 West
1873 1347 107 47 pub.
2016 1357 66 31 co.

172 1472 329 66 O’Faoláin,
532 1474 170 62 Seán,
736 1473 170 50 1900-

242 1553 54 51 A
325 1555 122 48 nest
473 1551 61 53 of
559 1551 203 66 simple
790 1548 125 52 folk
948 1548 51 67 [by]
1093 1549 144 55 Seán
1266 1548 334 54 O’Faoláin.
1677 1546 138 52 New
1845 1545 178 55 York,
2052 1544 119 52 The

178 1629 215 69 Viking
424 1648 171 48 press,
629 1631 149 51 1934.

240 1700 1049 51 4 p. l., 3-398 p. incl. geneal, tab. 21 cm .
176 1757 50 51 ©
259 1761 107 40 Jan.
398 1763 38 39 2.
469 1760 112 39 1934;
641 1761 64 38 2c.
743 1759 104 39 Feb.
882 1760 52 38 17;
995 1759 80 39 aff.
1108 1758 107 40 Jan.
1247 1759 25 36 4;
1335 1758 38 37 A
1404 1756 169 47 69509;
1608 1755 180 45 Viking
1819 1764 147 38 press,
2001 1754 90 41 inc.

175 1878 211 55 Pacific
416 1884 268 58 reporter
717 1880 101 63 (2d
852 1879 144 61 ser.)

178 1950 1999 154 Temporary Pacific digest of volumes 21-25, Pacific reporter, Second series, with table of cases digested … By the
182 2112 334 67 publisher's
572 2111 264 54 editorial
891 2110 150 56 staff.
1122 2111 79 55 St.
1260 2113 163 56 Paul,
1477 2113 158 54 West
1694 2111 333 67 publishing
2080 2128 98 41 co.,

180 2194 149 50 1933.

243 2268 85 39 444
356 2277 43 36 p.
455 2267 57 38 24
514 2268 43 21 cm
564 2296 5 7 .

181 2319 50 51 ©
258 2324 110 40 Dec.
394 2324 68 40 23,
489 2323 138 40 1933;
658 2323 65 38 2c.
752 2323 94 38 and
872 2321 79 40 aff.
981 2322 107 40 Jan.
1117 2322 66 41 19.
1212 2321 139 42 1934;
1384 2322 39 38 A
1450 2321 169 47 69084;
1650 2320 135 40 West
1812 2321 108 47 pub.
1949 2331 66 29 co.

203 2442 172 64 [Park,
404 2442 304 52 Hamilton
741 2442 174 67 Grey]

248 2516 120 55 The
404 2523 226 47 senator
665 2516 152 55 from
856 2516 324 69 Sandpit’s;
1218 2524 159 47 notes
1412 2536 71 35 on
1519 2518 95 52 the
1652 2516 115 54 cuff
1804 2516 378 68 department.

185 2593 148 68 [Salt
357 2595 156 52 Lake
545 2594 152 70 City,
728 2596 119 52 The
879 2596 261 53 Western
1173 2596 265 70 printing
1468 2613 299 52 company,
1798 2601 17 21 c
1820 2597 153 65 1933]

245 2671 58 40 48
331 2681 41 37 p.
431 2670 54 40 23
490 2673 43 20 cm
539 2704 6 6 .

249 2727 289 41 Dedication
569 2727 167 48 signed:
799 2728 253 40 Hamilton
1085 2728 50 40 G.
1170 2727 142 42 Park.

256 2785 293 48 “Reprinted
577 2785 209 48 through
817 2787 224 45 courtesy
1070 2786 50 38 of
1150 2786 80 40 the
1262 2785 104 40 Salt
1396 2785 131 40 Lake
1557 2783 235 42 tribune."

185 2837 50 51 ©
270 2842 110 39 Dec.
414 2842 68 41 18.
516 2842 139 46 1933;
692 2842 65 40 2c.
792 2844 93 37 and
920 2841 81 41 aff.
1036 2843 109 40 Jan.
1179 2843 39 40 2.
1253 2842 140 42 1934;
1432 2843 39 37 A
1505 2839 170 50 67794;
1713 2842 58 40 H.
1809 2841 51 38 G.
1898 2841 141 40 Park,
2079 2839 104 41 Salt.

253 2898 130 41 Lake
415 2899 121 47 City.
614 2899 249 48 (34-2174)

187 3009 208 65 Pukui,
421 3011 139 51 Mrs.
588 3010 172 63 Mary
787 3009 255 67 Wiggin,
1073 3028 175 50 comp.
1278 3012 114 51 and
1421 3017 67 46 tr.

253 3085 307 53 Hawaiian
591 3086 124 52 folk
743 3088 158 65 tales,
930 3087 158 53 third
1117 3087 183 68 series,
1329 3088 266 52 collected
1628 3088 111 53 and
1769 3085 316 54 translated
2111 3085 75 67 by

183 3162 168 70 Mary
395 3164 238 68 Wiggin
679 3164 207 53 Pukui.
962 3164 448 70 Poughkeepsie,
1454 3166 68 52 N.
1570 3165 90 67 Y.,
1702 3165 215 53 Vassar
1959 3164 227 68 college,

187 3244 148 50 1933.

256 3315 25 39 2
311 3326 41 37 p.
403 3347 21 16 l.,
455 3327 40 36 p.
545 3315 231 49 [127]-185,
811 3317 52 48 [1]
895 3328 41 36 p.
997 3318 54 39 23
1056 3319 43 21 cm
1106 3349 7 7 .
1212 3316 72 40 (On
1310 3327 162 30 cover:
1500 3316 333 42 Publications
1862 3317 51 39 of
1942 3318 80 37 the
188 3314 1982 99 Folklore
319 3373 290 40 foundation.
684 3385 73 29 no.
791 3373 79 47 13)

259 3431 128 40 Most
418 3430 50 39 of
501 3432 81 37 the
614 3431 103 39 text
748 3431 42 39 is
822 3431 48 38 in
902 3430 264 40 Hawaiian
1196 3432 96 38 and
1327 3431 214 48 English,
1576 3441 60 29 on
1668 3429 217 48 opposite
1916 3438 160 37 pages.

191 3483 1997 111 The paging continues that of the “Hawaiian stories and wise sayings", first series, 1923, and “Folk-tales from Hawaii … Second series",
190 3600 126 49 1926,
357 3602 114 38 both
511 3600 234 48 compiled
786 3601 58 46 by
884 3601 158 39 Laura
1085 3601 48 40 C.
1175 3601 43 40 S.
1260 3601 169 48 Green,
1469 3601 142 48 being
1648 3611 74 29 no.
1760 3600 25 39 3
1824 3599 95 39 and
1957 3600 25 37 7
2020 3597 49 40 of
2108 3597 81 39 the

190 3657 288 41 foundation
510 3658 162 39 series,
735 3658 60 46 cf.
825 3659 134 45 Note,
991 3657 165 48 signed
1188 3658 195 40 Martha
1415 3656 265 42 Beckwith.

197 3712 50 51 ©
284 3716 109 39 Dec.
430 3716 67 41 21,
535 3716 112 39 1933;
713 3715 64 40 2c.
816 3716 94 38 and
947 3715 80 40 aff.
1066 3716 108 39 Jan.
1212 3716 37 41 5,
1287 3713 140 43 1934;
1467 3715 41 38 A
1544 3713 168 47 67861;
1755 3713 193 38 Martha
1987 3711 205 40 Warren

261 3772 263 42 Beckwith,
558 3771 376 49 Poughkeepsie.
967 3771 56 42 N.
1056 3772 52 40 Y.
1180 3772 250 49 (34-2102)

195 3885 222 56 Punch,
493 3908 50 32 v.
571 3893 117 64 185,
712 3909 87 34 no.
825 3893 155 62 4826,
1005 3892 308 51 December
1338 3893 83 63 20,
1450 3892 149 49 1933.

200 3954 1994 59 © 1c. Feb. 16, 1934; A ad int. 18675; pubd. Dec. 20, 1933; Herbert
266 4019 232 49 Heather,
529 4020 211 41 London.
