2350 4196
1100 4062 131 52 1431

160 421 263 66 Siberell,
451 422 184 64 Lloyd
664 424 308 52 Emerson.

228 501 56 51 A
312 499 406 68 bibliography
746 498 64 53 of
838 499 94 52 the
962 499 121 51 first
1114 496 243 54 editions
1386 498 63 52 of
1475 498 155 54 John
1664 497 239 70 Cowper
1932 501 222 64 Powys,

162 578 72 68 by
277 578 184 66 Lloyd
507 578 274 52 Emerson
832 574 266 69 Siberell;
1148 573 139 55 with
1331 594 71 34 an
1447 575 388 54 introduction
1879 579 74 64 by
1999 577 154 54 John

162 654 238 68 Cowper
432 657 220 65 Powys.
724 653 345 67 Cincinnati,
1102 654 118 53 The
1252 653 311 53 Ailanthus
1597 672 171 49 press,
1803 658 148 50 1934.

231 728 53 41 53
315 736 42 37 p.
419 727 127 41 illus.
575 727 239 48 (facsim.)
882 727 55 39 21½
970 728 43 22 cm
1020 759 7 6 .

238 786 145 39 “This
420 785 107 40 first
561 786 95 39 and
693 786 109 45 only
839 783 285 41 authorized
1158 782 333 48 bibliography
1528 783 49 39 of
1613 784 80 40 the
1726 784 104 39 first
1866 785 209 39 editions
2109 785 49 39 of

166 835 1993 60 John Cowper Powys … is limited to 350 numbered copies of which 320
165 893 1005 53 are for sale … This is copy no. 50.”
237 956 225 39 Includes
487 955 103 40 also
616 966 26 29 a
671 956 83 39 list
779 956 51 38 of
860 953 390 42 “Introductions
1276 954 59 46 by
1363 953 127 40 John
1518 953 199 49 Cowper
1743 955 170 48 Powys
1939 958 48 36 to
2014 956 146 39 books

168 1012 139 39 other
341 1013 119 39 than
497 1012 75 40 his
609 1012 134 40 own”
790 1011 67 50 (p.
894 1011 80 47 49)
1019 1013 94 38 and
1151 1008 280 48 “Magazine
1469 1009 197 43 articles
1700 1012 60 46 by
1796 1012 128 40 John
1960 1012 199 48 Cowper

168 1066 197 49 Powys”
404 1070 68 46 (p.
502 1068 169 48 50-52)

167 1122 50 53 ©
247 1127 101 40 Oct.
377 1127 37 43 8,
444 1126 139 42 1934;
615 1125 64 41 2c.
710 1128 98 38 and
833 1125 80 42 al’f.
946 1126 101 42 Oct.
1075 1125 55 39 19
1148 1136 8 35 ;
1188 1127 42 38 A
1256 1124 142 40 76649
1416 1136 8 29 ;
1456 1125 50 40 L.
1536 1126 52 39 E.
1623 1125 214 47 Siberell,
1868 1124 293 43 Cincinnati.

243 1181 279 52 (34-35849)

164 1298 247 66 Sowers,
440 1300 137 52 Mrs.
610 1300 228 64 Phyllis
867 1300 222 66 (Ayer)

236 1376 148 52 Let’s
418 1393 71 50 go
529 1376 197 51 ’round
763 1376 95 52 the
894 1375 179 54 world
1112 1375 138 54 with
1288 1376 123 51 Bob
1450 1375 113 53 and
1599 1376 192 68 Betty,
1827 1377 71 67 by
1936 1376 225 68 Phyllis

168 1453 149 68 Ayer
345 1452 236 55 Sowers.
647 1453 134 53 New
814 1452 177 68 York,
1017 1453 227 55 Grosset
1273 1455 43 49 &
1345 1453 234 70 Dunlap
1614 1488 11 33 [
1631 1461 16 21 c
1654 1457 134 48 1934
1796 1489 10 33 ]

234 1523 86 40 125
346 1535 42 37 p.
449 1525 127 40 illus.
606 1525 135 49 (part
771 1525 111 48 col.)
949 1526 56 40 26
1007 1528 43 21 cm
1057 1558 7 8 .

235 1582 286 40 Illustrated
551 1582 349 48 lining-papers
931 1584 47 38 in
1006 1584 142 38 color.

168 1637 51 53 ©
252 1643 100 40 Oct.
386 1642 68 46 15,
486 1640 140 49 1934;
661 1641 66 42 2c.
758 1641 95 41 and
886 1641 81 42 aff.
1001 1642 99 40 Oct.
1135 1643 81 46 17;
1252 1643 39 38 A
1324 1642 169 46 76584;
1530 1643 201 41 Grosset
1762 1646 35 38 A
1830 1644 208 48 Dunlap,
2072 1646 90 40 inc.

246 1698 280 51 (34-36020)

165 1800 419 66 Timmerman,
615 1802 268 54 Leonard
915 1801 72 56 A.

237 1875 256 55 Sensible
518 1876 453 71 programming,
996 1878 74 69 by
1095 1878 64 51 L.
1184 1879 71 52 A.
1281 1877 404 55 Timmerman.
1749 1879 419 71 Indianapolis,

167 1953 146 69 Ind,
340 1954 121 53 The
488 1954 207 69 Rough
723 1961 158 48 notes
908 1973 298 51 company,
1235 1958 106 52 inc.
1378 1990 13 34 [
1395 1962 18 22 c
1419 1960 136 50 1934]

236 2037 43 32 x,
306 2027 85 39 207
418 2037 42 37 p.
491 2027 75 40 incl.
627 2028 192 46 diagrs..
849 2029 166 39 forms.
1077 2028 55 39 19
1135 2031 15 20 cm
1184 2062 7 7 .

172 2080 51 52 ©
262 2086 103 40 Oct.
401 2087 69 39 10.
508 2084 140 44 1934;
688 2086 67 40 2c.
795 2086 102 41 Oct.
933 2088 83 41 15;
1057 2087 82 42 aff.
1176 2088 101 40 Oct.
1316 2089 83 46 18;
1438 2090 42 38 A
1515 2089 171 48 75805;
1726 2091 233 41 National
239 2089 1912 98 underwriter
436 2155 80 28 co..
549 2143 292 41 Cincinnati.
913 2144 278 48 (34-35831)

168 2245 341 66 Treffinger,
540 2247 272 65 Carolyn.

235 2322 267 68 Jimmy’s
542 2323 175 68 shoes,
756 2324 75 67 by
868 2323 253 70 Carolyn
1159 2326 336 70 Treffinger;
1537 2328 324 55 illustrated
1900 2331 73 66 by
2012 2332 155 52 Ruth

169 2401 63 54 C.
286 2401 275 68 Collings.
637 2400 429 71 Philadelphia,
1117 2403 119 54 The
1288 2405 163 53 Penn
1503 2404 334 72 publishing
1889 2427 279 50 company

171 2512 12 34 [
189 2486 17 20 c
212 2482 135 50 1934
350 2512 13 33 ]

237 2551 88 41 219
352 2563 42 38 p.
455 2553 163 47 front.,
650 2553 144 47 illus.,
824 2553 171 48 plates.
1056 2553 58 41 19½
1144 2555 43 23 cm
1191 2586 8 9 .

239 2609 288 41 Illustrated
563 2608 363 50 lining-papers.

174 2661 51 53 ©
255 2666 102 41 Oct.
382 2667 39 39 2.
450 2665 112 41 1934
584 2677 8 31 ;
621 2666 66 40 2c.
716 2666 93 39 and
838 2665 80 41 aff.
950 2667 101 40 Oct.
1080 2667 80 40 30;
1194 2669 41 38 A
1260 2668 170 47 77024;
1463 2670 48 41 C.
1541 2672 275 47 Treffinger,
1846 2672 324 50 Wadsworth,

243 2723 49 40 O.
365 2722 282 50 (34-36038)

170 2822 226 67 Tweed,
430 2825 259 54 Thomas
723 2824 291 68 Frederic,
1053 2831 169 51 1890-

245 2902 174 53 Blind
470 2903 244 53 mouths,
765 2922 31 33 a
846 2905 182 66 novel,
1077 2905 75 67 by
1200 2908 247 53 Thomas
1499 2910 64 53 F.
1617 2912 220 53 Tweed.
1914 2914 257 66 London,

175 2979 68 54 A.
273 2980 238 68 Barker,
540 2982 101 52 ltd.
678 2985 169 64 [1934]

244 3051 559 50 3 p. l. , 386 p. 20½ cm .
247 3109 138 48 Maps
417 3119 59 29 on
508 3108 363 51 lining-papers.

248 3163 162 42 “First
440 3164 226 43 edition.”

179 3218 1993 66 © 1c. Oct. 20, 1934; A ad int. 19463; pubd. Aug. 23; T. F. Tweed,
247 3280 210 39 London.
529 3279 281 49 (34-36564)

178 3380 257 54 Welfare
471 3382 226 55 council
730 3385 65 53 of
830 3385 145 54 New
1010 3387 161 53 York
1208 3390 142 64 city.
1422 3392 284 54 Research
1743 3394 226 54 bureau.

307 3456 1871 84 … Heads of families by color and nativity and country of
181 3532 150 54 birth
368 3534 64 52 of
468 3535 225 69 foreign
729 3537 143 53 born
910 3541 163 52 head,
1109 3542 74 68 by
1219 3544 193 53 health
1453 3563 175 36 areas.
1667 3545 138 52 Now
1843 3549 163 51 York
2043 3549 134 68 city.

185 3612 1993 81 1930 … New York city, Research bureau, Welfare council
179 3686 63 52 of
272 3688 137 53 New
443 3689 164 54 York
639 3690 145 69 city;
822 3691 301 58 Columbia
1156 3695 319 74 university
1507 3719 175 50 press,
1717 3704 150 52 1934.

248 3758 55 41 38
338 3771 42 37 p.
441 3761 54 40 23
500 3764 43 22 cm
549 3795 7 7 .
632 3762 216 48 (Section
884 3767 26 39 9
944 3768 51 39 of
1028 3767 155 50 Study
1216 3771 55 40 10
1306 3773 50 38 of
1392 3774 80 39 the
1512 3775 237 39 Research
1789 3777 182 39 bureau
2010 3777 52 40 of
2096 3778 81 40 the

183 3813 209 45 Welfare
419 3819 211 47 council)

255 3872 99 43 “W.
387 3874 49 41 C.
466 3874 101 42 41.”

249 3928 65 41 At
337 3931 123 40 head
488 3931 52 41 of
566 3932 135 42 title;
735 3933 153 51 Study
917 3937 53 38 of
996 3938 356 50 neighborhood
1385 3943 252 41 statistics.

253 3982 375 54 Lithographed.
