<alto xmlns="http://www.loc.gov/standards/alto/ns-v3#" xmlns:xsi="http://www.w3.org/2001/XMLSchema-instance" xsi:schemaLocation="http://www.loc.gov/standards/alto/ns-v3# http://www.loc.gov/alto/v3/alto-3-0.xsd"><Description>
<MeasurementUnit>pixel</MeasurementUnit>
<sourceImageInformation>
<fileName>1934_v1_Part1.pdf</fileName>
</sourceImageInformation>
<OCRProcessing ID="IdOcr">
<ocrProcessingStep>
<processingDateTime>2019-01-10</processingDateTime>
<processingSoftware>
<softwareCreator>ABBYY</softwareCreator>
<softwareName>ABBYY Recognition Server</softwareName>
<softwareVersion>4.0</softwareVersion>
</processingSoftware>
</ocrProcessingStep>
</OCRProcessing>
</Description>
<Styles>
<ParagraphStyle ALIGN="Left" FIRSTLINE="0." ID="StyleId-FFFFFFFF-FFFF-FFFF-FFFF-FFFFFFFFFFFF-" LEFT="0." RIGHT="0." />
<ParagraphStyle ALIGN="Right" FIRSTLINE="0." ID="StyleId-521E1FC6-FE7E-43A4-90E6-A9B61626A263-" LEFT="0." LINESPACE="13.30000019" RIGHT="0." />
<ParagraphStyle ALIGN="Left" FIRSTLINE="-27." ID="StyleId-639B624E-F6F5-47B6-BB1D-34E64B53022F-" LEFT="0." LINESPACE="13.43999958" RIGHT="0." />
<ParagraphStyle ALIGN="Left" FIRSTLINE="0." ID="StyleId-100905F9-D385-406B-A5BD-ED5B8FD85431-" LEFT="0." RIGHT="0." />
<ParagraphStyle ALIGN="Left" FIRSTLINE="-27." ID="StyleId-7C9F9BA2-EF3A-4B7F-8486-CCC7B7F49B39-" LEFT="0." LINESPACE="18.71999931" RIGHT="0." />
<ParagraphStyle ALIGN="Block" FIRSTLINE="-27." ID="StyleId-350780E3-60F2-4605-88F5-BB54F9B87091-" LEFT="0." LINESPACE="18.71999931" RIGHT="0." />
<ParagraphStyle ALIGN="Left" FIRSTLINE="0." ID="StyleId-90B16C58-D795-4C77-9B89-30378C515D40-" LEFT="0." LINESPACE="14.39999962" RIGHT="0." />
<ParagraphStyle ALIGN="Right" FIRSTLINE="-27." ID="StyleId-17090E09-AFAF-4086-BD9B-4E99FAE6B057-" LEFT="0." LINESPACE="14.39999962" RIGHT="0." />
<ParagraphStyle ALIGN="Left" FIRSTLINE="-27." ID="StyleId-8B87B633-89DB-4D72-B1FC-26E4ABD680BC-" LEFT="0." LINESPACE="18.47999954" RIGHT="0." />
<ParagraphStyle ALIGN="Left" FIRSTLINE="0." ID="StyleId-42DA7417-CA90-4D71-A57B-06556C38D752-" LEFT="0." LINESPACE="13.30000019" RIGHT="0." />
<ParagraphStyle ALIGN="Block" FIRSTLINE="0." ID="StyleId-D8EE2A7E-42AE-4E35-98DB-F0F935637AA0-" LEFT="0." LINESPACE="6.599999905" RIGHT="0." />
<ParagraphStyle ALIGN="Left" FIRSTLINE="0." ID="StyleId-33CD3121-D4F5-43B6-BA96-6382D166E6B8-" LEFT="0." LINESPACE="15.5" RIGHT="0." />
<ParagraphStyle ALIGN="Block" FIRSTLINE="-21." ID="StyleId-1CE52AFA-C319-4DD9-B4B1-F0EBFA2B3F0B-" LEFT="0." LINESPACE="18.71999931" RIGHT="0." />
<ParagraphStyle ALIGN="Left" FIRSTLINE="0." ID="StyleId-B74F1B65-92F1-49C5-A5FA-D20442F031F2-" LEFT="0." LINESPACE="17.70006076" RIGHT="0." />
<ParagraphStyle ALIGN="Center" FIRSTLINE="0." ID="StyleId-79E2924A-215C-40B7-B577-7236BFBAA25E-" LEFT="0." LINESPACE="7.199999809" RIGHT="0." />
</Styles>
<Layout>
<Page HEIGHT="4196" ID="Page208" PHYSICAL_IMG_NR="208" WIDTH="2350">
<TopMargin HEIGHT="395" HPOS="0" VPOS="0" WIDTH="2350">
</TopMargin>
<LeftMargin HEIGHT="3602" HPOS="0" VPOS="395" WIDTH="236">
</LeftMargin>
<RightMargin HEIGHT="3602" HPOS="2244" VPOS="395" WIDTH="106">
</RightMargin>
<BottomMargin HEIGHT="199" HPOS="0" VPOS="3997" WIDTH="2350">
<TextBlock HEIGHT="135" HPOS="1061" ID="Page208_Block1" LANG="en-US" STYLEREFS="StyleId-5E7B5FF0-F4E6-4320-9895-84384F7F8E8A-" VPOS="3997" WIDTH="395">
<TextLine HEIGHT="47" HPOS="1188" VPOS="4019" WIDTH="99">
<String CONTENT="208" HEIGHT="47" HPOS="1188" VPOS="4019" WIDTH="99" />
</TextLine>
</TextBlock>
</BottomMargin>
<PrintSpace HEIGHT="3602" HPOS="236" VPOS="395" WIDTH="2008">
<TextBlock CS="1" HEIGHT="3602" HPOS="236" ID="Page208_Block2" LANG="en-US" STYLEREFS="StyleId-C74529E6-0D50-4612-810C-FDF2F46466EB-" VPOS="395" WIDTH="2008">
<TextLine HEIGHT="65" HPOS="245" STYLEREFS="StyleId-C86774B2-4B03-4469-BAEB-63543CB75FFF-" VPOS="401" WIDTH="1011">
<String CONTENT="Wilson," HEIGHT="64" HPOS="245" VPOS="401" WIDTH="237" />
<SP HEIGHT="62" HPOS="483" VPOS="403" WIDTH="26" />
<String CONTENT="Howard" HEIGHT="51" HPOS="510" VPOS="403" WIDTH="255" />
<SP HEIGHT="51" HPOS="766" VPOS="403" WIDTH="29" />
<String CONTENT="Eugene," HEIGHT="63" HPOS="796" VPOS="403" WIDTH="259" />
<SP HEIGHT="60" HPOS="1056" VPOS="406" WIDTH="30" />
<String CONTENT="1901-" HEIGHT="49" HPOS="1087" VPOS="405" WIDTH="169" />
</TextLine>
<TextLine HEIGHT="68" HPOS="312" STYLEREFS="StyleId-C86774B2-4B03-4469-BAEB-63543CB75FFF-" VPOS="477" WIDTH="1918">
<String CONTENT="The" HEIGHT="52" HPOS="312" VPOS="479" WIDTH="120" />
<SP HEIGHT="53" HPOS="433" VPOS="478" WIDTH="27" />
<String CONTENT="fusion" HEIGHT="53" HPOS="461" VPOS="478" WIDTH="191" />
<SP HEIGHT="33" HPOS="653" VPOS="497" WIDTH="26" />
<String CONTENT="of" HEIGHT="52" HPOS="680" VPOS="478" WIDTH="64" />
<SP HEIGHT="52" HPOS="745" VPOS="478" WIDTH="23" />
<String CONTENT="social" HEIGHT="53" HPOS="769" VPOS="478" WIDTH="172" />
<SP HEIGHT="50" HPOS="942" VPOS="481" WIDTH="25" />
<String CONTENT="studies" HEIGHT="53" HPOS="968" VPOS="478" WIDTH="209" />
<SP HEIGHT="51" HPOS="1178" VPOS="480" WIDTH="26" />
<String CONTENT="in" HEIGHT="50" HPOS="1205" VPOS="480" WIDTH="61" />
<SP HEIGHT="67" HPOS="1267" VPOS="478" WIDTH="25" />
<String CONTENT="junior" HEIGHT="68" HPOS="1293" VPOS="477" WIDTH="191" />
<SP HEIGHT="50" HPOS="1485" VPOS="479" WIDTH="26" />
<String CONTENT="high" HEIGHT="68" HPOS="1512" VPOS="477" WIDTH="140" />
<SP HEIGHT="51" HPOS="1653" VPOS="478" WIDTH="26" />
<String CONTENT="schools;" HEIGHT="65" HPOS="1680" VPOS="479" WIDTH="242" />
<SP HEIGHT="47" HPOS="1923" VPOS="497" WIDTH="30" />
<String CONTENT="a" HEIGHT="32" HPOS="1954" VPOS="497" WIDTH="31" />
<SP HEIGHT="34" HPOS="1986" VPOS="497" WIDTH="26" />
<String CONTENT="critical" HEIGHT="51" HPOS="2013" VPOS="480" WIDTH="217" />
</TextLine>
<TextLine CS="1" HEIGHT="69" HPOS="242" STYLEREFS="StyleId-C86774B2-4B03-4469-BAEB-63543CB75FFF-" VPOS="554" WIDTH="1989">
<String CONTENT="analysis," HEIGHT="67" HPOS="242" VPOS="556" WIDTH="266" />
<SP HEIGHT="67" HPOS="509" VPOS="556" WIDTH="55" />
<String CONTENT="by" HEIGHT="67" HPOS="565" VPOS="556" WIDTH="75" />
<SP HEIGHT="67" HPOS="641" VPOS="556" WIDTH="56" />
<String CONTENT="Howard" HEIGHT="52" HPOS="698" VPOS="556" WIDTH="257" />
<SP HEIGHT="51" HPOS="956" VPOS="557" WIDTH="58" />
<String CONTENT="E." HEIGHT="50" HPOS="1015" VPOS="557" WIDTH="66" />
<SP HEIGHT="52" HPOS="1082" VPOS="557" WIDTH="55" />
<String CONTENT="Wilson" HEIGHT="53" HPOS="1138" VPOS="556" WIDTH="221" />
<SP HEIGHT="32" HPOS="1360" VPOS="575" WIDTH="44" />
<String CONTENT="&#8230;" CS="1" />
<SP HEIGHT="54" HPOS="1460" VPOS="554" WIDTH="80" />
<String CONTENT="Cambridge," HEIGHT="69" HPOS="1541" VPOS="554" WIDTH="361" />
<SP HEIGHT="65" HPOS="1903" VPOS="557" WIDTH="55" />
<String CONTENT="Harvard" HEIGHT="51" HPOS="1959" VPOS="557" WIDTH="272" />
</TextLine>
<TextLine HEIGHT="67" HPOS="244" STYLEREFS="StyleId-C86774B2-4B03-4469-BAEB-63543CB75FFF-" VPOS="634" WIDTH="711">
<String CONTENT="university" HEIGHT="67" HPOS="244" VPOS="634" WIDTH="314" />
<SP HEIGHT="49" HPOS="559" VPOS="652" WIDTH="36" />
<String CONTENT="press," HEIGHT="50" HPOS="596" VPOS="651" WIDTH="171" />
<SP HEIGHT="62" HPOS="768" VPOS="637" WIDTH="38" />
<String CONTENT="1933." HEIGHT="49" HPOS="807" VPOS="636" WIDTH="148" />
</TextLine>
<TextLine CS="1" HEIGHT="104" HPOS="244" VPOS="706" WIDTH="1969">
<String CONTENT="5" HEIGHT="38" HPOS="314" VPOS="708" WIDTH="25" />
<SP HEIGHT="47" HPOS="340" VPOS="708" WIDTH="26" />
<String CONTENT="p." HEIGHT="36" HPOS="367" VPOS="719" WIDTH="43" />
<SP HEIGHT="38" HPOS="411" VPOS="709" WIDTH="27" />
<String CONTENT="l.," CS="1" />
<SP HEIGHT="47" HPOS="483" VPOS="707" WIDTH="28" />
<String CONTENT="211" HEIGHT="38" HPOS="512" VPOS="707" WIDTH="82" />
<SP HEIGHT="45" HPOS="595" VPOS="709" WIDTH="30" />
<String CONTENT="p." HEIGHT="37" HPOS="626" VPOS="717" WIDTH="41" />
<SP HEIGHT="38" HPOS="668" VPOS="708" WIDTH="61" />
<String CONTENT="diagrs." HEIGHT="48" HPOS="730" VPOS="706" WIDTH="176" />
<SP HEIGHT="38" HPOS="907" VPOS="707" WIDTH="59" />
<String CONTENT="22&#189;cm." CS="1" HEIGHT="38" HPOS="967" VPOS="707" WIDTH="55" />
<SP />
<String CONTENT="(Half-title:" HEIGHT="47" HPOS="1183" VPOS="706" WIDTH="297" />
<SP HEIGHT="38" HPOS="1481" VPOS="707" WIDTH="28" />
<String CONTENT="Harvard" HEIGHT="38" HPOS="1510" VPOS="707" WIDTH="228" />
<SP HEIGHT="37" HPOS="1739" VPOS="708" WIDTH="30" />
<String CONTENT="studies" HEIGHT="40" HPOS="1770" VPOS="706" WIDTH="184" />
<SP HEIGHT="38" HPOS="1955" VPOS="708" WIDTH="30" />
<String CONTENT="in" HEIGHT="37" HPOS="1986" VPOS="708" WIDTH="48" />
<SP HEIGHT="28" HPOS="2035" VPOS="717" WIDTH="30" />
<String CONTENT="education" HEIGHT="97" HPOS="244" VPOS="707" WIDTH="1969" />
<SP HEIGHT="28" HPOS="347" VPOS="776" WIDTH="30" />
<String CONTENT="&#8230;" CS="1" />
<SP HEIGHT="27" HPOS="423" VPOS="776" WIDTH="61" />
<String CONTENT="v." HEIGHT="28" HPOS="485" VPOS="776" WIDTH="43" />
<SP HEIGHT="40" HPOS="529" VPOS="764" WIDTH="27" />
<String CONTENT="21)" HEIGHT="47" HPOS="557" VPOS="763" WIDTH="81" />
</TextLine>
<TextLine CS="1" HEIGHT="50" HPOS="315" VPOS="817" WIDTH="1887">
<String CONTENT="&#8220;Curriculum" HEIGHT="40" HPOS="315" VPOS="821" WIDTH="334" />
<SP HEIGHT="28" HPOS="650" VPOS="831" WIDTH="27" />
<String CONTENT="studies" HEIGHT="38" HPOS="678" VPOS="821" WIDTH="185" />
<SP HEIGHT="39" HPOS="864" VPOS="820" WIDTH="26" />
<String CONTENT="in" HEIGHT="38" HPOS="891" VPOS="820" WIDTH="51" />
<SP HEIGHT="37" HPOS="943" VPOS="822" WIDTH="24" />
<String CONTENT="the" HEIGHT="39" HPOS="968" VPOS="820" WIDTH="80" />
<SP HEIGHT="28" HPOS="1049" VPOS="831" WIDTH="28" />
<String CONTENT="social" HEIGHT="41" HPOS="1078" VPOS="818" WIDTH="146" />
<SP HEIGHT="39" HPOS="1225" VPOS="820" WIDTH="28" />
<String CONTENT="studies&#8221;:" CS="1" HEIGHT="42" HPOS="1254" VPOS="817" WIDTH="212" />
<SP HEIGHT="36" HPOS="1495" VPOS="830" WIDTH="31" />
<String CONTENT="p." HEIGHT="36" HPOS="1527" VPOS="830" WIDTH="42" />
<SP HEIGHT="38" HPOS="1570" VPOS="821" WIDTH="28" />
<String CONTENT="114-122;" CS="1" HEIGHT="39" HPOS="1599" VPOS="818" WIDTH="199" />
<SP HEIGHT="42" HPOS="1826" VPOS="820" WIDTH="31" />
<String CONTENT="Bibliography;" CS="1" HEIGHT="49" HPOS="1858" VPOS="818" WIDTH="344" />
</TextLine>
<TextLine HEIGHT="46" HPOS="243" VPOS="878" WIDTH="289">
<String CONTENT="p." HEIGHT="36" HPOS="243" VPOS="888" WIDTH="42" />
<SP HEIGHT="39" HPOS="286" VPOS="878" WIDTH="30" />
<String CONTENT="191-206." HEIGHT="40" HPOS="317" VPOS="878" WIDTH="215" />
</TextLine>
<TextLine CS="1" HEIGHT="51" HPOS="246" VPOS="932" WIDTH="1985">
<String CONTENT="&#169;" HEIGHT="51" HPOS="246" VPOS="932" WIDTH="50" />
<SP HEIGHT="51" HPOS="297" VPOS="932" WIDTH="31" />
<String CONTENT="Sept." HEIGHT="46" HPOS="329" VPOS="936" WIDTH="123" />
<SP HEIGHT="38" HPOS="453" VPOS="935" WIDTH="29" />
<String CONTENT="29." HEIGHT="40" HPOS="483" VPOS="935" WIDTH="67" />
<SP HEIGHT="39" HPOS="551" VPOS="936" WIDTH="28" />
<String CONTENT="1933;" CS="1" />
<SP HEIGHT="40" HPOS="720" VPOS="934" WIDTH="29" />
<String CONTENT="2c." HEIGHT="39" HPOS="750" VPOS="934" WIDTH="66" />
<SP HEIGHT="38" HPOS="817" VPOS="934" WIDTH="28" />
<String CONTENT="Jan." HEIGHT="38" HPOS="846" VPOS="934" WIDTH="106" />
<SP HEIGHT="38" HPOS="953" VPOS="934" WIDTH="28" />
<String CONTENT="25." HEIGHT="39" HPOS="982" VPOS="934" WIDTH="68" />
<SP HEIGHT="38" HPOS="1051" VPOS="935" WIDTH="28" />
<String CONTENT="1934;" CS="1" HEIGHT="39" HPOS="1080" VPOS="932" WIDTH="111" />
<SP HEIGHT="30" HPOS="1218" VPOS="943" WIDTH="31" />
<String CONTENT="aff." CS="1" />
<SP HEIGHT="39" HPOS="1332" VPOS="932" WIDTH="28" />
<String CONTENT="Feb." HEIGHT="39" HPOS="1361" VPOS="932" WIDTH="109" />
<SP HEIGHT="37" HPOS="1471" VPOS="934" WIDTH="30" />
<String CONTENT="7;" HEIGHT="44" HPOS="1502" VPOS="934" WIDTH="49" />
<SP HEIGHT="45" HPOS="1552" VPOS="933" WIDTH="31" />
<String CONTENT="A" HEIGHT="37" HPOS="1584" VPOS="933" WIDTH="39" />
<SP HEIGHT="40" HPOS="1624" VPOS="932" WIDTH="27" />
<String CONTENT="69323;" CS="1" HEIGHT="40" HPOS="1652" VPOS="932" WIDTH="141" />
<SP HEIGHT="45" HPOS="1821" VPOS="933" WIDTH="31" />
<String CONTENT="President" HEIGHT="40" HPOS="1853" VPOS="932" WIDTH="255" />
<SP HEIGHT="37" HPOS="2109" VPOS="935" WIDTH="26" />
<String CONTENT="and" HEIGHT="38" HPOS="2136" VPOS="933" WIDTH="95" />
</TextLine>
<TextLine HEIGHT="48" HPOS="311" VPOS="989" WIDTH="1566">
<String CONTENT="fellows" HEIGHT="39" HPOS="311" VPOS="993" WIDTH="189" />
<SP HEIGHT="28" HPOS="501" VPOS="1003" WIDTH="25" />
<String CONTENT="of" HEIGHT="39" HPOS="527" VPOS="992" WIDTH="50" />
<SP HEIGHT="38" HPOS="578" VPOS="992" WIDTH="24" />
<String CONTENT="Harvard" HEIGHT="38" HPOS="603" VPOS="992" WIDTH="230" />
<SP HEIGHT="38" HPOS="834" VPOS="992" WIDTH="26" />
<String CONTENT="college," HEIGHT="45" HPOS="861" VPOS="992" WIDTH="190" />
<SP HEIGHT="40" HPOS="1052" VPOS="990" WIDTH="28" />
<String CONTENT="Cambridge," HEIGHT="47" HPOS="1081" VPOS="989" WIDTH="298" />
<SP HEIGHT="45" HPOS="1380" VPOS="990" WIDTH="29" />
<String CONTENT="Mass." HEIGHT="38" HPOS="1410" VPOS="990" WIDTH="145" />
<SP HEIGHT="47" HPOS="1556" VPOS="989" WIDTH="72" />
<String CONTENT="(34-2.623)" HEIGHT="47" HPOS="1629" VPOS="989" WIDTH="248" />
</TextLine>
<TextLine CS="1" HEIGHT="64" HPOS="248" STYLEREFS="StyleId-C86774B2-4B03-4469-BAEB-63543CB75FFF-" VPOS="1082" WIDTH="835">
<String CONTENT="Wilson," HEIGHT="64" HPOS="248" VPOS="1082" WIDTH="237" />
<SP HEIGHT="63" HPOS="486" VPOS="1083" WIDTH="28" />
<String CONTENT="Rinaldo" HEIGHT="52" HPOS="515" VPOS="1082" WIDTH="243" />
<SP HEIGHT="51" HPOS="759" VPOS="1082" WIDTH="27" />
<String CONTENT="A.," HEIGHT="63" HPOS="787" VPOS="1082" WIDTH="89" />
<SP HEIGHT="42" HPOS="877" VPOS="1103" WIDTH="28" />
<String CONTENT="comp." CS="1" HEIGHT="33" HPOS="906" VPOS="1102" WIDTH="177" />
</TextLine>
<TextLine CS="1" HEIGHT="69" HPOS="314" STYLEREFS="StyleId-C86774B2-4B03-4469-BAEB-63543CB75FFF-" VPOS="1155" WIDTH="1762">
<String CONTENT="The" HEIGHT="52" HPOS="314" VPOS="1157" WIDTH="121" />
<SP HEIGHT="52" HPOS="436" VPOS="1157" WIDTH="33" />
<String CONTENT="American" HEIGHT="52" HPOS="470" VPOS="1157" WIDTH="306" />
<SP HEIGHT="33" HPOS="777" VPOS="1176" WIDTH="36" />
<String CONTENT="catalog" HEIGHT="66" HPOS="814" VPOS="1158" WIDTH="224" />
<SP HEIGHT="49" HPOS="1039" VPOS="1175" WIDTH="34" />
<String CONTENT="of" HEIGHT="54" HPOS="1074" VPOS="1155" WIDTH="63" />
<SP HEIGHT="53" HPOS="1138" VPOS="1155" WIDTH="36" />
<String CONTENT="all" HEIGHT="51" HPOS="1175" VPOS="1157" WIDTH="75" />
<SP HEIGHT="53" HPOS="1251" VPOS="1156" WIDTH="35" />
<String CONTENT="United" HEIGHT="53" HPOS="1287" VPOS="1156" WIDTH="217" />
<SP HEIGHT="55" HPOS="1505" VPOS="1155" WIDTH="39" />
<String CONTENT="States" HEIGHT="55" HPOS="1545" VPOS="1155" WIDTH="187" />
<SP HEIGHT="33" HPOS="1733" VPOS="1176" WIDTH="38" />
<String CONTENT="coins" HEIGHT="53" HPOS="1772" VPOS="1156" WIDTH="152" />
<SP HEIGHT="34" HPOS="1925" VPOS="1175" WIDTH="37" />
<String CONTENT="and" HEIGHT="53" HPOS="1963" VPOS="1157" WIDTH="113" />
</TextLine>
<TextLine CS="1" HEIGHT="129" HPOS="246" STYLEREFS="StyleId-C86774B2-4B03-4469-BAEB-63543CB75FFF-" VPOS="1174" WIDTH="1987">
<String CONTENT="currency;" HEIGHT="129" HPOS="246" VPOS="1174" WIDTH="1964" />
<SP HEIGHT="50" HPOS="442" VPOS="1253" WIDTH="43" />
<String CONTENT="giving" HEIGHT="69" HPOS="486" VPOS="1234" WIDTH="201" />
<SP HEIGHT="50" HPOS="688" VPOS="1253" WIDTH="43" />
<String CONTENT="a" HEIGHT="33" HPOS="732" VPOS="1253" WIDTH="29" />
<SP HEIGHT="49" HPOS="762" VPOS="1253" WIDTH="43" />
<String CONTENT="price" HEIGHT="67" HPOS="806" VPOS="1235" WIDTH="154" />
<SP HEIGHT="33" HPOS="961" VPOS="1253" WIDTH="40" />
<String CONTENT="range" HEIGHT="50" HPOS="1002" VPOS="1252" WIDTH="177" />
<SP HEIGHT="37" HPOS="1180" VPOS="1249" WIDTH="39" />
<String CONTENT="on" HEIGHT="36" HPOS="1220" VPOS="1249" WIDTH="71" />
<SP HEIGHT="33" HPOS="1292" VPOS="1252" WIDTH="43" />
<String CONTENT="each" HEIGHT="51" HPOS="1336" VPOS="1234" WIDTH="133" />
<SP HEIGHT="52" HPOS="1470" VPOS="1234" WIDTH="44" />
<String CONTENT="coin" HEIGHT="52" HPOS="1515" VPOS="1234" WIDTH="125" />
<SP HEIGHT="48" HPOS="1641" VPOS="1238" WIDTH="42" />
<String CONTENT="to" HEIGHT="48" HPOS="1684" VPOS="1238" WIDTH="58" />
<SP HEIGHT="34" HPOS="1743" VPOS="1252" WIDTH="44" />
<String CONTENT="allow" HEIGHT="52" HPOS="1788" VPOS="1234" WIDTH="166" />
<SP HEIGHT="53" HPOS="1955" VPOS="1233" WIDTH="45" />
<String CONTENT="for" HEIGHT="54" HPOS="2001" VPOS="1233" WIDTH="94" />
<SP HEIGHT="46" HPOS="2096" VPOS="1240" WIDTH="41" />
<String CONTENT="the" HEIGHT="51" HPOS="2138" VPOS="1235" WIDTH="95" />
</TextLine>
<TextLine HEIGHT="69" HPOS="244" STYLEREFS="StyleId-C86774B2-4B03-4469-BAEB-63543CB75FFF-" VPOS="1311" WIDTH="1991">
<String CONTENT="condition" HEIGHT="52" HPOS="244" VPOS="1313" WIDTH="291" />
<SP HEIGHT="34" HPOS="536" VPOS="1330" WIDTH="33" />
<String CONTENT="and" HEIGHT="51" HPOS="570" VPOS="1313" WIDTH="113" />
<SP HEIGHT="51" HPOS="684" VPOS="1313" WIDTH="33" />
<String CONTENT="selling" HEIGHT="68" HPOS="718" VPOS="1312" WIDTH="205" />
<SP HEIGHT="50" HPOS="924" VPOS="1330" WIDTH="31" />
<String CONTENT="or" HEIGHT="34" HPOS="956" VPOS="1330" WIDTH="63" />
<SP HEIGHT="52" HPOS="1020" VPOS="1312" WIDTH="33" />
<String CONTENT="buying." HEIGHT="69" HPOS="1054" VPOS="1311" WIDTH="232" />
<SP HEIGHT="52" HPOS="1287" VPOS="1311" WIDTH="67" />
<String CONTENT="Also" HEIGHT="53" HPOS="1355" VPOS="1311" WIDTH="140" />
<SP HEIGHT="34" HPOS="1496" VPOS="1329" WIDTH="34" />
<String CONTENT="a" HEIGHT="33" HPOS="1531" VPOS="1330" WIDTH="31" />
<SP HEIGHT="33" HPOS="1563" VPOS="1330" WIDTH="32" />
<String CONTENT="mint" HEIGHT="53" HPOS="1596" VPOS="1311" WIDTH="146" />
<SP HEIGHT="52" HPOS="1743" VPOS="1312" WIDTH="34" />
<String CONTENT="list," HEIGHT="67" HPOS="1778" VPOS="1312" WIDTH="114" />
<SP HEIGHT="68" HPOS="1893" VPOS="1311" WIDTH="34" />
<String CONTENT="figures" HEIGHT="69" HPOS="1928" VPOS="1311" WIDTH="207" />
<SP HEIGHT="36" HPOS="2136" VPOS="1329" WIDTH="34" />
<String CONTENT="of" HEIGHT="52" HPOS="2171" VPOS="1311" WIDTH="64" />
</TextLine>
<TextLine HEIGHT="69" HPOS="245" STYLEREFS="StyleId-C86774B2-4B03-4469-BAEB-63543CB75FFF-" VPOS="1389" WIDTH="1989">
<String CONTENT="the" HEIGHT="53" HPOS="245" VPOS="1390" WIDTH="93" />
<SP HEIGHT="48" HPOS="339" VPOS="1410" WIDTH="33" />
<String CONTENT="government" HEIGHT="63" HPOS="373" VPOS="1395" WIDTH="370" />
<SP HEIGHT="46" HPOS="744" VPOS="1395" WIDTH="33" />
<String CONTENT="mints," HEIGHT="67" HPOS="778" VPOS="1389" WIDTH="192" />
<SP HEIGHT="48" HPOS="971" VPOS="1408" WIDTH="35" />
<String CONTENT="which" HEIGHT="52" HPOS="1007" VPOS="1389" WIDTH="184" />
<SP HEIGHT="51" HPOS="1192" VPOS="1389" WIDTH="36" />
<String CONTENT="will" HEIGHT="51" HPOS="1229" VPOS="1389" WIDTH="118" />
<SP HEIGHT="52" HPOS="1348" VPOS="1389" WIDTH="35" />
<String CONTENT="show" HEIGHT="52" HPOS="1384" VPOS="1389" WIDTH="153" />
<SP HEIGHT="47" HPOS="1538" VPOS="1394" WIDTH="35" />
<String CONTENT="the" HEIGHT="53" HPOS="1574" VPOS="1389" WIDTH="95" />
<SP HEIGHT="35" HPOS="1670" VPOS="1407" WIDTH="35" />
<String CONTENT="number" HEIGHT="53" HPOS="1706" VPOS="1389" WIDTH="236" />
<SP HEIGHT="34" HPOS="1943" VPOS="1407" WIDTH="36" />
<String CONTENT="of" HEIGHT="52" HPOS="1980" VPOS="1389" WIDTH="63" />
<SP HEIGHT="53" HPOS="2044" VPOS="1389" WIDTH="36" />
<String CONTENT="coins" HEIGHT="52" HPOS="2081" VPOS="1391" WIDTH="153" />
</TextLine>
<TextLine HEIGHT="69" HPOS="242" STYLEREFS="StyleId-C86774B2-4B03-4469-BAEB-63543CB75FFF-" VPOS="1466" WIDTH="1991">
<String CONTENT="made." HEIGHT="52" HPOS="242" VPOS="1468" WIDTH="179" />
<SP HEIGHT="51" HPOS="422" VPOS="1467" WIDTH="75" />
<String CONTENT="All" HEIGHT="51" HPOS="498" VPOS="1467" WIDTH="101" />
<SP HEIGHT="50" HPOS="600" VPOS="1468" WIDTH="40" />
<String CONTENT="official" HEIGHT="53" HPOS="641" VPOS="1466" WIDTH="199" />
<SP HEIGHT="51" HPOS="841" VPOS="1468" WIDTH="40" />
<String CONTENT="coins" HEIGHT="52" HPOS="882" VPOS="1467" WIDTH="153" />
<SP HEIGHT="35" HPOS="1036" VPOS="1484" WIDTH="40" />
<String CONTENT="of" HEIGHT="52" HPOS="1077" VPOS="1466" WIDTH="63" />
<SP HEIGHT="68" HPOS="1141" VPOS="1466" WIDTH="39" />
<String CONTENT="gold," HEIGHT="67" HPOS="1181" VPOS="1467" WIDTH="153" />
<SP HEIGHT="46" HPOS="1335" VPOS="1487" WIDTH="40" />
<String CONTENT="silver," HEIGHT="67" HPOS="1376" VPOS="1466" WIDTH="188" />
<SP HEIGHT="47" HPOS="1565" VPOS="1486" WIDTH="39" />
<String CONTENT="nickel," HEIGHT="68" HPOS="1605" VPOS="1466" WIDTH="203" />
<SP HEIGHT="48" HPOS="1809" VPOS="1486" WIDTH="42" />
<String CONTENT="and" HEIGHT="52" HPOS="1852" VPOS="1468" WIDTH="112" />
<SP HEIGHT="52" HPOS="1965" VPOS="1468" WIDTH="43" />
<String CONTENT="copper." HEIGHT="50" HPOS="2009" VPOS="1485" WIDTH="224" />
</TextLine>
<TextLine CS="1" HEIGHT="70" HPOS="246" STYLEREFS="StyleId-C86774B2-4B03-4469-BAEB-63543CB75FFF-" VPOS="1543" WIDTH="1989">
<String CONTENT="Compiled" HEIGHT="69" HPOS="246" VPOS="1544" WIDTH="299" />
<SP HEIGHT="52" HPOS="546" VPOS="1546" WIDTH="33" />
<String CONTENT="and" HEIGHT="51" HPOS="580" VPOS="1546" WIDTH="112" />
<SP HEIGHT="66" HPOS="693" VPOS="1546" WIDTH="31" />
<String CONTENT="published" HEIGHT="68" HPOS="725" VPOS="1544" WIDTH="301" />
<SP HEIGHT="52" HPOS="1027" VPOS="1544" WIDTH="31" />
<String CONTENT="by" HEIGHT="68" HPOS="1059" VPOS="1544" WIDTH="75" />
<SP HEIGHT="68" HPOS="1135" VPOS="1544" WIDTH="33" />
<String CONTENT="R." HEIGHT="51" HPOS="1169" VPOS="1544" WIDTH="66" />
<SP HEIGHT="51" HPOS="1236" VPOS="1544" WIDTH="34" />
<String CONTENT="A." HEIGHT="52" HPOS="1271" VPOS="1544" WIDTH="69" />
<SP HEIGHT="53" HPOS="1341" VPOS="1544" WIDTH="35" />
<String CONTENT="Wilson" HEIGHT="54" HPOS="1377" VPOS="1543" WIDTH="222" />
<SP HEIGHT="32" HPOS="1600" VPOS="1564" WIDTH="40" />
<String CONTENT="&#8230;" CS="1" />
<SP HEIGHT="55" HPOS="1697" VPOS="1543" WIDTH="78" />
<String CONTENT="Santa" HEIGHT="55" HPOS="1776" VPOS="1543" WIDTH="175" />
<SP HEIGHT="53" HPOS="1952" VPOS="1544" WIDTH="37" />
<String CONTENT="Monica," HEIGHT="67" HPOS="1990" VPOS="1544" WIDTH="245" />
</TextLine>
<TextLine HEIGHT="68" HPOS="246" STYLEREFS="StyleId-C86774B2-4B03-4469-BAEB-63543CB75FFF-" VPOS="1621" WIDTH="406">
<String CONTENT="Calif." HEIGHT="54" HPOS="246" VPOS="1621" WIDTH="174" />
<SP HEIGHT="33" HPOS="421" VPOS="1656" WIDTH="39" />
<String CONTENT="[" HEIGHT="33" HPOS="461" STYLE="subscript" VPOS="1656" WIDTH="13" />
<String CONTENT="c" HEIGHT="21" HPOS="479" STYLE="superscript" VPOS="1629" WIDTH="17" />
<String CONTENT="1933" HEIGHT="50" HPOS="502" VPOS="1625" WIDTH="130" />
<String CONTENT="]" HEIGHT="33" HPOS="640" STYLE="subscript" VPOS="1655" WIDTH="12" />
</TextLine>
<TextLine HEIGHT="48" HPOS="312" VPOS="1697" WIDTH="489">
<String CONTENT="63" HEIGHT="40" HPOS="312" VPOS="1698" WIDTH="54" />
<SP HEIGHT="47" HPOS="367" VPOS="1698" WIDTH="28" />
<String CONTENT="p." HEIGHT="36" HPOS="396" VPOS="1709" WIDTH="40" />
<SP HEIGHT="39" HPOS="437" VPOS="1697" WIDTH="60" />
<String CONTENT="illus." HEIGHT="39" HPOS="498" VPOS="1697" WIDTH="128" />
<SP HEIGHT="37" HPOS="627" VPOS="1699" WIDTH="58" />
<String CONTENT="17" HEIGHT="38" HPOS="686" VPOS="1698" WIDTH="54" />
<String CONTENT="cm" HEIGHT="20" HPOS="744" STYLE="superscript" VPOS="1699" WIDTH="44" />
<String CONTENT="." HEIGHT="7" HPOS="794" VPOS="1729" WIDTH="7" />
</TextLine>
<TextLine CS="1" HEIGHT="51" HPOS="248" VPOS="1750" WIDTH="1985">
<String CONTENT="&#169;" HEIGHT="51" HPOS="248" VPOS="1750" WIDTH="50" />
<SP HEIGHT="51" HPOS="299" VPOS="1750" WIDTH="28" />
<String CONTENT="Dec." HEIGHT="37" HPOS="328" VPOS="1756" WIDTH="109" />
<SP HEIGHT="37" HPOS="438" VPOS="1756" WIDTH="30" />
<String CONTENT="18." CS="1" HEIGHT="8" HPOS="529" VPOS="1786" WIDTH="6" />
<SP HEIGHT="38" HPOS="536" VPOS="1756" WIDTH="28" />
<String CONTENT="1933;" CS="1" />
<SP HEIGHT="38" HPOS="705" VPOS="1754" WIDTH="30" />
<String CONTENT="2c." HEIGHT="39" HPOS="736" VPOS="1754" WIDTH="66" />
<SP HEIGHT="29" HPOS="803" VPOS="1764" WIDTH="29" />
<String CONTENT="and" HEIGHT="37" HPOS="833" VPOS="1755" WIDTH="93" />
<SP HEIGHT="37" HPOS="927" VPOS="1755" WIDTH="28" />
<String CONTENT="aff." CS="1" />
<SP HEIGHT="38" HPOS="1035" VPOS="1753" WIDTH="30" />
<String CONTENT="Jan." HEIGHT="38" HPOS="1066" VPOS="1753" WIDTH="107" />
<SP HEIGHT="37" HPOS="1174" VPOS="1753" WIDTH="28" />
<String CONTENT="22," HEIGHT="40" HPOS="1203" VPOS="1752" WIDTH="68" />
<SP HEIGHT="38" HPOS="1272" VPOS="1754" WIDTH="29" />
<String CONTENT="1934;" CS="1" />
<SP HEIGHT="38" HPOS="1441" VPOS="1753" WIDTH="32" />
<String CONTENT="A" HEIGHT="37" HPOS="1474" VPOS="1753" WIDTH="39" />
<SP HEIGHT="39" HPOS="1514" VPOS="1752" WIDTH="27" />
<String CONTENT="09147;" HEIGHT="41" HPOS="1542" VPOS="1752" WIDTH="168" />
<SP HEIGHT="40" HPOS="1711" VPOS="1753" WIDTH="32" />
<String CONTENT="R." HEIGHT="38" HPOS="1744" VPOS="1753" WIDTH="53" />
<SP HEIGHT="37" HPOS="1798" VPOS="1754" WIDTH="30" />
<String CONTENT="A." HEIGHT="38" HPOS="1829" VPOS="1754" WIDTH="53" />
<SP HEIGHT="38" HPOS="1883" VPOS="1754" WIDTH="28" />
<String CONTENT="Wilson," HEIGHT="46" HPOS="1912" VPOS="1753" WIDTH="198" />
<SP HEIGHT="45" HPOS="2111" VPOS="1754" WIDTH="29" />
<String CONTENT="Los" HEIGHT="40" HPOS="2141" VPOS="1754" WIDTH="92" />
</TextLine>
<TextLine HEIGHT="48" HPOS="317" VPOS="1810" WIDTH="537">
<String CONTENT="Angeles." HEIGHT="44" HPOS="317" VPOS="1812" WIDTH="215" />
<SP HEIGHT="47" HPOS="533" VPOS="1811" WIDTH="71" />
<String CONTENT="(34-1725)" HEIGHT="48" HPOS="605" VPOS="1810" WIDTH="249" />
</TextLine>
<TextLine HEIGHT="67" HPOS="250" STYLEREFS="StyleId-C86774B2-4B03-4469-BAEB-63543CB75FFF-" VPOS="1896" WIDTH="1031">
<String CONTENT="Winston," HEIGHT="66" HPOS="250" VPOS="1896" WIDTH="285" />
<SP HEIGHT="62" HPOS="536" VPOS="1900" WIDTH="27" />
<String CONTENT="Robert" HEIGHT="52" HPOS="564" VPOS="1900" WIDTH="221" />
<SP HEIGHT="52" HPOS="786" VPOS="1901" WIDTH="28" />
<String CONTENT="Watson," HEIGHT="62" HPOS="815" VPOS="1901" WIDTH="264" />
<SP HEIGHT="60" HPOS="1080" VPOS="1903" WIDTH="32" />
<String CONTENT="1860-" HEIGHT="48" HPOS="1113" VPOS="1903" WIDTH="168" />
</TextLine>
<TextLine HEIGHT="69" HPOS="313" STYLEREFS="StyleId-C86774B2-4B03-4469-BAEB-63543CB75FFF-" VPOS="1975" WIDTH="1920">
<String CONTENT="Robert" HEIGHT="52" HPOS="313" VPOS="1976" WIDTH="211" />
<SP HEIGHT="50" HPOS="525" VPOS="1977" WIDTH="33" />
<String CONTENT="E." HEIGHT="50" HPOS="559" VPOS="1977" WIDTH="65" />
<SP HEIGHT="51" HPOS="625" VPOS="1976" WIDTH="34" />
<String CONTENT="Lee;" HEIGHT="66" HPOS="660" VPOS="1976" WIDTH="137" />
<SP HEIGHT="47" HPOS="798" VPOS="1995" WIDTH="37" />
<String CONTENT="a" HEIGHT="32" HPOS="836" VPOS="1996" WIDTH="28" />
<SP HEIGHT="51" HPOS="865" VPOS="1977" WIDTH="34" />
<String CONTENT="biography," HEIGHT="69" HPOS="900" VPOS="1975" WIDTH="339" />
<SP HEIGHT="67" HPOS="1240" VPOS="1976" WIDTH="31" />
<String CONTENT="by" HEIGHT="67" HPOS="1272" VPOS="1976" WIDTH="75" />
<SP HEIGHT="67" HPOS="1348" VPOS="1976" WIDTH="30" />
<String CONTENT="Robert" HEIGHT="53" HPOS="1379" VPOS="1975" WIDTH="214" />
<SP HEIGHT="52" HPOS="1594" VPOS="1977" WIDTH="29" />
<String CONTENT="W." HEIGHT="52" HPOS="1624" VPOS="1977" WIDTH="89" />
<SP HEIGHT="52" HPOS="1714" VPOS="1978" WIDTH="31" />
<String CONTENT="Winston." HEIGHT="52" HPOS="1746" VPOS="1978" WIDTH="282" />
<SP HEIGHT="52" HPOS="2029" VPOS="1977" WIDTH="67" />
<String CONTENT="New" HEIGHT="52" HPOS="2097" VPOS="1977" WIDTH="136" />
</TextLine>
<TextLine HEIGHT="67" HPOS="245" STYLEREFS="StyleId-C86774B2-4B03-4469-BAEB-63543CB75FFF-" VPOS="2054" WIDTH="1140">
<String CONTENT="York," HEIGHT="66" HPOS="245" VPOS="2054" WIDTH="176" />
<SP HEIGHT="66" HPOS="422" VPOS="2054" WIDTH="24" />
<String CONTENT="W." HEIGHT="53" HPOS="447" VPOS="2054" WIDTH="88" />
<SP HEIGHT="51" HPOS="536" VPOS="2054" WIDTH="27" />
<String CONTENT="Morrow" HEIGHT="51" HPOS="564" VPOS="2054" WIDTH="250" />
<SP HEIGHT="49" HPOS="815" VPOS="2056" WIDTH="24" />
<String CONTENT="&amp;" HEIGHT="49" HPOS="840" VPOS="2056" WIDTH="46" />
<SP HEIGHT="50" HPOS="887" VPOS="2056" WIDTH="24" />
<String CONTENT="company," HEIGHT="49" HPOS="912" VPOS="2072" WIDTH="294" />
<SP HEIGHT="63" HPOS="1207" VPOS="2057" WIDTH="29" />
<String CONTENT="1934." HEIGHT="51" HPOS="1237" VPOS="2056" WIDTH="148" />
</TextLine>
<TextLine CS="1" HEIGHT="49" HPOS="314" VPOS="2126" WIDTH="1918">
<String CONTENT="xi" HEIGHT="39" HPOS="314" VPOS="2127" WIDTH="51" />
<SP />
<String CONTENT="p.," HEIGHT="37" HPOS="392" VPOS="2138" WIDTH="56" />
<SP HEIGHT="42" HPOS="449" VPOS="2128" WIDTH="27" />
<String CONTENT="2" HEIGHT="37" HPOS="477" VPOS="2128" WIDTH="25" />
<SP HEIGHT="37" HPOS="503" VPOS="2128" WIDTH="26" />
<String CONTENT="l.," CS="1" />
<SP HEIGHT="45" HPOS="574" VPOS="2128" WIDTH="28" />
<String CONTENT="3-428" HEIGHT="40" HPOS="603" VPOS="2127" WIDTH="143" />
<SP HEIGHT="47" HPOS="747" VPOS="2127" WIDTH="25" />
<String CONTENT="p." HEIGHT="36" HPOS="773" VPOS="2138" WIDTH="42" />
<SP HEIGHT="39" HPOS="816" VPOS="2127" WIDTH="58" />
<String CONTENT="front.," HEIGHT="47" HPOS="875" VPOS="2127" WIDTH="163" />
<SP HEIGHT="46" HPOS="1039" VPOS="2128" WIDTH="27" />
<String CONTENT="illus." HEIGHT="38" HPOS="1067" VPOS="2128" WIDTH="126" />
<SP HEIGHT="47" HPOS="1194" VPOS="2126" WIDTH="29" />
<String CONTENT="(maps)" HEIGHT="48" HPOS="1224" VPOS="2126" WIDTH="183" />
<SP HEIGHT="46" HPOS="1408" VPOS="2127" WIDTH="36" />
<String CONTENT="2" HEIGHT="38" HPOS="1445" VPOS="2127" WIDTH="25" />
<SP HEIGHT="47" HPOS="1471" VPOS="2127" WIDTH="27" />
<String CONTENT="pl.," CS="1" HEIGHT="16" HPOS="1566" VPOS="2158" WIDTH="8" />
<SP HEIGHT="36" HPOS="1575" VPOS="2139" WIDTH="27" />
<String CONTENT="ports.," HEIGHT="46" HPOS="1603" VPOS="2129" WIDTH="161" />
<SP HEIGHT="46" HPOS="1765" VPOS="2128" WIDTH="28" />
<String CONTENT="2" HEIGHT="38" HPOS="1794" VPOS="2128" WIDTH="24" />
<SP HEIGHT="39" HPOS="1819" VPOS="2128" WIDTH="28" />
<String CONTENT="double" HEIGHT="40" HPOS="1848" VPOS="2128" WIDTH="170" />
<SP HEIGHT="39" HPOS="2019" VPOS="2129" WIDTH="25" />
<String CONTENT="facsim." HEIGHT="41" HPOS="2045" VPOS="2128" WIDTH="187" />
</TextLine>
<TextLine CS="1" HEIGHT="39" HPOS="243" STYLEREFS="StyleId-4B99BE5D-B261-4822-9AB3-06D9A6CE4F4D-" VPOS="2185" WIDTH="146">
<String CONTENT="22&#189;" CS="1" HEIGHT="38" HPOS="243" VPOS="2185" WIDTH="55" />
<String CONTENT="cm" HEIGHT="21" HPOS="332" STYLE="superscript" VPOS="2186" WIDTH="44" />
<String CONTENT="." HEIGHT="8" HPOS="380" VPOS="2216" WIDTH="9" />
</TextLine>
<TextLine CS="1" HEIGHT="48" HPOS="317" VPOS="2239" WIDTH="957">
<String CONTENT="&#8220;Selected" HEIGHT="40" HPOS="317" VPOS="2241" WIDTH="245" />
<SP HEIGHT="38" HPOS="563" VPOS="2241" WIDTH="29" />
<String CONTENT="bibliography:" CS="1" HEIGHT="47" HPOS="593" VPOS="2240" WIDTH="335" />
<SP HEIGHT="36" HPOS="955" VPOS="2251" WIDTH="33" />
<String CONTENT="p." HEIGHT="36" HPOS="989" VPOS="2251" WIDTH="40" />
<SP HEIGHT="39" HPOS="1030" VPOS="2241" WIDTH="29" />
<String CONTENT="417-421." HEIGHT="40" HPOS="1060" VPOS="2239" WIDTH="214" />
</TextLine>
<TextLine CS="1" HEIGHT="50" HPOS="248" VPOS="2295" WIDTH="1982">
<String CONTENT="&#169;" HEIGHT="50" HPOS="248" VPOS="2295" WIDTH="50" />
<SP HEIGHT="50" HPOS="299" VPOS="2295" WIDTH="38" />
<String CONTENT="Feb." HEIGHT="38" HPOS="338" VPOS="2299" WIDTH="109" />
<SP HEIGHT="38" HPOS="448" VPOS="2299" WIDTH="36" />
<String CONTENT="26." HEIGHT="40" HPOS="485" VPOS="2297" WIDTH="68" />
<SP HEIGHT="37" HPOS="554" VPOS="2300" WIDTH="37" />
<String CONTENT="1934;" HEIGHT="45" HPOS="592" VPOS="2298" WIDTH="140" />
<SP HEIGHT="45" HPOS="733" VPOS="2298" WIDTH="38" />
<String CONTENT="2c." HEIGHT="39" HPOS="772" VPOS="2298" WIDTH="64" />
<SP HEIGHT="37" HPOS="837" VPOS="2298" WIDTH="39" />
<String CONTENT="Mar." HEIGHT="38" HPOS="877" VPOS="2298" WIDTH="121" />
<SP HEIGHT="39" HPOS="999" VPOS="2297" WIDTH="36" />
<String CONTENT="3:" HEIGHT="40" HPOS="1036" VPOS="2297" WIDTH="51" />
<SP HEIGHT="29" HPOS="1088" VPOS="2308" WIDTH="40" />
<String CONTENT="aff." CS="1" />
<SP HEIGHT="39" HPOS="1209" VPOS="2298" WIDTH="38" />
<String CONTENT="Mar." HEIGHT="38" HPOS="1248" VPOS="2298" WIDTH="120" />
<SP HEIGHT="39" HPOS="1369" VPOS="2297" WIDTH="38" />
<String CONTENT="5;" HEIGHT="41" HPOS="1408" VPOS="2297" WIDTH="51" />
<SP HEIGHT="40" HPOS="1460" VPOS="2298" WIDTH="41" />
<String CONTENT="A" HEIGHT="37" HPOS="1502" VPOS="2298" WIDTH="39" />
<SP HEIGHT="39" HPOS="1542" VPOS="2298" WIDTH="36" />
<String CONTENT="70447:" HEIGHT="41" HPOS="1579" VPOS="2297" WIDTH="168" />
<SP HEIGHT="39" HPOS="1748" VPOS="2299" WIDTH="41" />
<String CONTENT="R." HEIGHT="38" HPOS="1790" VPOS="2299" WIDTH="52" />
<SP HEIGHT="38" HPOS="1843" VPOS="2299" WIDTH="41" />
<String CONTENT="W." HEIGHT="38" HPOS="1885" VPOS="2299" WIDTH="69" />
<SP HEIGHT="37" HPOS="1955" VPOS="2300" WIDTH="38" />
<String CONTENT="Winston." HEIGHT="41" HPOS="1994" VPOS="2299" WIDTH="236" />
</TextLine>
<TextLine CS="1" HEIGHT="49" HPOS="314" VPOS="2353" WIDTH="802">
<String CONTENT="Chapel" HEIGHT="47" HPOS="314" VPOS="2355" WIDTH="180" />
<SP HEIGHT="37" HPOS="495" VPOS="2356" WIDTH="25" />
<String CONTENT="Hill." HEIGHT="39" HPOS="521" VPOS="2355" WIDTH="115" />
<SP HEIGHT="39" HPOS="637" VPOS="2355" WIDTH="27" />
<String CONTENT="N." CS="1" HEIGHT="6" HPOS="712" VPOS="2387" WIDTH="5" />
<SP HEIGHT="39" HPOS="718" VPOS="2354" WIDTH="29" />
<String CONTENT="C." HEIGHT="39" HPOS="748" VPOS="2354" WIDTH="48" />
<SP HEIGHT="46" HPOS="797" VPOS="2354" WIDTH="70" />
<String CONTENT="(34-4693)" HEIGHT="48" HPOS="868" VPOS="2353" WIDTH="248" />
</TextLine>
<TextLine HEIGHT="66" HPOS="250" STYLEREFS="StyleId-0B57515E-1923-45F5-84FB-9910599FC671-" VPOS="2442" WIDTH="736">
<String CONTENT="Wood," HEIGHT="64" HPOS="250" VPOS="2444" WIDTH="194" />
<SP HEIGHT="64" HPOS="445" VPOS="2444" WIDTH="31" />
<String CONTENT="Howland," HEIGHT="65" HPOS="477" VPOS="2442" WIDTH="303" />
<SP HEIGHT="59" HPOS="781" VPOS="2448" WIDTH="33" />
<String CONTENT="1877-" HEIGHT="53" HPOS="815" VPOS="2443" WIDTH="171" />
</TextLine>
<TextLine HEIGHT="68" HPOS="316" STYLEREFS="StyleId-C86774B2-4B03-4469-BAEB-63543CB75FFF-" VPOS="2520" WIDTH="1920">
<String CONTENT="The" HEIGHT="53" HPOS="316" VPOS="2521" WIDTH="120" />
<SP HEIGHT="55" HPOS="437" VPOS="2520" WIDTH="30" />
<String CONTENT="Gampola" HEIGHT="68" HPOS="468" VPOS="2520" WIDTH="283" />
<SP HEIGHT="49" HPOS="752" VPOS="2524" WIDTH="28" />
<String CONTENT="larin" HEIGHT="52" HPOS="781" VPOS="2521" WIDTH="150" />
<SP HEIGHT="51" HPOS="932" VPOS="2521" WIDTH="28" />
<String CONTENT="hoard," HEIGHT="67" HPOS="961" VPOS="2521" WIDTH="198" />
<SP HEIGHT="67" HPOS="1160" VPOS="2521" WIDTH="27" />
<String CONTENT="by" HEIGHT="67" HPOS="1188" VPOS="2521" WIDTH="76" />
<SP HEIGHT="67" HPOS="1265" VPOS="2521" WIDTH="30" />
<String CONTENT="Howland" HEIGHT="52" HPOS="1296" VPOS="2521" WIDTH="289" />
<SP HEIGHT="53" HPOS="1586" VPOS="2521" WIDTH="27" />
<String CONTENT="Wood." HEIGHT="52" HPOS="1614" VPOS="2522" WIDTH="202" />
<SP HEIGHT="51" HPOS="1817" VPOS="2522" WIDTH="67" />
<String CONTENT="New" HEIGHT="52" HPOS="1885" VPOS="2522" WIDTH="139" />
<SP HEIGHT="51" HPOS="2025" VPOS="2522" WIDTH="32" />
<String CONTENT="York," HEIGHT="65" HPOS="2058" VPOS="2522" WIDTH="178" />
</TextLine>
<TextLine HEIGHT="68" HPOS="246" STYLEREFS="StyleId-C86774B2-4B03-4469-BAEB-63543CB75FFF-" VPOS="2598" WIDTH="1290">
<String CONTENT="The" HEIGHT="52" HPOS="246" VPOS="2599" WIDTH="120" />
<SP HEIGHT="53" HPOS="367" VPOS="2598" WIDTH="30" />
<String CONTENT="American" HEIGHT="52" HPOS="398" VPOS="2598" WIDTH="303" />
<SP HEIGHT="33" HPOS="702" VPOS="2617" WIDTH="31" />
<String CONTENT="numismatic" HEIGHT="52" HPOS="734" VPOS="2599" WIDTH="361" />
<SP HEIGHT="34" HPOS="1096" VPOS="2617" WIDTH="28" />
<String CONTENT="society," HEIGHT="66" HPOS="1125" VPOS="2600" WIDTH="227" />
<SP HEIGHT="63" HPOS="1353" VPOS="2603" WIDTH="31" />
<String CONTENT="1934." HEIGHT="49" HPOS="1385" VPOS="2602" WIDTH="151" />
</TextLine>
<TextLine CS="1" HEIGHT="49" HPOS="318" VPOS="2671" WIDTH="1920">
<String CONTENT="2" HEIGHT="38" HPOS="318" VPOS="2671" WIDTH="27" />
<SP HEIGHT="48" HPOS="346" VPOS="2671" WIDTH="38" />
<String CONTENT="p." HEIGHT="37" HPOS="385" VPOS="2682" WIDTH="43" />
<SP HEIGHT="39" HPOS="429" VPOS="2672" WIDTH="41" />
<String CONTENT="l.," CS="1" />
<SP HEIGHT="47" HPOS="514" VPOS="2671" WIDTH="41" />
<String CONTENT="84" HEIGHT="39" HPOS="556" VPOS="2671" WIDTH="56" />
<SP HEIGHT="48" HPOS="613" VPOS="2672" WIDTH="36" />
<String CONTENT="p." HEIGHT="37" HPOS="650" VPOS="2683" WIDTH="42" />
<SP HEIGHT="39" HPOS="693" VPOS="2672" WIDTH="69" />
<String CONTENT="front.," HEIGHT="47" HPOS="763" VPOS="2672" WIDTH="162" />
<SP HEIGHT="45" HPOS="926" VPOS="2674" WIDTH="43" />
<String CONTENT="illus.," HEIGHT="46" HPOS="970" VPOS="2673" WIDTH="140" />
<SP HEIGHT="37" HPOS="1111" VPOS="2683" WIDTH="40" />
<String CONTENT="plates." HEIGHT="48" HPOS="1152" VPOS="2672" WIDTH="168" />
<SP HEIGHT="37" HPOS="1321" VPOS="2675" WIDTH="61" />
<String CONTENT="17" HEIGHT="39" HPOS="1383" VPOS="2673" WIDTH="54" />
<String CONTENT="cm" HEIGHT="20" HPOS="1442" STYLE="superscript" VPOS="2675" WIDTH="42" />
<String CONTENT="." HEIGHT="7" HPOS="1490" VPOS="2705" WIDTH="7" />
<SP />
<String CONTENT="(Half-title:" HEIGHT="47" HPOS="1578" VPOS="2673" WIDTH="298" />
<SP HEIGHT="38" HPOS="1877" VPOS="2674" WIDTH="41" />
<String CONTENT="Numismatic" HEIGHT="41" HPOS="1919" VPOS="2674" WIDTH="319" />
</TextLine>
<TextLine HEIGHT="49" HPOS="247" VPOS="2729" WIDTH="886">
<String CONTENT="notes" HEIGHT="37" HPOS="247" VPOS="2732" WIDTH="135" />
<SP HEIGHT="28" HPOS="383" VPOS="2741" WIDTH="26" />
<String CONTENT="and" HEIGHT="38" HPOS="410" VPOS="2731" WIDTH="94" />
<SP HEIGHT="38" HPOS="505" VPOS="2731" WIDTH="26" />
<String CONTENT="monographs," HEIGHT="46" HPOS="532" VPOS="2731" WIDTH="333" />
<SP HEIGHT="29" HPOS="866" VPOS="2749" WIDTH="66" />
<String CONTENT="[no." HEIGHT="38" HPOS="933" VPOS="2740" WIDTH="85" />
<SP HEIGHT="40" HPOS="1019" VPOS="2729" WIDTH="18" />
<String CONTENT="61])" HEIGHT="48" HPOS="1038" VPOS="2729" WIDTH="95" />
</TextLine>
<TextLine CS="1" HEIGHT="50" HPOS="246" VPOS="2786" WIDTH="1928">
<String CONTENT="&#169;" HEIGHT="50" HPOS="246" VPOS="2786" WIDTH="50" />
<SP HEIGHT="50" HPOS="297" VPOS="2786" WIDTH="29" />
<String CONTENT="Jan." HEIGHT="38" HPOS="327" VPOS="2790" WIDTH="106" />
<SP HEIGHT="38" HPOS="434" VPOS="2789" WIDTH="28" />
<String CONTENT="26," HEIGHT="46" HPOS="463" VPOS="2788" WIDTH="68" />
<SP HEIGHT="45" HPOS="532" VPOS="2789" WIDTH="29" />
<String CONTENT="1934;" CS="1" />
<SP HEIGHT="40" HPOS="701" VPOS="2788" WIDTH="30" />
<String CONTENT="2c." HEIGHT="39" HPOS="732" VPOS="2788" WIDTH="64" />
<SP HEIGHT="27" HPOS="797" VPOS="2799" WIDTH="31" />
<String CONTENT="and" HEIGHT="37" HPOS="829" VPOS="2789" WIDTH="94" />
<SP HEIGHT="37" HPOS="924" VPOS="2789" WIDTH="28" />
<String CONTENT="aff." CS="1" />
<SP HEIGHT="39" HPOS="1034" VPOS="2788" WIDTH="28" />
<String CONTENT="Feb." HEIGHT="39" HPOS="1063" VPOS="2788" WIDTH="108" />
<SP HEIGHT="39" HPOS="1172" VPOS="2788" WIDTH="29" />
<String CONTENT="8:" CS="1" HEIGHT="29" HPOS="1245" VPOS="2798" WIDTH="8" />
<SP HEIGHT="39" HPOS="1254" VPOS="2788" WIDTH="31" />
<String CONTENT="A" HEIGHT="38" HPOS="1286" VPOS="2788" WIDTH="41" />
<SP HEIGHT="38" HPOS="1328" VPOS="2788" WIDTH="27" />
<String CONTENT="70150:" CS="1" HEIGHT="40" HPOS="1356" VPOS="2787" WIDTH="141" />
<SP HEIGHT="40" HPOS="1524" VPOS="2788" WIDTH="30" />
<String CONTENT="Amer." HEIGHT="40" HPOS="1555" VPOS="2788" WIDTH="158" />
<SP HEIGHT="27" HPOS="1714" VPOS="2801" WIDTH="29" />
<String CONTENT="numismatic" HEIGHT="41" HPOS="1744" VPOS="2790" WIDTH="310" />
<SP HEIGHT="29" HPOS="2055" VPOS="2802" WIDTH="27" />
<String CONTENT="soc." HEIGHT="29" HPOS="2083" VPOS="2802" WIDTH="91" />
</TextLine>
<TextLine HEIGHT="47" HPOS="326" VPOS="2845" WIDTH="249">
<String CONTENT="(34-3932)" HEIGHT="47" HPOS="326" VPOS="2845" WIDTH="249" />
</TextLine>
<TextLine CS="1" HEIGHT="69" HPOS="270" STYLEREFS="StyleId-0B57515E-1923-45F5-84FB-9910599FC671-" VPOS="2932" WIDTH="958">
<String CONTENT="[Woolfolk," CS="1" HEIGHT="67" HPOS="270" VPOS="2932" WIDTH="308" />
<SP HEIGHT="63" HPOS="579" VPOS="2936" WIDTH="28" />
<String CONTENT="Josiah" HEIGHT="54" HPOS="608" VPOS="2933" WIDTH="206" />
<SP HEIGHT="51" HPOS="815" VPOS="2935" WIDTH="29" />
<String CONTENT="Pitts]" CS="1" HEIGHT="68" HPOS="845" VPOS="2933" WIDTH="176" />
<SP HEIGHT="62" HPOS="1022" VPOS="2939" WIDTH="37" />
<String CONTENT="1894-" HEIGHT="48" HPOS="1060" VPOS="2938" WIDTH="168" />
</TextLine>
<TextLine CS="1" HEIGHT="71" HPOS="314" STYLEREFS="StyleId-C86774B2-4B03-4469-BAEB-63543CB75FFF-" VPOS="3010" WIDTH="1913">
<String CONTENT="Male" HEIGHT="51" HPOS="314" VPOS="3010" WIDTH="155" />
<SP HEIGHT="34" HPOS="470" VPOS="3028" WIDTH="23" />
<String CONTENT="and" HEIGHT="51" HPOS="494" VPOS="3013" WIDTH="111" />
<SP HEIGHT="52" HPOS="606" VPOS="3012" WIDTH="28" />
<String CONTENT="female," HEIGHT="63" HPOS="635" VPOS="3012" WIDTH="221" />
<SP HEIGHT="62" HPOS="857" VPOS="3013" WIDTH="24" />
<String CONTENT="by" HEIGHT="66" HPOS="882" VPOS="3013" WIDTH="75" />
<SP HEIGHT="67" HPOS="958" VPOS="3012" WIDTH="26" />
<String CONTENT="Gordon" HEIGHT="54" HPOS="985" VPOS="3012" WIDTH="231" />
<SP HEIGHT="54" HPOS="1217" VPOS="3013" WIDTH="29" />
<String CONTENT="Sayre" HEIGHT="65" HPOS="1247" VPOS="3013" WIDTH="177" />
<SP HEIGHT="48" HPOS="1425" VPOS="3031" WIDTH="31" />
<String CONTENT="[pseud.]" CS="1" HEIGHT="65" HPOS="1474" VPOS="3014" WIDTH="179" />
<SP />
<String CONTENT="New" HEIGHT="50" HPOS="1767" VPOS="3017" WIDTH="136" />
<SP HEIGHT="51" HPOS="1904" VPOS="3017" WIDTH="28" />
<String CONTENT="York," HEIGHT="64" HPOS="1933" VPOS="3017" WIDTH="176" />
<SP HEIGHT="63" HPOS="2110" VPOS="3018" WIDTH="28" />
<String CONTENT="W." HEIGHT="52" HPOS="2139" VPOS="3018" WIDTH="88" />
</TextLine>
<TextLine HEIGHT="61" HPOS="246" STYLEREFS="StyleId-C86774B2-4B03-4469-BAEB-63543CB75FFF-" VPOS="3087" WIDTH="590">
<String CONTENT="Godwin," HEIGHT="60" HPOS="246" VPOS="3087" WIDTH="261" />
<SP HEIGHT="58" HPOS="508" VPOS="3089" WIDTH="26" />
<String CONTENT="inc.," HEIGHT="59" HPOS="535" VPOS="3089" WIDTH="124" />
<SP HEIGHT="52" HPOS="660" VPOS="3096" WIDTH="28" />
<String CONTENT="1934." HEIGHT="48" HPOS="689" VPOS="3095" WIDTH="147" />
</TextLine>
<TextLine HEIGHT="47" HPOS="317" VPOS="3160" WIDTH="335">
<String CONTENT="285" HEIGHT="40" HPOS="317" VPOS="3160" WIDTH="85" />
<SP HEIGHT="47" HPOS="403" VPOS="3160" WIDTH="31" />
<String CONTENT="p." HEIGHT="36" HPOS="435" VPOS="3171" WIDTH="42" />
<SP HEIGHT="36" HPOS="478" VPOS="3163" WIDTH="60" />
<String CONTENT="19" HEIGHT="39" HPOS="539" VPOS="3161" WIDTH="54" />
<String CONTENT="cm" HEIGHT="20" HPOS="597" STYLE="superscript" VPOS="3163" WIDTH="43" />
<String CONTENT="." HEIGHT="7" HPOS="645" VPOS="3194" WIDTH="7" />
</TextLine>
<TextLine CS="1" HEIGHT="50" HPOS="249" VPOS="3214" WIDTH="1982">
<String CONTENT="&#169;" HEIGHT="50" HPOS="249" VPOS="3214" WIDTH="50" />
<SP HEIGHT="50" HPOS="300" VPOS="3214" WIDTH="38" />
<String CONTENT="Feb." HEIGHT="39" HPOS="339" VPOS="3218" WIDTH="108" />
<SP HEIGHT="39" HPOS="448" VPOS="3218" WIDTH="37" />
<String CONTENT="9," HEIGHT="40" HPOS="486" VPOS="3218" WIDTH="37" />
<SP HEIGHT="38" HPOS="524" VPOS="3220" WIDTH="38" />
<String CONTENT="1934;" CS="1" />
<SP HEIGHT="39" HPOS="702" VPOS="3219" WIDTH="38" />
<String CONTENT="2c." HEIGHT="38" HPOS="741" VPOS="3219" WIDTH="65" />
<SP HEIGHT="37" HPOS="807" VPOS="3219" WIDTH="39" />
<String CONTENT="Feb." HEIGHT="39" HPOS="847" VPOS="3219" WIDTH="109" />
<SP HEIGHT="37" HPOS="957" VPOS="3221" WIDTH="37" />
<String CONTENT="17:" HEIGHT="37" HPOS="995" VPOS="3220" WIDTH="80" />
<SP HEIGHT="28" HPOS="1076" VPOS="3229" WIDTH="40" />
<String CONTENT="aff." CS="1" />
<SP HEIGHT="37" HPOS="1196" VPOS="3219" WIDTH="38" />
<String CONTENT="Mar." HEIGHT="39" HPOS="1235" VPOS="3219" WIDTH="121" />
<SP HEIGHT="37" HPOS="1357" VPOS="3221" WIDTH="37" />
<String CONTENT="13:" HEIGHT="38" HPOS="1395" VPOS="3220" WIDTH="79" />
<SP HEIGHT="38" HPOS="1475" VPOS="3220" WIDTH="41" />
<String CONTENT="A" HEIGHT="37" HPOS="1517" VPOS="3220" WIDTH="40" />
<SP HEIGHT="40" HPOS="1558" VPOS="3219" WIDTH="36" />
<String CONTENT="69535:" HEIGHT="41" HPOS="1595" VPOS="3219" WIDTH="168" />
<SP HEIGHT="39" HPOS="1764" VPOS="3221" WIDTH="40" />
<String CONTENT="J." HEIGHT="39" HPOS="1805" VPOS="3221" WIDTH="42" />
<SP HEIGHT="39" HPOS="1848" VPOS="3221" WIDTH="38" />
<String CONTENT="P." HEIGHT="40" HPOS="1887" VPOS="3221" WIDTH="49" />
<SP HEIGHT="39" HPOS="1937" VPOS="3222" WIDTH="37" />
<String CONTENT="Woolfolk," HEIGHT="40" HPOS="1975" VPOS="3222" WIDTH="256" />
</TextLine>
<TextLine CS="1" HEIGHT="46" HPOS="316" VPOS="3275" WIDTH="791">
<String CONTENT="Jacksonville." HEIGHT="40" HPOS="316" VPOS="3275" WIDTH="341" />
<SP HEIGHT="40" HPOS="658" VPOS="3275" WIDTH="26" />
<String CONTENT="Fla." HEIGHT="39" HPOS="685" VPOS="3275" WIDTH="100" />
<SP HEIGHT="46" HPOS="786" VPOS="3275" WIDTH="71" />
<String CONTENT="(34-344)" CS="1" HEIGHT="46" HPOS="858" VPOS="3275" WIDTH="249" />
</TextLine>
<TextLine CS="1" HEIGHT="72" HPOS="257" STYLEREFS="StyleId-C86774B2-4B03-4469-BAEB-63543CB75FFF-" VPOS="3362" WIDTH="1974">
<String CONTENT="The" HEIGHT="52" HPOS="257" VPOS="3362" WIDTH="113" />
<SP HEIGHT="33" HPOS="371" VPOS="3381" WIDTH="35" />
<String CONTENT="&#8230;" CS="1" />
<SP HEIGHT="44" HPOS="461" VPOS="3380" WIDTH="32" />
<String CONTENT="year" HEIGHT="44" HPOS="494" VPOS="3380" WIDTH="142" />
<SP HEIGHT="52" HPOS="637" VPOS="3364" WIDTH="27" />
<String CONTENT="book" HEIGHT="51" HPOS="665" VPOS="3364" WIDTH="149" />
<SP HEIGHT="51" HPOS="815" VPOS="3365" WIDTH="28" />
<String CONTENT="of" HEIGHT="52" HPOS="844" VPOS="3364" WIDTH="62" />
<SP HEIGHT="51" HPOS="907" VPOS="3364" WIDTH="26" />
<String CONTENT="the" HEIGHT="52" HPOS="934" VPOS="3365" WIDTH="94" />
<SP HEIGHT="34" HPOS="1029" VPOS="3383" WIDTH="29" />
<String CONTENT="eye." HEIGHT="48" HPOS="1059" VPOS="3383" WIDTH="113" />
<SP HEIGHT="33" HPOS="1173" VPOS="3384" WIDTH="28" />
<String CONTENT="ear," HEIGHT="40" HPOS="1202" VPOS="3383" WIDTH="110" />
<SP HEIGHT="39" HPOS="1313" VPOS="3384" WIDTH="28" />
<String CONTENT="nose" HEIGHT="34" HPOS="1342" VPOS="3383" WIDTH="130" />
<SP HEIGHT="33" HPOS="1473" VPOS="3384" WIDTH="30" />
<String CONTENT="and" HEIGHT="50" HPOS="1504" VPOS="3367" WIDTH="110" />
<SP HEIGHT="51" HPOS="1615" VPOS="3367" WIDTH="28" />
<String CONTENT="throat" HEIGHT="54" HPOS="1644" VPOS="3367" WIDTH="191" />
<SP HEIGHT="58" HPOS="1836" VPOS="3376" WIDTH="35" />
<String CONTENT="[1933]" CS="1" HEIGHT="61" HPOS="1892" VPOS="3372" WIDTH="149" />
<SP HEIGHT="63" HPOS="2042" VPOS="3370" WIDTH="71" />
<String CONTENT="The" HEIGHT="52" HPOS="2114" VPOS="3368" WIDTH="117" />
</TextLine>
<TextLine CS="1" HEIGHT="64" HPOS="321" STYLEREFS="StyleId-C86774B2-4B03-4469-BAEB-63543CB75FFF-" VPOS="3441" WIDTH="1767">
<String CONTENT="eye" HEIGHT="47" HPOS="321" VPOS="3458" WIDTH="94" />
<SP HEIGHT="46" HPOS="416" VPOS="3459" WIDTH="36" />
<String CONTENT="[by]" CS="1" HEIGHT="64" HPOS="470" VPOS="3441" WIDTH="90" />
<SP HEIGHT="62" HPOS="561" VPOS="3443" WIDTH="37" />
<String CONTENT="E." HEIGHT="49" HPOS="599" VPOS="3443" WIDTH="62" />
<SP HEIGHT="50" HPOS="662" VPOS="3444" WIDTH="29" />
<String CONTENT="Y." HEIGHT="50" HPOS="692" VPOS="3444" WIDTH="68" />
<SP HEIGHT="49" HPOS="761" VPOS="3443" WIDTH="30" />
<String CONTENT="L." HEIGHT="50" HPOS="792" VPOS="3443" WIDTH="61" />
<SP HEIGHT="48" HPOS="854" VPOS="3445" WIDTH="31" />
<String CONTENT="Brown," HEIGHT="56" HPOS="886" VPOS="3445" WIDTH="226" />
<SP HEIGHT="42" HPOS="1113" VPOS="3459" WIDTH="31" />
<String CONTENT="M." CS="1" />
<SP />
<String CONTENT="D." CS="1" />
<SP HEIGHT="9" HPOS="1281" VPOS="3486" WIDTH="36" />
<String CONTENT="&#8230;" CS="1" />
<SP HEIGHT="31" HPOS="1372" VPOS="3462" WIDTH="35" />
<String CONTENT="and" HEIGHT="50" HPOS="1408" VPOS="3444" WIDTH="111" />
<SP HEIGHT="51" HPOS="1520" VPOS="3444" WIDTH="28" />
<String CONTENT="Louis" HEIGHT="53" HPOS="1549" VPOS="3444" WIDTH="173" />
<SP HEIGHT="49" HPOS="1723" VPOS="3448" WIDTH="29" />
<String CONTENT="Bothman," HEIGHT="54" HPOS="1753" VPOS="3446" WIDTH="304" />
<SP HEIGHT="38" HPOS="2058" VPOS="3462" WIDTH="30" />
<String CONTENT="M." CS="1" />
<SP />
<String CONTENT="D." CS="1" />
</TextLine>
<TextLine CS="1" HEIGHT="73" HPOS="381" STYLEREFS="StyleId-C86774B2-4B03-4469-BAEB-63543CB75FFF-" VPOS="3518" WIDTH="1851">
<String CONTENT="&#8230;" CS="1" />
<SP HEIGHT="49" HPOS="381" VPOS="3518" WIDTH="78" />
<String CONTENT="The" HEIGHT="51" HPOS="460" VPOS="3518" WIDTH="118" />
<SP HEIGHT="32" HPOS="579" VPOS="3537" WIDTH="39" />
<String CONTENT="ear," HEIGHT="48" HPOS="619" VPOS="3537" WIDTH="110" />
<SP HEIGHT="47" HPOS="730" VPOS="3538" WIDTH="38" />
<String CONTENT="nose" HEIGHT="35" HPOS="769" VPOS="3536" WIDTH="128" />
<SP HEIGHT="32" HPOS="898" VPOS="3539" WIDTH="39" />
<String CONTENT="and" HEIGHT="50" HPOS="938" VPOS="3521" WIDTH="112" />
<SP HEIGHT="51" HPOS="1051" VPOS="3521" WIDTH="37" />
<String CONTENT="throat" HEIGHT="51" HPOS="1089" VPOS="3521" WIDTH="194" />
<SP HEIGHT="61" HPOS="1284" VPOS="3525" WIDTH="40" />
<String CONTENT="[by]" CS="1" HEIGHT="65" HPOS="1325" VPOS="3521" WIDTH="51" />
<SP HEIGHT="63" HPOS="1434" VPOS="3522" WIDTH="44" />
<String CONTENT="George" HEIGHT="67" HPOS="1479" VPOS="3522" WIDTH="218" />
<SP HEIGHT="50" HPOS="1698" VPOS="3524" WIDTH="40" />
<String CONTENT="E." HEIGHT="51" HPOS="1739" VPOS="3524" WIDTH="66" />
<SP HEIGHT="54" HPOS="1806" VPOS="3522" WIDTH="40" />
<String CONTENT="Shambaugh," HEIGHT="69" HPOS="1847" VPOS="3522" WIDTH="385" />
</TextLine>
<TextLine CS="1" HEIGHT="127" HPOS="321" STYLEREFS="StyleId-C86774B2-4B03-4469-BAEB-63543CB75FFF-" VPOS="3597" WIDTH="1883">
<String CONTENT="M." CS="1" />
<SP />
<String CONTENT="D." CS="1" />
<SP HEIGHT="9" HPOS="462" VPOS="3638" WIDTH="39" />
<String CONTENT="&#8230;" CS="1" />
<SP HEIGHT="32" HPOS="556" VPOS="3616" WIDTH="35" />
<String CONTENT="and" HEIGHT="51" HPOS="592" VPOS="3597" WIDTH="109" />
<SP HEIGHT="51" HPOS="702" VPOS="3597" WIDTH="32" />
<String CONTENT="Elmer" HEIGHT="50" HPOS="735" VPOS="3598" WIDTH="194" />
<SP HEIGHT="53" HPOS="930" VPOS="3599" WIDTH="25" />
<String CONTENT="W." HEIGHT="53" HPOS="956" VPOS="3599" WIDTH="89" />
<SP HEIGHT="51" HPOS="1046" VPOS="3599" WIDTH="31" />
<String CONTENT="Hagens," HEIGHT="66" HPOS="1078" VPOS="3599" WIDTH="251" />
<SP HEIGHT="49" HPOS="1330" VPOS="3614" WIDTH="30" />
<String CONTENT="M." CS="1" />
<SP />
<String CONTENT="D." CS="1" />
<SP HEIGHT="9" HPOS="1503" VPOS="3641" WIDTH="39" />
<String CONTENT="&#8230;" CS="1" />
<SP HEIGHT="30" HPOS="1596" VPOS="3620" WIDTH="36" />
<String CONTENT="Avith" HEIGHT="51" HPOS="1633" VPOS="3600" WIDTH="137" />
<SP HEIGHT="50" HPOS="1771" VPOS="3601" WIDTH="28" />
<String CONTENT="the" HEIGHT="51" HPOS="1800" VPOS="3601" WIDTH="92" />
<SP HEIGHT="33" HPOS="1893" VPOS="3620" WIDTH="30" />
<String CONTENT="collaboration" HEIGHT="122" HPOS="321" VPOS="3602" WIDTH="1883" />
</TextLine>
<TextLine CS="1" HEIGHT="71" HPOS="477" STYLEREFS="StyleId-C86774B2-4B03-4469-BAEB-63543CB75FFF-" VPOS="3673" WIDTH="1754">
<String CONTENT="of" HEIGHT="50" HPOS="477" VPOS="3674" WIDTH="61" />
<SP HEIGHT="54" HPOS="539" VPOS="3673" WIDTH="35" />
<String CONTENT="George" HEIGHT="67" HPOS="575" VPOS="3673" WIDTH="218" />
<SP HEIGHT="50" HPOS="794" VPOS="3676" WIDTH="36" />
<String CONTENT="E." HEIGHT="50" HPOS="831" VPOS="3676" WIDTH="64" />
<SP HEIGHT="53" HPOS="896" VPOS="3675" WIDTH="38" />
<String CONTENT="Shambaugh," HEIGHT="68" HPOS="935" VPOS="3675" WIDTH="385" />
<SP HEIGHT="66" HPOS="1321" VPOS="3676" WIDTH="34" />
<String CONTENT="jr.," HEIGHT="66" HPOS="1356" VPOS="3676" WIDTH="88" />
<SP HEIGHT="37" HPOS="1445" VPOS="3693" WIDTH="35" />
<String CONTENT="M." CS="1" />
<SP />
<String CONTENT="D." CS="1" />
<SP HEIGHT="8" HPOS="1629" VPOS="3721" WIDTH="43" />
<String CONTENT="&#8230;" CS="1" />
<SP HEIGHT="53" HPOS="1728" VPOS="3678" WIDTH="79" />
<String CONTENT="Chicago." HEIGHT="66" HPOS="1808" VPOS="3678" WIDTH="266" />
<SP HEIGHT="51" HPOS="2075" VPOS="3680" WIDTH="37" />
<String CONTENT="The" HEIGHT="51" HPOS="2113" VPOS="3679" WIDTH="118" />
</TextLine>
<TextLine CS="1" HEIGHT="69" HPOS="324" STYLEREFS="StyleId-C86774B2-4B03-4469-BAEB-63543CB75FFF-" VPOS="3751" WIDTH="1381">
<String CONTENT="Year" HEIGHT="50" HPOS="324" VPOS="3751" WIDTH="148" />
<SP HEIGHT="50" HPOS="473" VPOS="3751" WIDTH="37" />
<String CONTENT="book" HEIGHT="50" HPOS="511" VPOS="3751" WIDTH="145" />
<SP HEIGHT="66" HPOS="657" VPOS="3751" WIDTH="36" />
<String CONTENT="publishers," HEIGHT="66" HPOS="694" VPOS="3751" WIDTH="337" />
<SP HEIGHT="55" HPOS="1032" VPOS="3753" WIDTH="38" />
<String CONTENT="incorporated" HEIGHT="67" HPOS="1071" VPOS="3753" WIDTH="397" />
<SP HEIGHT="65" HPOS="1469" VPOS="3755" WIDTH="45" />
<String CONTENT="[c1933]" CS="1" HEIGHT="63" HPOS="1556" VPOS="3757" WIDTH="149" />
</TextLine>
<TextLine CS="1" HEIGHT="53" HPOS="315" VPOS="3831" WIDTH="1738">
<String CONTENT="632" HEIGHT="39" HPOS="315" VPOS="3831" WIDTH="84" />
<SP HEIGHT="47" HPOS="400" VPOS="3831" WIDTH="28" />
<String CONTENT="p." HEIGHT="36" HPOS="429" VPOS="3842" WIDTH="40" />
<SP HEIGHT="39" HPOS="470" VPOS="3832" WIDTH="59" />
<String CONTENT="illus.," HEIGHT="44" HPOS="530" VPOS="3832" WIDTH="141" />
<SP HEIGHT="43" HPOS="672" VPOS="3833" WIDTH="31" />
<String CONTENT="diagrs." HEIGHT="48" HPOS="704" VPOS="3832" WIDTH="178" />
<SP HEIGHT="38" HPOS="883" VPOS="3834" WIDTH="58" />
<String CONTENT="18&#189;cm." CS="1" HEIGHT="39" HPOS="942" VPOS="3833" WIDTH="55" />
<SP HEIGHT="47" HPOS="1085" VPOS="3834" WIDTH="71" />
<String CONTENT="(Practical" HEIGHT="48" HPOS="1157" VPOS="3833" WIDTH="263" />
<SP HEIGHT="37" HPOS="1421" VPOS="3836" WIDTH="30" />
<String CONTENT="medicine" HEIGHT="40" HPOS="1452" VPOS="3835" WIDTH="235" />
<SP HEIGHT="28" HPOS="1688" VPOS="3847" WIDTH="31" />
<String CONTENT="series," HEIGHT="45" HPOS="1720" VPOS="3836" WIDTH="162" />
<SP HEIGHT="44" HPOS="1883" VPOS="3837" WIDTH="32" />
<String CONTENT="1933)" HEIGHT="48" HPOS="1916" VPOS="3836" WIDTH="137" />
</TextLine>
<TextLine CS="1" HEIGHT="56" HPOS="248" VPOS="3892" WIDTH="1979">
<String CONTENT="&#169;" HEIGHT="50" HPOS="248" VPOS="3892" WIDTH="50" />
<SP HEIGHT="50" HPOS="299" VPOS="3892" WIDTH="24" />
<String CONTENT="Dec." HEIGHT="39" HPOS="324" VPOS="3896" WIDTH="109" />
<SP HEIGHT="41" HPOS="434" VPOS="3894" WIDTH="25" />
<String CONTENT="6," HEIGHT="47" HPOS="460" VPOS="3894" WIDTH="38" />
<SP HEIGHT="43" HPOS="499" VPOS="3898" WIDTH="25" />
<String CONTENT="1933;" CS="1" HEIGHT="40" HPOS="525" VPOS="3895" WIDTH="111" />
<SP HEIGHT="46" HPOS="664" VPOS="3896" WIDTH="26" />
<String CONTENT="2c." HEIGHT="40" HPOS="691" VPOS="3896" WIDTH="64" />
<SP HEIGHT="28" HPOS="756" VPOS="3907" WIDTH="27" />
<String CONTENT="and" HEIGHT="38" HPOS="784" VPOS="3898" WIDTH="94" />
<SP HEIGHT="38" HPOS="879" VPOS="3898" WIDTH="24" />
<String CONTENT="aff." CS="1" />
<SP HEIGHT="40" HPOS="984" VPOS="3897" WIDTH="27" />
<String CONTENT="Jan." HEIGHT="40" HPOS="1012" VPOS="3897" WIDTH="107" />
<SP HEIGHT="38" HPOS="1120" VPOS="3899" WIDTH="23" />
<String CONTENT="4," HEIGHT="44" HPOS="1144" VPOS="3899" WIDTH="39" />
<SP HEIGHT="44" HPOS="1184" VPOS="3899" WIDTH="25" />
<String CONTENT="1934;" HEIGHT="47" HPOS="1210" VPOS="3897" WIDTH="139" />
<SP HEIGHT="45" HPOS="1350" VPOS="3899" WIDTH="27" />
<String CONTENT="A" HEIGHT="37" HPOS="1378" VPOS="3899" WIDTH="41" />
<SP HEIGHT="39" HPOS="1420" VPOS="3898" WIDTH="24" />
<String CONTENT="68708;" HEIGHT="47" HPOS="1445" VPOS="3898" WIDTH="167" />
<SP HEIGHT="44" HPOS="1613" VPOS="3901" WIDTH="28" />
<String CONTENT="Year" HEIGHT="38" HPOS="1642" VPOS="3901" WIDTH="127" />
<SP HEIGHT="38" HPOS="1770" VPOS="3901" WIDTH="23" />
<String CONTENT="book" HEIGHT="39" HPOS="1794" VPOS="3901" WIDTH="122" />
<SP HEIGHT="47" HPOS="1917" VPOS="3901" WIDTH="24" />
<String CONTENT="publishers," HEIGHT="48" HPOS="1942" VPOS="3900" WIDTH="285" />
</TextLine>
<TextLine HEIGHT="39" HPOS="322" VPOS="3952" WIDTH="86">
<String CONTENT="inc." HEIGHT="39" HPOS="322" VPOS="3952" WIDTH="86" />
</TextLine>
</TextBlock>
</PrintSpace>
</Page>
</Layout>
</alto>