2350 4196
1132 4006 133 54 1702

199 374 341 63 Eggleston,
570 375 137 52 Mrs.
739 376 303 61 Margaret
1080 373 254 66 (White)
1374 375 169 52 1878-

266 452 172 50 Faith
482 469 62 33 or
587 449 123 55 fear
752 452 59 51 in
855 452 152 51 child
1049 451 273 66 training,
1362 451 74 65 by
1480 448 296 67 Margaret
1815 449 89 52 W.
196 449 1966 130 Eggleston

389 526 1417 69 … New York, Bound table press, inc., 1934.
265 600 65 42 xi,
357 599 84 39 191
469 608 42 37 p.
574 598 56 40 20
634 601 15 21 cm
683 630 6 6 .

269 655 321 41 “References
610 655 76 40 for
711 655 193 40 further
928 656 137 46 help”
1091 659 51 35 at
1166 656 88 38 end
1281 655 52 38 of
1356 654 115 39 each
1498 653 200 46 chapter
1723 656 169 44 except
1918 654 198 46 chapter
2143 664 41 28 x.

203 709 49 51 ©
281 714 116 39 Nov
424 713 67 42 20,
519 712 138 43 1934:
686 716 62 35 2c.
776 716 90 36 and
896 713 79 40 aff.
1006 715 107 37 Dec.
1143 716 18 35 1
1183 725 7 29 :
1221 716 35 35 A
1288 712 139 40 78382
1447 724 7 29 ;
1491 711 167 41 Round
1687 711 127 40 table
1840 722 149 38 press,
2018 711 88 40 inc.

279 769 277 48 (34-42370)

202 845 382 65 Eichenauer,
616 846 274 55 Richard.

270 922 192 52 Musik
499 923 115 52 und
657 941 163 41 rasse,
860 942 107 33 von
1008 924 246 52 Richard
1296 923 369 52 Eichenauer.
1740 923 113 50 Mit
198 921 1964 146 abbildungen

353 1002 111 51 und
515 1001 493 67 notenbeispielen.
1093 1001 251 52 Munich.
1392 1003 52 50 J.
1497 1002 61 49 F.
1612 1000 318 52 Lehmanns
1977 1002 211 64 verlag,

202 1081 146 50 1932.

276 1154 11 35 1
357 1184 6 6 v.

204 1202 1982 54 © Oct. 22. 1932: 1c. Dec. 27 : A-Foreign 19105; 7. F. Lehmanns verlag.
203 1327 243 63 Endres,
479 1328 179 61 Fritz,
692 1331 169 49 1886-
1074 1328 80 50 ed.

273 1401 409 68 Hindenburg;
715 1401 196 68 briefe,
942 1401 186 67 reden,
1161 1402 261 65 berichte,
1449 1400 451 68 herausgegeben
1930 1400 117 51 und

204 1401 1963 145 eingeleitet
458 1497 103 33 von
591 1479 156 53 Fritz
772 1478 237 53 Endres.
1070 1479 112 52 Mit
1206 1479 129 53 acht
1359 1478 307 53 bildtafeln
1693 1477 115 53 und
1834 1477 153 54 sechs

206 1477 1959 146 zeichnungen.
520 1555 372 54 Ebenhausen
927 1556 86 51 bei
1049 1556 302 65 Miinchen,
1385 1556 86 53 W.
1510 1554 679 67 Langewiesche-Brandt

228 1636 155 48 [ c 1934]
275 1701 1905 55 196 p. illus., plates, ports. 19 cm . (Half-title: … Die bücher der rose)
275 1762 195 38 “Erstes
500 1762 71 38 bis
599 1760 196 40 zehntes
823 1761 248 39 tausend.”

277 1819 281 38 “Nachweis
587 1819 84 37 der
703 1816 304 48 wichtigsten
1037 1817 216 47 quellen”
1274 1831 7 26 :
1315 1828 39 36 p.
1386 1818 96 40 193.

206 1871 1985 103 © Sept. 5. 1934: 1c. Nov. 10; A-Foreign 20081 : Wilhelm Langewiesche-Brandt.
545 1933 277 46 (34-42401)

205 2008 274 64 Fortune,
504 2011 136 51 Mrs.
670 2009 112 52 Jan
811 2008 223 64 Isbelle,
1067 2014 166 48 1892-

207 2083 1960 146 Tower to the east, a sonnet sequence, by Jan I. Fortune. Dallas, Tex., Southwest press [ c 1034]
290 2235 70 48 [32]
393 2247 41 35 p.
492 2235 147 40 front.
695 2234 57 40 19
753 2237 44 20 cm
802 2269 8 7 .

277 2292 168 38 “From
475 2293 82 38 the
585 2301 232 38 sequence
845 2292 190 46 printed
1067 2293 47 38 in
1148 2293 78 39 the
1255 2294 171 40 Dallas
1454 2294 198 46 journal
1682 2295 150 38 under
1865 2296 80 38 the
1973 2304 141 29 name
2143 2295 49 37 of

204 2349 130 39 Lake
359 2349 183 40 shore.”

207 2402 51 50 ©
290 2407 107 37 Dec.
431 2406 37 40 8.
501 2406 138 39 1934:
673 2407 64 37 2c.
771 2406 93 38 and
896 2405 78 39 aff.
1007 2407 109 37 Dec.
1150 2406 78 46 13;
1264 2408 40 37 A
1335 2408 167 45 78511;
1539 2407 277 42 Southwest
1846 2416 149 40 press.

284 2462 278 49 (34-42028)

205 2535 367 65 Garraghan,
606 2537 224 53 Gilbert
860 2538 238 62 Joseph,
1132 2540 166 53 1871-

279 2612 277 66 Chapters
588 2612 53 51 in
675 2611 242 55 frontier
944 2612 247 68 history;
1225 2616 247 51 research
1508 2616 213 53 studies
1755 2617 52 50 in
1841 2616 92 52 the
1962 2614 233 68 making

211 2688 1983 74 of the West, by Gilbert J. Garraghan … Milwaukee, The
212 2765 1059 71 Bruce publishing company [ c 1934]
279 2835 1912 59 XV, 188 p. front., ports., maps (2 fold.) 22 cm . (Half-title: Science
208 2893 1469 54 and culture series, Joseph Husslein … general editor)
209 2950 51 50 ©
293 2956 112 37 Nov.
437 2956 37 38 2,
508 2955 105 38 1934
637 2966 6 29 :
676 2957 63 36 2c.
770 2955 91 38 and
896 2954 78 39 aff.
1009 2955 106 37 Dec.
1147 2957 78 39 17:
1257 2959 38 36 A
1328 2958 166 40 77674:
1534 2958 151 41 Bruce
1717 2959 103 47 pub.
1855 2969 63 28 co.

286 3011 279 46 (34-42405)

207 3085 197 59 Gibbs,
436 3086 218 63 Gladys
682 3088 80 61 T.,
794 3105 176 47 comp.

276 3163 280 68 Fighting
597 3164 117 66 fire,
753 3162 134 53 with
935 3164 157 66 forty
1135 3164 244 67 pictures
1421 3169 204 66 telling
1665 3170 98 51 the
1802 3174 156 60 story
2000 3168 61 52 of
2101 3169 93 51 the

205 3240 173 52 brave
408 3242 110 50 and
552 3239 233 55 fearless
819 3241 138 51 lives
989 3241 64 52 of
1081 3241 246 67 firemen,
1363 3246 265 52 collected
1664 3247 106 51 and
1808 3247 276 65 arranged
2123 3246 73 65 by

205 3316 218 67 Gladys
466 3318 62 50 T.
573 3316 194 55 Gibbs.
861 3318 230 66 Racine,
1132 3319 158 65 Wis.,
1332 3321 297 54 Whitman
1675 3321 333 68 publishing
204 3341 1962 119 company,
401 3400 18 21 c
424 3397 149 49 1934.

279 3467 82 49 [41]
393 3478 42 36 p.
467 3465 50 41 of
545 3467 127 39 illus.
731 3466 55 38 24½
820 3468 43 21 cm
868 3498 8 8 .

210 3519 49 50 ©
292 3523 125 48 Sept.
446 3524 66 39 15,
541 3520 139 42 1934:
710 3523 64 38 2c.
803 3523 108 37 Dec.
943 3524 22 37 7
985 3533 7 29 :
1024 3523 78 38 aff.
1135 3524 111 37 Nov.
1276 3525 81 40 30:
1389 3527 34 37 A
1456 3527 167 41 77522:
1657 3528 247 40 Whitman
1934 3528 107 47 pub.
2097 3538 37 27 co.

287 3579 279 46 (34-42184)

207 3652 128 65 Gill,
365 3653 259 64 Stanley,
658 3659 169 49 1899-

277 3729 54 51 A
370 3735 191 60 report
600 3749 70 31 on
712 3731 91 50 the
843 3731 312 65 petroleum
1194 3732 264 69 industry
1497 3735 64 51 of
1600 3737 91 51 the
1732 3734 214 54 United
1989 3735 204 67 States,

207 3802 1959 132 by Stanley Gill … prepared for presentation to the subcommittee
568 3900 66 35 on
687 3883 307 66 petroleum
1043 3884 401 68 investigation
1492 3889 63 51 of
1599 3888 94 55 the
1740 3888 334 55 Committee
2120 3909 72 33 on
