2350 4196
1163 4012 132 50 1542

316 451 132 39 “List
475 452 49 38 of
553 450 359 41 abbreviations
941 452 51 40 of
1017 452 219 40 sources”:
1296 462 43 37 p.
1368 452 127 38 1-14.
1555 451 375 49 “Bibliography
1959 452 52 39 of
237 453 1975 102 secondary
355 507 220 40 sources”:
635 517 42 37 p.
711 508 157 40 15-17.

243 562 50 51 ©
328 567 114 37 Nov.
478 567 38 45 1,
549 565 139 47 1934;
723 566 64 39 2c.
822 568 116 38 Nov.
974 569 49 38 7;
1061 567 80 39 aff.
1175 568 116 38 Nov.
1324 568 51 39 3:
1413 568 40 36 A
1485 566 168 48 76953;
1690 568 272 39 Mediaeval
1996 570 233 45 academy

310 624 50 37 of
388 622 234 40 America.
695 621 277 51 (34-38360)

243 698 192 63 Elson,
467 700 205 62 Henry
703 698 269 54 William.
1010 699 170 53 1857-

237 775 1926 146 Modern times and the living past, Henry W. Elson … New York, Cincinnati [etc.]
1182 854 306 53 American
1523 854 146 52 book
1706 872 278 48 company
2031 858 174 62 [c1934]

307 925 98 48 viii,
435 926 96 46 732,
562 926 272 39 ix-xxxviii
863 935 40 37 p.
965 928 85 40 col.
1078 926 161 47 front.,
1269 927 141 45 illus.,
1441 928 155 45 plates
1624 926 134 48 (part
1785 925 111 47 col.)
1933 936 136 37 maps
2097 925 134 48 (part

237 981 196 47 double)
502 982 58 40 20½
590 984 43 22 cm
640 1016 7 7 .

313 1040 122 38 “For
464 1040 195 39 further
692 1039 226 48 reading”
951 1041 50 38 at
1031 1041 90 38 end
1150 1040 50 39 of
1229 1042 125 37 most
1386 1039 51 39 of
1466 1041 81 37 the
1577 1040 239 47 chapters.

245 1093 1970 50 © Oct. 29, 1934; 1c. Nov. 1: 1c. Nov. 10; aff. Oct. 31; A 77172; Amer.
311 1155 121 38 book
468 1165 66 28 co.
598 1154 282 48 [Copyright
911 1155 39 38 is
986 1153 199 40 claimed
1224 1165 59 29 on
1319 1155 222 46 changes]
1615 1152 278 48 (34-38318)

245 1229 189 64 Finer,
465 1231 281 55 Herman.

310 1305 119 51 The
458 1305 200 68 theory
686 1307 111 51 and
824 1306 245 67 practice
1100 1305 63 52 of
1188 1306 235 51 modern
1454 1311 387 63 government,
1871 1304 74 69 by
1974 1304 257 52 Herman

241 1380 1988 71 Finer … revised by William B. Guthrie … with a foreword
241 1460 1990 145 by Professor Howard Lee McBain … New York, Dial press inc., 1934.
313 1622 74 32 xv,
416 1612 85 39 918
526 1622 42 36 p.
630 1611 54 39 23½
718 1613 42 20 cm
765 1643 7 6 .

313 1668 37 36 A
380 1668 207 39 revision
616 1668 51 39 of
694 1669 79 39 the
804 1667 217 40 author's
1048 1671 94 36 two
1173 1668 186 39 volume
1389 1667 145 39 work.
1601 1665 59 46 cf.
1692 1667 125 39 Pref.

247 1723 50 51 ©
337 1728 125 46 Sept.
496 1726 68 42 24.
600 1725 139 41 1934:
775 1726 66 39 2c.
879 1726 124 47 Sept.
1040 1726 80 45 25;
1159 1725 77 40 aff.
1275 1727 99 39 Oct.
1411 1726 81 45 16;
1530 1727 40 37 A
1604 1725 168 47 75862;
1812 1725 112 40 Dial
1959 1735 147 38 press,
2140 1727 90 39 inc.

317 1784 279 48 [Copyright
624 1785 39 37 is
691 1783 202 39 claimed
920 1794 60 28 on
1006 1783 242 39 foreword
1275 1784 94 38 and
1396 1784 209 47 preface]
1679 1782 277 48 (34-38357)

247 1858 145 65 Fite,
426 1860 261 61 Warner,
720 1858 170 52 1867-

242 1933 1992 134 The platonic legend, by Warner Fite … New York, London, C.
335 2012 310 55 Scribner’s
672 2030 145 49 sons,
848 2015 148 48 1934.

313 2086 87 41 viii
426 2097 57 38 p.,
510 2086 25 39 1
598 2117 8 17 l.,
634 2086 84 40 331
746 2097 42 36 p.
849 2084 54 40 21
907 2087 44 21 cm
956 2117 8 8 .

249 2140 50 51 ©
334 2144 100 41 Oct.
467 2142 67 47 19,
566 2142 139 41 1934;
740 2143 50 38 2c.
842 2142 99 39 Oct.
974 2142 80 40 30:
1091 2141 79 39 aff.
1206 2142 100 40 Oct.
1338 2141 81 40 22:
1456 2142 44 37 A
1529 2141 167 40 77008:
1735 2141 200 40 Charles
1971 2141 263 40 Scribner's

316 2211 124 28 sons.
512 2199 278 48 (34-38555)

250 2275 301 65 Foreman,
593 2276 207 63 Grant,
843 2278 169 48 1869-

315 2352 118 51 The
464 2351 140 52 Five
633 2350 261 53 civilized
923 2350 174 52 tribes
1132 2349 108 67 [by]
1278 2349 186 55 Grant
1495 2351 310 65 Foreman;
1840 2348 395 70 introductory

243 2441 128 41 note
404 2429 72 68 by
506 2429 155 53 John
692 2428 67 52 R.
792 2427 288 54 Swanton.
1147 2428 272 67 Norman,
1449 2427 338 69 University
1819 2426 64 55 of
1913 2425 318 56 Oklahoma

246 2525 172 48 press,
453 2509 149 50 1934.

315 2579 98 44 455,
458 2582 53 46 [1]
550 2589 43 37 p.
660 2579 161 40 front.,
861 2578 170 47 plates,
1072 2579 161 46 ports.,
1273 2578 116 40 fold,
1430 2587 123 40 map,
1592 2577 187 40 facsim.
1848 2576 55 42 23½
1937 2579 44 21 cm
1986 2609 6 7 .
250 2577 1987 99 (Half-title:
400 2636 99 39 The

525 2635 297 40 civilization
845 2635 51 39 of
923 2635 81 39 the
1031 2635 253 39 American
1313 2634 199 47 Indian)

321 2693 157 39 “First
511 2691 225 41 edition.”

320 2749 126 41 “The
485 2752 194 44 present
720 2748 186 40 volume
947 2748 138 40 takes
1125 2757 61 38 up
1227 2749 82 40 the
1347 2749 251 39 narrative
1635 2748 160 41 where
1835 2747 285 49 Advancing
2155 2748 81 41 the

250 2805 203 41 frontier
483 2806 88 40 left
600 2805 487 46 it.”—Introductory
1116 2807 125 38 note.

315 2862 346 47 Bibliography:
725 2871 40 37 p.
801 2861 215 40 427-431.

252 2917 52 51 ©
329 2922 115 38 Nov.
476 2922 37 38 6.
543 2919 140 42 1934:
714 2921 66 38 2c.
810 2921 93 37 and
934 2919 79 39 aff.
1045 2920 115 39 Nov.
1190 2921 53 38 17:
1303 2921 40 37 A
1374 2920 166 40 77271:
1574 2920 249 40 University
1885 2921 52 38 of
1968 2920 266 40 Oklahoma

318 2988 147 37 press.
538 2976 278 50 (34-38511)

251 3053 349 63 Franchère,
629 3051 217 54 Lucille
877 3052 267 63 Corinne,
1175 3053 80 51 ed.

315 3129 271 52 L’aurore
624 3129 66 51 de
730 3128 55 51 la
825 3128 273 52 Nouvelle
1142 3128 235 65 France,
1419 3128 189 53 edited
1650 3128 141 52 with
1831 3128 405 64 introduction,

247 3211 173 63 notes,
452 3206 133 52 verb
619 3204 196 68 forms,
846 3205 222 66 idioms,
1099 3206 110 51 and
1243 3205 361 69 vocabulary,
1632 3205 76 69 by
1738 3206 220 53 Lucille
1990 3204 245 55 Corinne

250 3284 337 67 Franchère,
631 3301 65 34 m.
741 3302 71 47 a.,
855 3283 112 51 and
1009 3282 207 68 Myrna
1262 3284 204 67 Boyce,
1600 3327 9 9 PH.
1692 3327 9 9 D.
1784 3281 268 71 Chicago,
2099 3281 135 52 New
250 3361 160 51 York
441 3367 137 60 [etc.]

613 3361 119 50 The
761 3361 180 50 Bruce
971 3359 332 69 publishing
1329 3378 279 51 company
1641 3393 13 34 [
1659 3367 18 21 c
1682 3363 135 49 1934
1820 3393 13 34 ]

320 3443 72 35 xv,
428 3434 84 38 144
544 3444 28 36 p
648 3433 160 45 front.,
845 3433 123 38 illus.
1001 3432 145 47 (map,
1181 3433 238 48 facsims.)
1493 3433 54 40 18½
1581 3436 42 21 cm
1630 3467 7 6 .
1714 3433 296 48 (Half-title:
2045 3430 193 41 Science
250 3492 92 37 and
374 3491 187 39 culture
592 3491 152 44 texts)

322 3544 184 49 Chiefly
534 3548 215 37 extracts
776 3545 126 40 from
932 3545 167 40 letters
1129 3546 49 38 of
1207 3547 80 39 the
1315 3547 133 45 early
1478 3546 161 41 Jesuit
1667 3547 344 40 missionaries.

255 3601 53 50 ©
341 3606 125 38 June
498 3605 67 38 29.
601 3604 138 40 1934:
777 3604 63 39 2c.
880 3605 92 37 and
1008 3604 79 39 aff.
1124 3605 112 46 July
1272 3606 80 38 13:
1389 3607 40 37 A
1464 3605 168 40 73408:
1671 3607 50 38 L.
1758 3606 47 41 C.
1843 3605 285 39 Franchère.
2169 3606 64 40 St.

324 3663 139 44 Mary
490 3662 49 37 of
566 3663 80 37 the
674 3662 187 39 Woods.
892 3662 100 36 Ind.
1066 3660 276 42 (34-38510)

252 3734 275 66 François
561 3737 68 51 de
664 3736 180 63 Sales,
876 3737 184 63 Saint,
1097 3737 87 64 bp.
1223 3738 61 63 of
1320 3739 242 62 Geneva,
1598 3737 322 53 1567-1622.

382 3812 1853 67 … Introduction à la vie devote. Fac-similé de l’unique
253 3890 340 66 exemplaire
625 3891 391 50 actuellement
1049 3908 180 33 connu
1262 3891 66 52 de
1359 3892 257 52 l’édition
1648 3892 67 52 de
1747 3895 150 48 1619.
1964 3891 272 52 Dernière
