2350 4196
1056 4008 126 49 1561

165 439 175 54 Leslie
382 441 62 50 L.
489 442 243 52 Haskin.
810 441 401 69 Photographs
1251 441 71 67 by
1365 441 184 53 Leslie
1588 441 64 51 L.
1697 441 112 52 and
1848 441 194 54 Lilian
2086 439 65 55 G.

164 518 233 53 Haskin.
465 519 299 69 Portland,
794 517 117 71 Or.,
940 519 410 68 Metropolitan
1383 536 173 50 press,
1587 522 149 48 1934.

226 598 44 37 x,
300 588 99 48 407,
434 590 53 47 [1]
520 600 41 36 p.
591 592 110 38 incl.
732 593 85 38 col.
846 592 164 47 front.,
1042 591 126 39 illus.
1226 590 55 39 23
1285 593 42 20 cm
1334 623 8 8 .

226 646 287 40 Illustrated
540 648 363 46 lining-papers.

159 702 1977 110 © Nov. 14. 1034; 2c. and aff. Nov. 19; A 78167; L. L. Haskin, Brownsville, Or. (34-38803)
159 866 277 67 [Hosken,
472 866 243 54 Clifford
749 868 200 52 James
982 866 287 66 Wheeler]
1310 872 171 48 1882-

220 940 1872 73 He laughed at murder, by Richard Keverne [pseud.] …
150 1022 255 66 London,
438 1020 305 54 Constable
774 1024 43 49 &
848 1040 98 49 co.,
976 1022 102 52 ltd.
1138 1024 149 64 [1934]

222 1096 24 37 2
278 1106 39 36 p.
381 1129 8 11 l.,
418 1096 83 38 314
533 1106 41 36 p.
638 1096 51 40 19
693 1098 42 20 cm
743 1128 7 7 .

158 1148 51 51 ©
241 1153 63 37 1c.
338 1153 118 41 Nov.
488 1153 66 40 17,
588 1151 140 44 1934;
763 1154 41 37 A
836 1154 59 37 ad
928 1153 85 39 int.
1047 1150 169 43 19604;
1251 1152 141 47 pubd.
1428 1152 127 47 Sept.
1587 1151 82 41 20;
1706 1151 203 41 Clifford
1941 1152 213 48 Hosken,

226 1209 193 41 Orford,
449 1221 70 28 nr.
551 1210 332 45 Woodbridge,
916 1208 201 42 Suffolk,
1148 1208 234 46 England.
1455 1208 281 48 (34-39060)

151 1311 260 66 Ingram,
441 1313 144 64 Rex,
618 1317 170 49 1892-

225 1389 119 53 The
386 1388 213 67 Legion
642 1389 294 68 advances,
978 1389 68 66 by
1091 1388 118 52 Rex
1251 1388 264 67 Ingram;
1559 1387 142 53 with
1742 1405 29 33 a
1811 1387 229 69 preface
2078 1390 73 66 by

157 1465 206 55 Robert
406 1466 269 54 Hichens.
762 1465 273 69 [London]
1086 1466 43 50 I.
1177 1465 308 54 Nicholson
1529 1467 46 49 &
1616 1465 254 66 Watson,
1913 1464 240 71 limited,

155 1547 147 48 1934.

221 1613 1212 52 3 p. l. , ix-xvi, 261, [1] p. illus. (map) 19 cm .
222 1673 160 39 “First
411 1672 227 39 edition.”

156 1729 50 51 ©
244 1733 64 39 1c.
344 1733 115 39 Nov.
496 1732 38 41 3,
571 1732 113 38 1934
703 1743 7 29 ;
748 1733 39 37 A
823 1733 57 38 ad
917 1732 84 40 int.
1038 1730 141 42 19553
1199 1743 7 30 ;
1246 1733 141 46 pubd.
1425 1732 127 48 Sept.
1588 1734 52 46 7;
1729 1765 7 7 R.
1774 1733 212 48 Ingram,
2022 1734 129 46 Nice,

223 1791 51 37 A.
304 1790 75 47 M.,
408 1790 197 38 France.
679 1787 280 50 (34-39244)

152 1894 429 53 International
612 1893 163 54 Bible
805 1896 276 50 students
1111 1893 375 55 association.

282 1969 1751 72 … Year book [1935] of Jehovah’s witnesses, containing
153 1989 1974 131 report
311 2051 63 51 of
401 2051 96 51 the
524 2068 136 48 year
691 2053 150 63 1934,
870 2051 137 50 with
1037 2049 156 68 daily
1221 2056 149 48 texts
1399 2051 112 51 and
1541 2056 308 46 comments
1877 2050 94 52 for
2000 2053 151 50 1935.

154 2127 310 69 Brooklyn,
501 2129 67 51 N.
610 2131 87 51 Y.,
732 2129 206 53 Watch
971 2134 178 46 tower
1189 2129 159 52 Bible
1383 2133 46 49 &
1463 2136 147 46 tract
1646 2130 228 65 society,
1910 2129 240 68 Peoples

150 2207 191 68 pulpit
393 2207 356 55 association.
800 2204 419 56 International
1271 2206 166 53 Bible
1484 2207 260 52 students
1795 2207 355 68 association,

151 2293 16 19 c
174 2288 147 48 1934.

221 2360 15 36 1
272 2370 41 36 p.
345 2362 40 37 I..
414 2358 155 41 5-166.
604 2358 112 49 ,185]
748 2369 40 36 p.
846 2357 58 40 19
904 2359 44 21 cm
952 2388 7 7 .

153 2412 50 51 ©
237 2416 111 40 Dec.
383 2417 36 40 7,
455 2415 139 41 1934:
631 2416 63 37 2c.
730 2416 111 39 Dec.
877 2415 79 43 10;
993 2415 79 38 aff.
1108 2415 110 42 Dec.
1253 2416 50 39 8:
1339 2415 39 37 A
1413 2415 169 46 78472;
1618 2415 175 39 Watch
1826 2417 155 37 tower
2012 2414 142 41 Bible

220 2472 94 40 and
343 2475 127 38 tract
498 2484 90 29 soc.

149 2576 211 65 Keller,
391 2578 185 51 Helen
607 2578 144 52 Rex.

217 2649 1933 73 The dictionary of dates, by Helen Rex Keller … New York,
144 2732 118 52 The
289 2730 335 54 Macmillan
654 2748 296 49 company,
982 2735 147 49 1934.

218 2805 25 39 2
273 2816 41 30 v.
372 2806 55 38 24½
461 2807 43 21 cm
509 2836 8 7 .

220 2863 67 38 “A
327 2862 167 41 record
532 2862 127 39 from
701 2861 200 39 earliest
941 2861 140 39 times
1122 2860 208 48 through
1371 2862 81 40 the
1494 2871 116 38 year
1653 2860 112 40 1930
1807 2860 238 47 arranged
2089 2861 58 48 by

146 2914 1148 47 countries … an outline of events.”—Pref.
485 2982 103 32 CONTENTS.—I.
615 2976 101 38 The
745 2975 77 40 old
853 2975 283 38 world.—II.
1165 2974 99 40 The
1291 2984 104 29 new
1427 2975 162 39 world.

151 3029 50 51 ©
231 3034 115 39 Nov.
377 3034 67 40 20'.
475 3032 113 39 1934
606 3044 8 27 ;
647 3033 64 37 2c.
742 3033 116 38 each
888 3033 96 37 and
1015 3031 81 41 aff.
1126 3031 114 41 Nov.
1273 3031 47 39 21
1347 3043 7 29 ;
1387 3033 38 37 A
1456 3031 169 41 78194:
1661 3030 280 39 Macmillan
1968 3041 66 29 co.

228 3089 279 49 (34-39180)

154 3194 170 64 King,
354 3194 213 56 Julius.

215 3268 251 70 Talking
492 3270 200 54 leaves,
721 3269 72 67 by
820 3268 193 54 Julius
1042 3268 187 69 King;
1261 3269 379 53 illustrations
1667 3268 70 66 by
1766 3266 164 52 Evan
146 3263 1977 140 Thurber.

319 3345 325 63 Cleveland,
679 3344 85 70 O.,
799 3347 120 50 The
952 3345 216 54 Plarter
1200 3346 334 68 publishing
1569 3362 294 50 company,
1900 3351 16 20 c
1924 3346 147 50 1934.

220 3416 714 51 [3]-62 p. col. illus. 17½ cm .
213 3476 124 40 Text
368 3486 59 29 on
457 3476 364 46 lining-papers.

147 3531 50 51 ©
231 3536 124 48 Sept.
385 3537 38 40 5,
454 3534 138 40 1934;
626 3536 64 39 2c.
722 3534 101 39 Oct.
853 3533 82 40 29:
968 3533 80 41 all.
1080 3534 115 40 Nov.
1227 3536 16 36 1
1270 3545 7 29 ;
1312 3535 38 37 A
1381 3534 169 41 77052:
1582 3535 185 38 Harter
1798 3531 107 49 pub.
1936 3542 67 30 co.

225 3590 280 51 (34-38848)

142 3692 356 66 Lippincott,
528 3695 220 61 Joseph
777 3693 307 63 Wharton,
1118 3696 169 52 1887-

207 3772 122 51 The
362 3772 98 51 red
496 3790 138 33 roan
670 3789 153 49 pony
880 3770 76 67 [by]
1012 3770 216 68 Joseph
1260 3772 284 53 Wharton
1579 3768 367 69 Lippincott;
136 3767 1981 138 illustrated

137 3846 1977 151 by Lynn Bogue Hunt. Philadelphia, The Penn publishing company [ c 1934]
