<alto xmlns="http://www.loc.gov/standards/alto/ns-v3#" xmlns:xlink="http://www.w3.org/1999/xlink" xmlns:xsi="http://www.w3.org/2001/XMLSchema-instance" xsi:schemaLocation="http://www.loc.gov/standards/alto/ns-v3# http://www.loc.gov/alto/v3/alto-3-0.xsd"><Description>
<MeasurementUnit>pixel</MeasurementUnit>
<sourceImageInformation>
<fileName>1934_v1_Part1.pdf</fileName>
</sourceImageInformation>
<OCRProcessing ID="IdOcr">
<ocrProcessingStep>
<processingDateTime>2019-01-10</processingDateTime>
<processingSoftware>
<softwareCreator>ABBYY</softwareCreator>
<softwareName>ABBYY Recognition Server</softwareName>
<softwareVersion>4.0</softwareVersion>
</processingSoftware>
</ocrProcessingStep>
</OCRProcessing>
</Description>
<Styles>
<ParagraphStyle ID="StyleId-FFFFFFFF-FFFF-FFFF-FFFF-FFFFFFFFFFFF-" ALIGN="Left" LEFT="0." RIGHT="0." FIRSTLINE="0."/>
<ParagraphStyle ID="StyleId-521E1FC6-FE7E-43A4-90E6-A9B61626A263-" ALIGN="Right" LEFT="0." RIGHT="0." FIRSTLINE="0." LINESPACE="13.30000019"/>
<ParagraphStyle ID="StyleId-639B624E-F6F5-47B6-BB1D-34E64B53022F-" ALIGN="Left" LEFT="0." RIGHT="0." FIRSTLINE="-27." LINESPACE="13.43999958"/>
<ParagraphStyle ID="StyleId-100905F9-D385-406B-A5BD-ED5B8FD85431-" ALIGN="Left" LEFT="0." RIGHT="0." FIRSTLINE="0."/>
<ParagraphStyle ID="StyleId-7C9F9BA2-EF3A-4B7F-8486-CCC7B7F49B39-" ALIGN="Left" LEFT="0." RIGHT="0." FIRSTLINE="-27." LINESPACE="18.71999931"/>
<ParagraphStyle ID="StyleId-350780E3-60F2-4605-88F5-BB54F9B87091-" ALIGN="Block" LEFT="0." RIGHT="0." FIRSTLINE="-27." LINESPACE="18.71999931"/>
<ParagraphStyle ID="StyleId-90B16C58-D795-4C77-9B89-30378C515D40-" ALIGN="Left" LEFT="0." RIGHT="0." FIRSTLINE="0." LINESPACE="14.39999962"/>
<ParagraphStyle ID="StyleId-17090E09-AFAF-4086-BD9B-4E99FAE6B057-" ALIGN="Right" LEFT="0." RIGHT="0." FIRSTLINE="-27." LINESPACE="14.39999962"/>
<ParagraphStyle ID="StyleId-8B87B633-89DB-4D72-B1FC-26E4ABD680BC-" ALIGN="Left" LEFT="0." RIGHT="0." FIRSTLINE="-27." LINESPACE="18.47999954"/>
<ParagraphStyle ID="StyleId-42DA7417-CA90-4D71-A57B-06556C38D752-" ALIGN="Left" LEFT="0." RIGHT="0." FIRSTLINE="0." LINESPACE="13.30000019"/>
<ParagraphStyle ID="StyleId-D8EE2A7E-42AE-4E35-98DB-F0F935637AA0-" ALIGN="Block" LEFT="0." RIGHT="0." FIRSTLINE="0." LINESPACE="6.599999905"/>
<ParagraphStyle ID="StyleId-33CD3121-D4F5-43B6-BA96-6382D166E6B8-" ALIGN="Left" LEFT="0." RIGHT="0." FIRSTLINE="0." LINESPACE="15.5"/>
<ParagraphStyle ID="StyleId-1CE52AFA-C319-4DD9-B4B1-F0EBFA2B3F0B-" ALIGN="Block" LEFT="0." RIGHT="0." FIRSTLINE="-21." LINESPACE="18.71999931"/>
<ParagraphStyle ID="StyleId-B74F1B65-92F1-49C5-A5FA-D20442F031F2-" ALIGN="Left" LEFT="0." RIGHT="0." FIRSTLINE="0." LINESPACE="17.70006076"/>
<ParagraphStyle ID="StyleId-79E2924A-215C-40B7-B577-7236BFBAA25E-" ALIGN="Center" LEFT="0." RIGHT="0." FIRSTLINE="0." LINESPACE="7.199999809"/>
</Styles>
<Layout>
<Page ID="Page421" PHYSICAL_IMG_NR="421" HEIGHT="4196" WIDTH="2350">
<TopMargin HEIGHT="430" WIDTH="2350" VPOS="0" HPOS="0">
</TopMargin>
<LeftMargin HEIGHT="3650" WIDTH="83" VPOS="430" HPOS="0">
</LeftMargin>
<RightMargin HEIGHT="3650" WIDTH="145" VPOS="430" HPOS="2205">
</RightMargin>
<BottomMargin HEIGHT="116" WIDTH="2350" VPOS="4080" HPOS="0">
<TextBlock ID="Page421_Block1" HEIGHT="61" WIDTH="110" VPOS="4113" HPOS="1105" LANG="en-US" STYLEREFS="StyleId-C8822B04-1433-41F3-8E42-A21745054B96-">
<TextLine HEIGHT="49" WIDTH="98" VPOS="4119" HPOS="1111">
<String CONTENT="421" HEIGHT="49" WIDTH="98" VPOS="4119" HPOS="1111"/>
</TextLine>
</TextBlock>
</BottomMargin>
<PrintSpace HEIGHT="3650" WIDTH="2122" VPOS="430" HPOS="83">
<TextBlock ID="Page421_Block2" HEIGHT="3650" WIDTH="2122" VPOS="430" HPOS="83" LANG="en-US" CS="1" STYLEREFS="StyleId-06ADD870-C0C4-4197-92CE-DE868AD42072-">
<TextLine HEIGHT="74" WIDTH="1996" VPOS="537" HPOS="129" STYLEREFS="StyleId-2067D295-5C02-4ADD-988E-BEC712C9F0B9-">
<String CONTENT="denied" HEIGHT="54" WIDTH="202" VPOS="549" HPOS="129"/>
<SP HEIGHT="51" WIDTH="34" VPOS="550" HPOS="332"/>
<String CONTENT="at" HEIGHT="46" WIDTH="58" VPOS="554" HPOS="367"/>
<SP HEIGHT="47" WIDTH="29" VPOS="553" HPOS="426"/>
<String CONTENT="the" HEIGHT="51" WIDTH="96" VPOS="549" HPOS="456"/>
<SP HEIGHT="52" WIDTH="27" VPOS="548" HPOS="553"/>
<String CONTENT="December" HEIGHT="53" WIDTH="308" VPOS="546" HPOS="581"/>
<SP HEIGHT="47" WIDTH="31" VPOS="550" HPOS="890"/>
<String CONTENT="term," HEIGHT="61" WIDTH="160" VPOS="550" HPOS="922"/>
<SP HEIGHT="64" WIDTH="35" VPOS="547" HPOS="1083"/>
<String CONTENT="1933," HEIGHT="63" WIDTH="149" VPOS="545" HPOS="1119"/>
<SP HEIGHT="49" WIDTH="33" VPOS="559" HPOS="1269"/>
<String CONTENT="and" HEIGHT="51" WIDTH="110" VPOS="541" HPOS="1303"/>
<SP HEIGHT="51" WIDTH="33" VPOS="541" HPOS="1414"/>
<String CONTENT="February" HEIGHT="64" WIDTH="296" VPOS="539" HPOS="1448"/>
<SP HEIGHT="61" WIDTH="32" VPOS="542" HPOS="1745"/>
<String CONTENT="term," HEIGHT="61" WIDTH="164" VPOS="542" HPOS="1778"/>
<SP HEIGHT="64" WIDTH="32" VPOS="539" HPOS="1943"/>
<String CONTENT="1934." HEIGHT="50" WIDTH="149" VPOS="537" HPOS="1976"/>
</TextLine>
<TextLine HEIGHT="77" WIDTH="1998" VPOS="615" HPOS="129" STYLEREFS="StyleId-2067D295-5C02-4ADD-988E-BEC712C9F0B9-">
<String CONTENT="Samuel" HEIGHT="55" WIDTH="229" VPOS="627" HPOS="129"/>
<SP HEIGHT="51" WIDTH="40" VPOS="628" HPOS="359"/>
<String CONTENT="Pashley" HEIGHT="67" WIDTH="247" VPOS="625" HPOS="400"/>
<SP HEIGHT="66" WIDTH="40" VPOS="626" HPOS="648"/>
<String CONTENT="Irwin," HEIGHT="66" WIDTH="196" VPOS="625" HPOS="689"/>
<SP HEIGHT="49" WIDTH="40" VPOS="642" HPOS="886"/>
<String CONTENT="reporter" HEIGHT="63" WIDTH="255" VPOS="626" HPOS="927"/>
<SP HEIGHT="33" WIDTH="41" VPOS="640" HPOS="1183"/>
<String CONTENT="of" HEIGHT="53" WIDTH="62" VPOS="620" HPOS="1225"/>
<SP HEIGHT="52" WIDTH="43" VPOS="619" HPOS="1288"/>
<String CONTENT="decisions." HEIGHT="53" WIDTH="291" VPOS="618" HPOS="1332"/>
<SP HEIGHT="51" WIDTH="76" VPOS="618" HPOS="1624"/>
<String CONTENT="Bloomington," HEIGHT="66" WIDTH="426" VPOS="615" HPOS="1701"/>
</TextLine>
<TextLine HEIGHT="66" WIDTH="290" VPOS="707" HPOS="127" STYLEREFS="StyleId-2067D295-5C02-4ADD-988E-BEC712C9F0B9-">
<String CONTENT="Ill.," HEIGHT="66" WIDTH="113" VPOS="707" HPOS="127"/>
<SP HEIGHT="63" WIDTH="27" VPOS="710" HPOS="241"/>
<String CONTENT="1934." HEIGHT="50" WIDTH="148" VPOS="708" HPOS="269"/>
</TextLine>
<TextLine HEIGHT="53" WIDTH="695" VPOS="775" HPOS="203">
<String CONTENT="ix," HEIGHT="46" WIDTH="62" VPOS="781" HPOS="203"/>
<SP HEIGHT="29" WIDTH="32" VPOS="799" HPOS="266"/>
<String CONTENT="[11]-710" HEIGHT="51" WIDTH="207" VPOS="777" HPOS="299"/>
<SP HEIGHT="48" WIDTH="25" VPOS="777" HPOS="507"/>
<String CONTENT="p.." HEIGHT="37" WIDTH="52" VPOS="788" HPOS="533"/>
<SP HEIGHT="38" WIDTH="46" VPOS="778" HPOS="586"/>
<String CONTENT="diagr." HEIGHT="46" WIDTH="151" VPOS="778" HPOS="633"/>
<SP HEIGHT="39" WIDTH="56" VPOS="775" HPOS="785"/>
<String CONTENT="22" HEIGHT="39" WIDTH="56" VPOS="775" HPOS="842"/>
</TextLine>
<TextLine HEIGHT="118" WIDTH="1976" VPOS="823" HPOS="137" CS="1">
<String CONTENT="&#169;" HEIGHT="49" WIDTH="51" VPOS="833" HPOS="137"/>
<SP HEIGHT="49" WIDTH="26" VPOS="833" HPOS="189"/>
<String CONTENT="Apr." HEIGHT="45" WIDTH="111" VPOS="837" HPOS="216"/>
<SP HEIGHT="41" WIDTH="27" VPOS="835" HPOS="328"/>
<String CONTENT="27," HEIGHT="47" WIDTH="68" VPOS="835" HPOS="356"/>
<SP HEIGHT="46" WIDTH="28" VPOS="836" HPOS="425"/>
<String CONTENT="1934;" HEIGHT="40" WIDTH="139" VPOS="835" HPOS="454"/>
<SP HEIGHT="41" WIDTH="29" VPOS="834" HPOS="594"/>
<String CONTENT="2c" HEIGHT="39" WIDTH="52" VPOS="834" HPOS="624"/>
<SP HEIGHT="29" WIDTH="42" VPOS="844" HPOS="677"/>
<String CONTENT="and" HEIGHT="38" WIDTH="93" VPOS="834" HPOS="720"/>
<SP HEIGHT="38" WIDTH="27" VPOS="834" HPOS="814"/>
<String CS="1" CONTENT="aff." HEIGHT="39" WIDTH="80" VPOS="832" HPOS="842"/>
<SP HEIGHT="39" WIDTH="27" VPOS="832" HPOS="923"/>
<String CONTENT="May" HEIGHT="46" WIDTH="114" VPOS="832" HPOS="951"/>
<SP HEIGHT="49" WIDTH="25" VPOS="829" HPOS="1066"/>
<String CONTENT="2;" HEIGHT="47" WIDTH="52" VPOS="829" HPOS="1092"/>
<SP HEIGHT="47" WIDTH="29" VPOS="829" HPOS="1145"/>
<!-- cceid BD8E0134-6C64-1014-8713-889FF4349C01 --><String CONTENT="A" HEIGHT="38" WIDTH="40" VPOS="829" HPOS="1175"/>
<SP HEIGHT="39" WIDTH="25" VPOS="829" HPOS="1216"/>
<String CONTENT="71472;" HEIGHT="48" WIDTH="170" VPOS="826" HPOS="1242"/>
<SP HEIGHT="48" WIDTH="33" VPOS="826" HPOS="1413"/>
<String CONTENT="Samuel" HEIGHT="41" WIDTH="193" VPOS="826" HPOS="1447"/>
<SP HEIGHT="38" WIDTH="29" VPOS="825" HPOS="1641"/>
<String CONTENT="P." HEIGHT="38" WIDTH="48" VPOS="825" HPOS="1671"/>
<SP HEIGHT="39" WIDTH="30" VPOS="824" HPOS="1720"/>
<String CONTENT="Irwin." HEIGHT="41" WIDTH="163" VPOS="823" HPOS="1751"/>
<SP HEIGHT="41" WIDTH="29" VPOS="823" HPOS="1915"/>
<String CONTENT="Bloomington," HEIGHT="118" WIDTH="1909" VPOS="823" HPOS="204"/>
</TextLine>
<TextLine HEIGHT="7" WIDTH="7" VPOS="923" HPOS="481" CS="1">
<String CS="1" CONTENT="Ill." HEIGHT="7" WIDTH="7" VPOS="923" HPOS="481"/>
</TextLine>
<TextLine HEIGHT="64" WIDTH="765" VPOS="992" HPOS="135" STYLEREFS="StyleId-AA447FD7-9F87-4143-B20F-63B52E5DF32E-">
<String CONTENT="James," HEIGHT="59" WIDTH="219" VPOS="997" HPOS="135"/>
<SP HEIGHT="60" WIDTH="27" VPOS="996" HPOS="355"/>
<String CONTENT="William" HEIGHT="55" WIDTH="255" VPOS="994" HPOS="383"/>
<SP HEIGHT="50" WIDTH="27" VPOS="996" HPOS="639"/>
<String CONTENT="McGee." HEIGHT="55" WIDTH="233" VPOS="992" HPOS="667"/>
</TextLine>
<TextLine HEIGHT="81" WIDTH="1930" VPOS="1059" HPOS="206" STYLEREFS="StyleId-2067D295-5C02-4ADD-988E-BEC712C9F0B9-">
<String CONTENT="Illinois" HEIGHT="53" WIDTH="227" VPOS="1073" HPOS="206"/>
<SP HEIGHT="49" WIDTH="51" VPOS="1091" HPOS="434"/>
<String CONTENT="probate" HEIGHT="68" WIDTH="236" VPOS="1072" HPOS="486"/>
<SP HEIGHT="49" WIDTH="49" VPOS="1088" HPOS="723"/>
<String CONTENT="procedure" HEIGHT="69" WIDTH="311" VPOS="1068" HPOS="773"/>
<SP HEIGHT="34" WIDTH="52" VPOS="1085" HPOS="1085"/>
<String CONTENT="and" HEIGHT="53" WIDTH="110" VPOS="1066" HPOS="1138"/>
<SP HEIGHT="68" WIDTH="50" VPOS="1066" HPOS="1249"/>
<String CONTENT="practice," HEIGHT="70" WIDTH="268" VPOS="1064" HPOS="1300"/>
<SP HEIGHT="48" WIDTH="51" VPOS="1082" HPOS="1569"/>
<String CONTENT="with" HEIGHT="53" WIDTH="140" VPOS="1062" HPOS="1621"/>
<SP HEIGHT="52" WIDTH="50" VPOS="1060" HPOS="1762"/>
<String CONTENT="forms," HEIGHT="67" WIDTH="199" VPOS="1060" HPOS="1813"/>
<SP HEIGHT="68" WIDTH="48" VPOS="1059" HPOS="2013"/>
<String CONTENT="by" HEIGHT="68" WIDTH="74" VPOS="1059" HPOS="2062"/>
</TextLine>
<TextLine HEIGHT="72" WIDTH="1995" VPOS="1141" HPOS="142" STYLEREFS="StyleId-2067D295-5C02-4ADD-988E-BEC712C9F0B9-" CS="1">
<String CONTENT="William" HEIGHT="53" WIDTH="252" VPOS="1152" HPOS="142"/>
<SP HEIGHT="53" WIDTH="39" VPOS="1150" HPOS="395"/>
<String CONTENT="McGee" HEIGHT="55" WIDTH="215" VPOS="1149" HPOS="435"/>
<SP HEIGHT="53" WIDTH="40" VPOS="1150" HPOS="651"/>
<String CONTENT="James" HEIGHT="53" WIDTH="193" VPOS="1150" HPOS="692"/>
<SP HEIGHT="33" WIDTH="49" VPOS="1168" HPOS="886"/>
<String CS="1" CONTENT="&#8230;"/>
<SP HEIGHT="55" WIDTH="83" VPOS="1145" HPOS="991"/>
<String CONTENT="Chicago," HEIGHT="68" WIDTH="270" VPOS="1145" HPOS="1075"/>
<SP HEIGHT="67" WIDTH="41" VPOS="1145" HPOS="1346"/>
<String CONTENT="The" HEIGHT="52" WIDTH="123" VPOS="1144" HPOS="1388"/>
<SP HEIGHT="52" WIDTH="40" VPOS="1143" HPOS="1512"/>
<String CONTENT="Foundation" HEIGHT="53" WIDTH="368" VPOS="1141" HPOS="1553"/>
<SP HEIGHT="51" WIDTH="41" VPOS="1157" HPOS="1922"/>
<String CONTENT="press," HEIGHT="51" WIDTH="173" VPOS="1157" HPOS="1964"/>
</TextLine>
<TextLine HEIGHT="67" WIDTH="307" VPOS="1231" HPOS="134" STYLEREFS="StyleId-2067D295-5C02-4ADD-988E-BEC712C9F0B9-">
<String CONTENT="inc.," HEIGHT="67" WIDTH="124" VPOS="1231" HPOS="134"/>
<SP HEIGHT="65" WIDTH="29" VPOS="1233" HPOS="259"/>
<String CONTENT="1934." HEIGHT="50" WIDTH="152" VPOS="1232" HPOS="289"/>
</TextLine>
<TextLine HEIGHT="50" WIDTH="596" VPOS="1299" HPOS="206" CS="1">
<String CONTENT="xxxviii," HEIGHT="47" WIDTH="205" VPOS="1302" HPOS="206"/>
<SP HEIGHT="48" WIDTH="28" VPOS="1301" HPOS="412"/>
<String CONTENT="533" HEIGHT="41" WIDTH="83" VPOS="1300" HPOS="441"/>
<SP HEIGHT="49" WIDTH="27" VPOS="1300" HPOS="525"/>
<String CONTENT="p." HEIGHT="38" WIDTH="44" VPOS="1311" HPOS="553"/>
<SP HEIGHT="42" WIDTH="58" VPOS="1299" HPOS="598"/>
<String CS="1" CONTENT="25&#189;" HEIGHT="42" WIDTH="55" VPOS="1299" HPOS="657"/>
<String STYLE="superscript" CS="1" CONTENT="cm" HEIGHT="21" WIDTH="14" VPOS="1302" HPOS="747"/>
<String CONTENT="." HEIGHT="8" WIDTH="8" VPOS="1334" HPOS="794"/>
</TextLine>
<TextLine HEIGHT="49" WIDTH="1930" VPOS="1351" HPOS="211">
<String CONTENT="&#8220;1" HEIGHT="38" WIDTH="49" VPOS="1360" HPOS="211"/>
<SP HEIGHT="39" WIDTH="39" VPOS="1360" HPOS="261"/>
<String CONTENT="have" HEIGHT="39" WIDTH="123" VPOS="1361" HPOS="301"/>
<SP HEIGHT="30" WIDTH="37" VPOS="1370" HPOS="425"/>
<String CONTENT="endeavored" HEIGHT="41" WIDTH="302" VPOS="1358" HPOS="463"/>
<SP HEIGHT="38" WIDTH="40" VPOS="1360" HPOS="766"/>
<String CONTENT="to" HEIGHT="36" WIDTH="48" VPOS="1361" HPOS="807"/>
<SP HEIGHT="30" WIDTH="37" VPOS="1367" HPOS="856"/>
<String CONTENT="correlate" HEIGHT="41" WIDTH="238" VPOS="1356" HPOS="894"/>
<SP HEIGHT="40" WIDTH="37" VPOS="1356" HPOS="1133"/>
<String CONTENT="the" HEIGHT="40" WIDTH="80" VPOS="1355" HPOS="1171"/>
<SP HEIGHT="30" WIDTH="38" VPOS="1365" HPOS="1252"/>
<String CONTENT="statutes" HEIGHT="39" WIDTH="211" VPOS="1355" HPOS="1291"/>
<SP HEIGHT="29" WIDTH="38" VPOS="1364" HPOS="1503"/>
<String CONTENT="relating" HEIGHT="49" WIDTH="211" VPOS="1351" HPOS="1542"/>
<SP HEIGHT="48" WIDTH="36" VPOS="1352" HPOS="1754"/>
<String CONTENT="to" HEIGHT="40" WIDTH="50" VPOS="1352" HPOS="1791"/>
<SP HEIGHT="37" WIDTH="39" VPOS="1363" HPOS="1842"/>
<String CONTENT="probating" HEIGHT="49" WIDTH="259" VPOS="1351" HPOS="1882"/>
</TextLine>
<TextLine HEIGHT="51" WIDTH="2001" VPOS="1408" HPOS="138">
<String CONTENT="estates" HEIGHT="39" WIDTH="183" VPOS="1420" HPOS="138"/>
<SP HEIGHT="31" WIDTH="29" VPOS="1427" HPOS="322"/>
<String CONTENT="and" HEIGHT="38" WIDTH="96" VPOS="1418" HPOS="352"/>
<SP HEIGHT="38" WIDTH="30" VPOS="1418" HPOS="449"/>
<String CONTENT="the" HEIGHT="39" WIDTH="81" VPOS="1418" HPOS="480"/>
<SP HEIGHT="29" WIDTH="30" VPOS="1428" HPOS="562"/>
<String CONTENT="rules" HEIGHT="40" WIDTH="131" VPOS="1416" HPOS="593"/>
<SP HEIGHT="29" WIDTH="27" VPOS="1427" HPOS="725"/>
<String CONTENT="of" HEIGHT="39" WIDTH="51" VPOS="1416" HPOS="753"/>
<SP HEIGHT="38" WIDTH="31" VPOS="1416" HPOS="805"/>
<String CONTENT="Probate" HEIGHT="40" WIDTH="207" VPOS="1415" HPOS="837"/>
<SP HEIGHT="30" WIDTH="29" VPOS="1423" HPOS="1045"/>
<String CONTENT="court" HEIGHT="38" WIDTH="137" VPOS="1415" HPOS="1075"/>
<SP HEIGHT="37" WIDTH="31" VPOS="1415" HPOS="1213"/>
<String CONTENT="of" HEIGHT="40" WIDTH="50" VPOS="1412" HPOS="1245"/>
<SP HEIGHT="41" WIDTH="30" VPOS="1410" HPOS="1296"/>
<String CONTENT="Cook" HEIGHT="41" WIDTH="129" VPOS="1410" HPOS="1327"/>
<SP HEIGHT="38" WIDTH="29" VPOS="1412" HPOS="1457"/>
<String CONTENT="county," HEIGHT="45" WIDTH="192" VPOS="1413" HPOS="1487"/>
<SP HEIGHT="46" WIDTH="32" VPOS="1410" HPOS="1680"/>
<String CONTENT="Illinois.'&#8217;&#8212;Pref." HEIGHT="42" WIDTH="426" VPOS="1408" HPOS="1713"/>
</TextLine>
<TextLine HEIGHT="58" WIDTH="1994" VPOS="1466" HPOS="144" CS="1">
<String CONTENT="&#169;" HEIGHT="52" WIDTH="51" VPOS="1472" HPOS="144"/>
<SP HEIGHT="52" WIDTH="28" VPOS="1472" HPOS="196"/>
<String CONTENT="Feb." HEIGHT="39" WIDTH="110" VPOS="1477" HPOS="225"/>
<SP HEIGHT="40" WIDTH="27" VPOS="1476" HPOS="336"/>
<String CONTENT="28," HEIGHT="47" WIDTH="68" VPOS="1476" HPOS="364"/>
<SP HEIGHT="46" WIDTH="29" VPOS="1477" HPOS="433"/>
<String CONTENT="1934;" HEIGHT="45" WIDTH="140" VPOS="1475" HPOS="463"/>
<SP HEIGHT="45" WIDTH="31" VPOS="1475" HPOS="604"/>
<String CONTENT="2c." HEIGHT="39" WIDTH="65" VPOS="1475" HPOS="636"/>
<SP HEIGHT="40" WIDTH="30" VPOS="1474" HPOS="702"/>
<String CONTENT="Mar." HEIGHT="38" WIDTH="119" VPOS="1474" HPOS="733"/>
<SP HEIGHT="39" WIDTH="30" VPOS="1472" HPOS="853"/>
<String CONTENT="28;" HEIGHT="47" WIDTH="80" VPOS="1472" HPOS="884"/>
<SP HEIGHT="36" WIDTH="32" VPOS="1483" HPOS="965"/>
<String CS="1" CONTENT="aff." HEIGHT="40" WIDTH="81" VPOS="1471" HPOS="998"/>
<SP HEIGHT="39" WIDTH="29" VPOS="1472" HPOS="1080"/>
<String CONTENT="Mar." HEIGHT="38" WIDTH="120" VPOS="1472" HPOS="1110"/>
<SP HEIGHT="38" WIDTH="28" VPOS="1472" HPOS="1231"/>
<String CONTENT="29;" HEIGHT="47" WIDTH="82" VPOS="1469" HPOS="1260"/>
<SP HEIGHT="46" WIDTH="30" VPOS="1470" HPOS="1343"/>
<!-- cceid BD8E8CEF-6C64-1014-8713-889FF4349C01 --><String CONTENT="A" HEIGHT="38" WIDTH="42" VPOS="1470" HPOS="1374"/>
<SP HEIGHT="39" WIDTH="26" VPOS="1470" HPOS="1417"/>
<String CONTENT="70967;" HEIGHT="46" WIDTH="171" VPOS="1469" HPOS="1444"/>
<SP HEIGHT="47" WIDTH="32" VPOS="1468" HPOS="1616"/>
<String CONTENT="Foundation" HEIGHT="41" WIDTH="308" VPOS="1466" HPOS="1649"/>
<SP HEIGHT="37" WIDTH="29" VPOS="1478" HPOS="1958"/>
<String CONTENT="press," HEIGHT="38" WIDTH="150" VPOS="1477" HPOS="1988"/>
</TextLine>
<TextLine HEIGHT="48" WIDTH="410" VPOS="1532" HPOS="215">
<String CONTENT="inc." HEIGHT="39" WIDTH="87" VPOS="1534" HPOS="215"/>
<SP HEIGHT="48" WIDTH="71" VPOS="1532" HPOS="303"/>
<String CONTENT="(34-7818)" HEIGHT="48" WIDTH="250" VPOS="1532" HPOS="375"/>
</TextLine>
<TextLine HEIGHT="66" WIDTH="942" VPOS="1635" HPOS="142" STYLEREFS="StyleId-AA447FD7-9F87-4143-B20F-63B52E5DF32E-">
<String CONTENT="Lien," HEIGHT="64" WIDTH="161" VPOS="1637" HPOS="142"/>
<SP HEIGHT="65" WIDTH="30" VPOS="1636" HPOS="304"/>
<String CONTENT="Arnold" HEIGHT="52" WIDTH="223" VPOS="1636" HPOS="335"/>
<SP HEIGHT="52" WIDTH="36" VPOS="1636" HPOS="559"/>
<String CONTENT="Johnson," HEIGHT="62" WIDTH="279" VPOS="1635" HPOS="596"/>
<SP HEIGHT="61" WIDTH="36" VPOS="1636" HPOS="876"/>
<String CONTENT="1882-" HEIGHT="49" WIDTH="171" VPOS="1635" HPOS="913"/>
</TextLine>
<TextLine HEIGHT="75" WIDTH="1932" VPOS="1705" HPOS="211" STYLEREFS="StyleId-2067D295-5C02-4ADD-988E-BEC712C9F0B9-">
<String CONTENT="The" HEIGHT="54" WIDTH="121" VPOS="1713" HPOS="211"/>
<SP HEIGHT="53" WIDTH="25" VPOS="1714" HPOS="333"/>
<String CONTENT="American" HEIGHT="51" WIDTH="308" VPOS="1714" HPOS="359"/>
<SP HEIGHT="50" WIDTH="30" VPOS="1730" HPOS="668"/>
<String CONTENT="people" HEIGHT="67" WIDTH="201" VPOS="1713" HPOS="699"/>
<SP HEIGHT="34" WIDTH="29" VPOS="1729" HPOS="901"/>
<String CONTENT="and" HEIGHT="52" WIDTH="112" VPOS="1711" HPOS="931"/>
<SP HEIGHT="51" WIDTH="26" VPOS="1711" HPOS="1044"/>
<String CONTENT="their" HEIGHT="52" WIDTH="150" VPOS="1710" HPOS="1071"/>
<SP HEIGHT="49" WIDTH="28" VPOS="1728" HPOS="1222"/>
<String CONTENT="government;" HEIGHT="65" WIDTH="401" VPOS="1712" HPOS="1251"/>
<SP HEIGHT="48" WIDTH="33" VPOS="1725" HPOS="1653"/>
<String CONTENT="a" HEIGHT="33" WIDTH="31" VPOS="1726" HPOS="1687"/>
<SP HEIGHT="46" WIDTH="28" VPOS="1713" HPOS="1719"/>
<String CONTENT="textbook" HEIGHT="53" WIDTH="271" VPOS="1706" HPOS="1748"/>
<SP HEIGHT="52" WIDTH="29" VPOS="1705" HPOS="2020"/>
<String CONTENT="for" HEIGHT="52" WIDTH="93" VPOS="1705" HPOS="2050"/>
</TextLine>
<TextLine HEIGHT="70" WIDTH="2004" VPOS="1786" HPOS="142" STYLEREFS="StyleId-2067D295-5C02-4ADD-988E-BEC712C9F0B9-">
<String CONTENT="students" HEIGHT="52" WIDTH="257" VPOS="1793" HPOS="142"/>
<SP HEIGHT="52" WIDTH="46" VPOS="1793" HPOS="400"/>
<String CONTENT="in" HEIGHT="51" WIDTH="60" VPOS="1793" HPOS="447"/>
<SP HEIGHT="51" WIDTH="44" VPOS="1792" HPOS="508"/>
<String CONTENT="introductory" HEIGHT="66" WIDTH="399" VPOS="1790" HPOS="553"/>
<SP HEIGHT="49" WIDTH="45" VPOS="1807" HPOS="953"/>
<String CONTENT="college" HEIGHT="68" WIDTH="208" VPOS="1788" HPOS="999"/>
<SP HEIGHT="33" WIDTH="47" VPOS="1807" HPOS="1208"/>
<String CONTENT="courses" HEIGHT="34" WIDTH="219" VPOS="1806" HPOS="1256"/>
<SP HEIGHT="34" WIDTH="47" VPOS="1806" HPOS="1476"/>
<String CONTENT="and" HEIGHT="52" WIDTH="111" VPOS="1787" HPOS="1524"/>
<SP HEIGHT="52" WIDTH="44" VPOS="1786" HPOS="1636"/>
<String CONTENT="for" HEIGHT="53" WIDTH="94" VPOS="1786" HPOS="1681"/>
<SP HEIGHT="48" WIDTH="44" VPOS="1789" HPOS="1776"/>
<String CONTENT="the" HEIGHT="53" WIDTH="95" VPOS="1786" HPOS="1821"/>
<SP HEIGHT="35" WIDTH="46" VPOS="1804" HPOS="1917"/>
<String CONTENT="active" HEIGHT="51" WIDTH="182" VPOS="1786" HPOS="1964"/>
</TextLine>
<TextLine HEIGHT="72" WIDTH="2002" VPOS="1865" HPOS="144" STYLEREFS="StyleId-2067D295-5C02-4ADD-988E-BEC712C9F0B9-" CS="1">
<String CONTENT="electorate," HEIGHT="64" WIDTH="317" VPOS="1873" HPOS="144"/>
<SP HEIGHT="67" WIDTH="30" VPOS="1870" HPOS="462"/>
<String CONTENT="by" HEIGHT="67" WIDTH="75" VPOS="1870" HPOS="493"/>
<SP HEIGHT="68" WIDTH="31" VPOS="1869" HPOS="569"/>
<String CONTENT="Arnold" HEIGHT="52" WIDTH="226" VPOS="1869" HPOS="601"/>
<SP HEIGHT="54" WIDTH="31" VPOS="1868" HPOS="828"/>
<String CONTENT="J." HEIGHT="54" WIDTH="55" VPOS="1868" HPOS="860"/>
<SP HEIGHT="52" WIDTH="32" VPOS="1868" HPOS="916"/>
<String CONTENT="Lien" HEIGHT="52" WIDTH="144" VPOS="1868" HPOS="949"/>
<SP HEIGHT="33" WIDTH="37" VPOS="1886" HPOS="1094"/>
<String CS="1" CONTENT="&#8230;"/>
<SP HEIGHT="33" WIDTH="38" VPOS="1887" HPOS="1187"/>
<String CONTENT="and" HEIGHT="52" WIDTH="112" VPOS="1868" HPOS="1226"/>
<SP HEIGHT="54" WIDTH="31" VPOS="1865" HPOS="1339"/>
<String CONTENT="Merle" HEIGHT="53" WIDTH="181" VPOS="1865" HPOS="1371"/>
<SP HEIGHT="52" WIDTH="30" VPOS="1866" HPOS="1553"/>
<String CONTENT="Fainsod" HEIGHT="51" WIDTH="254" VPOS="1866" HPOS="1584"/>
<SP HEIGHT="51" WIDTH="38" VPOS="1866" HPOS="1839"/>
<String CS="1" CONTENT="&#8230;"/>
<SP HEIGHT="51" WIDTH="73" VPOS="1865" HPOS="1934"/>
<String CONTENT="New" HEIGHT="51" WIDTH="138" VPOS="1865" HPOS="2008"/>
</TextLine>
<TextLine HEIGHT="73" WIDTH="1997" VPOS="1944" HPOS="145" STYLEREFS="StyleId-2067D295-5C02-4ADD-988E-BEC712C9F0B9-">
<String CONTENT="York," HEIGHT="67" WIDTH="179" VPOS="1950" HPOS="145"/>
<SP HEIGHT="68" WIDTH="38" VPOS="1949" HPOS="325"/>
<String CONTENT="London," HEIGHT="67" WIDTH="259" VPOS="1949" HPOS="364"/>
<SP HEIGHT="68" WIDTH="40" VPOS="1948" HPOS="624"/>
<String CONTENT="D." HEIGHT="51" WIDTH="70" VPOS="1948" HPOS="665"/>
<SP HEIGHT="52" WIDTH="46" VPOS="1947" HPOS="736"/>
<String CONTENT="Appleton-Century" HEIGHT="69" WIDTH="579" VPOS="1945" HPOS="783"/>
<SP HEIGHT="50" WIDTH="41" VPOS="1964" HPOS="1363"/>
<String CONTENT="company," HEIGHT="50" WIDTH="298" VPOS="1963" HPOS="1405"/>
<SP HEIGHT="68" WIDTH="40" VPOS="1944" HPOS="1704"/>
<String CONTENT="incorporated" HEIGHT="68" WIDTH="397" VPOS="1944" HPOS="1745"/>
</TextLine>
<TextLine HEIGHT="64" WIDTH="193" VPOS="2031" HPOS="147" STYLEREFS="StyleId-2067D295-5C02-4ADD-988E-BEC712C9F0B9-">
<String STYLE="subscript" CONTENT="[" HEIGHT="33" WIDTH="13" VPOS="2062" HPOS="147"/>
<String STYLE="superscript" CONTENT="c" HEIGHT="21" WIDTH="17" VPOS="2035" HPOS="165"/>
<String CONTENT="1934" HEIGHT="49" WIDTH="135" VPOS="2031" HPOS="188"/>
<String STYLE="subscript" CONTENT="]" HEIGHT="35" WIDTH="13" VPOS="2060" HPOS="327"/>
</TextLine>
<TextLine HEIGHT="50" WIDTH="465" VPOS="2098" HPOS="215">
<String CONTENT="xiv," HEIGHT="46" WIDTH="96" VPOS="2102" HPOS="215"/>
<SP HEIGHT="48" WIDTH="31" VPOS="2100" HPOS="312"/>
<String CONTENT="629" HEIGHT="41" WIDTH="86" VPOS="2099" HPOS="344"/>
<SP HEIGHT="49" WIDTH="27" VPOS="2099" HPOS="431"/>
<String CONTENT="p." HEIGHT="38" WIDTH="44" VPOS="2110" HPOS="459"/>
<SP HEIGHT="41" WIDTH="59" VPOS="2098" HPOS="504"/>
<String CONTENT="23" HEIGHT="40" WIDTH="55" VPOS="2098" HPOS="564"/>
<String STYLE="superscript" CONTENT="cm" HEIGHT="21" WIDTH="44" VPOS="2101" HPOS="623"/>
<String CONTENT="." HEIGHT="9" WIDTH="8" VPOS="2130" HPOS="672"/>
</TextLine>
<TextLine HEIGHT="109" WIDTH="1988" VPOS="2156" HPOS="147" CS="1">
<String CONTENT="&#8220;For" HEIGHT="40" WIDTH="124" VPOS="2159" HPOS="221"/>
<SP HEIGHT="38" WIDTH="33" VPOS="2159" HPOS="346"/>
<String CONTENT="further" HEIGHT="39" WIDTH="196" VPOS="2159" HPOS="380"/>
<SP HEIGHT="28" WIDTH="37" VPOS="2168" HPOS="577"/>
<String CONTENT="reading&#8221;" HEIGHT="49" WIDTH="228" VPOS="2156" HPOS="615"/>
<SP HEIGHT="40" WIDTH="38" VPOS="2156" HPOS="844"/>
<String CONTENT="at" HEIGHT="38" WIDTH="52" VPOS="2158" HPOS="883"/>
<SP HEIGHT="38" WIDTH="35" VPOS="2158" HPOS="936"/>
<String CONTENT="end" HEIGHT="40" WIDTH="90" VPOS="2156" HPOS="972"/>
<SP HEIGHT="40" WIDTH="37" VPOS="2156" HPOS="1063"/>
<String CONTENT="of" HEIGHT="40" WIDTH="50" VPOS="2156" HPOS="1101"/>
<SP HEIGHT="40" WIDTH="34" VPOS="2156" HPOS="1152"/>
<String CONTENT="each" HEIGHT="39" WIDTH="118" VPOS="2157" HPOS="1187"/>
<SP HEIGHT="38" WIDTH="36" VPOS="2157" HPOS="1306"/>
<String CONTENT="chapter," HEIGHT="47" WIDTH="215" VPOS="2157" HPOS="1343"/>
<SP HEIGHT="35" WIDTH="37" VPOS="2168" HPOS="1559"/>
<String CONTENT="except" HEIGHT="47" WIDTH="170" VPOS="2157" HPOS="1597"/>
<SP HEIGHT="38" WIDTH="33" VPOS="2157" HPOS="1768"/>
<String CONTENT="xii" HEIGHT="30" WIDTH="75" VPOS="2165" HPOS="1802"/>
<SP HEIGHT="38" WIDTH="16" VPOS="2166" HPOS="1878"/>
<String CONTENT=";" HEIGHT="36" WIDTH="8" VPOS="2168" HPOS="1895"/>
<SP HEIGHT="48" WIDTH="40" VPOS="2156" HPOS="1904"/>
<String CONTENT="Bibliography" HEIGHT="109" WIDTH="1988" VPOS="2156" HPOS="147"/>
<SP HEIGHT="38" WIDTH="16" VPOS="2227" HPOS="302"/>
<String CONTENT=":" HEIGHT="29" WIDTH="9" VPOS="2227" HPOS="319"/>
<SP HEIGHT="38" WIDTH="30" VPOS="2227" HPOS="329"/>
<String CONTENT="p." HEIGHT="38" WIDTH="44" VPOS="2227" HPOS="360"/>
<SP HEIGHT="41" WIDTH="31" VPOS="2215" HPOS="405"/>
<String CONTENT="511-514." HEIGHT="41" WIDTH="216" VPOS="2214" HPOS="437"/>
</TextLine>
<TextLine HEIGHT="53" WIDTH="1996" VPOS="2270" HPOS="152" CS="1">
<String CONTENT="&#169;" HEIGHT="52" WIDTH="51" VPOS="2271" HPOS="152"/>
<SP HEIGHT="52" WIDTH="29" VPOS="2271" HPOS="204"/>
<String CONTENT="Apr." HEIGHT="46" WIDTH="112" VPOS="2276" HPOS="234"/>
<SP HEIGHT="39" WIDTH="29" VPOS="2275" HPOS="347"/>
<String CONTENT="2," HEIGHT="46" WIDTH="39" VPOS="2275" HPOS="377"/>
<SP HEIGHT="46" WIDTH="30" VPOS="2275" HPOS="417"/>
<String CONTENT="1934;" HEIGHT="46" WIDTH="140" VPOS="2273" HPOS="448"/>
<SP HEIGHT="46" WIDTH="32" VPOS="2273" HPOS="589"/>
<String CONTENT="2c." HEIGHT="40" WIDTH="66" VPOS="2273" HPOS="622"/>
<SP HEIGHT="30" WIDTH="31" VPOS="2283" HPOS="689"/>
<String CONTENT="and" HEIGHT="39" WIDTH="98" VPOS="2273" HPOS="721"/>
<SP HEIGHT="39" WIDTH="26" VPOS="2273" HPOS="820"/>
<String CS="1" CONTENT="aff." HEIGHT="40" WIDTH="81" VPOS="2271" HPOS="847"/>
<SP HEIGHT="39" WIDTH="31" VPOS="2272" HPOS="929"/>
<String CONTENT="Apr." HEIGHT="46" WIDTH="113" VPOS="2272" HPOS="961"/>
<SP HEIGHT="40" WIDTH="28" VPOS="2271" HPOS="1075"/>
<String CONTENT="4;" HEIGHT="46" WIDTH="53" VPOS="2271" HPOS="1104"/>
<SP HEIGHT="46" WIDTH="30" VPOS="2271" HPOS="1158"/>
<!-- cceid BD8F13B2-6C64-1014-8713-889FF4349C01 --><String CONTENT="A" HEIGHT="39" WIDTH="44" VPOS="2271" HPOS="1189"/>
<SP HEIGHT="40" WIDTH="25" VPOS="2271" HPOS="1234"/>
<String CONTENT="70900;" HEIGHT="48" WIDTH="171" VPOS="2270" HPOS="1260"/>
<SP HEIGHT="46" WIDTH="34" VPOS="2272" HPOS="1432"/>
<String CONTENT="D." HEIGHT="39" WIDTH="55" VPOS="2272" HPOS="1467"/>
<SP HEIGHT="38" WIDTH="31" VPOS="2272" HPOS="1523"/>
<String CONTENT="Appleton-Century" HEIGHT="48" WIDTH="479" VPOS="2272" HPOS="1555"/>
<SP HEIGHT="37" WIDTH="30" VPOS="2283" HPOS="2035"/>
<String CONTENT="co.," HEIGHT="36" WIDTH="82" VPOS="2283" HPOS="2066"/>
</TextLine>
<TextLine HEIGHT="51" WIDTH="413" VPOS="2328" HPOS="219">
<String CONTENT="inc." HEIGHT="40" WIDTH="91" VPOS="2332" HPOS="219"/>
<SP HEIGHT="48" WIDTH="69" VPOS="2331" HPOS="311"/>
<String CONTENT="(34-7819)" HEIGHT="51" WIDTH="251" VPOS="2328" HPOS="381"/>
</TextLine>
<TextLine HEIGHT="69" WIDTH="1997" VPOS="2418" HPOS="153" STYLEREFS="StyleId-2067D295-5C02-4ADD-988E-BEC712C9F0B9-">
<String CONTENT="The" HEIGHT="55" WIDTH="121" VPOS="2419" HPOS="153"/>
<SP HEIGHT="53" WIDTH="37" VPOS="2421" HPOS="275"/>
<String CONTENT="Lincoln" HEIGHT="55" WIDTH="241" VPOS="2419" HPOS="313"/>
<SP HEIGHT="52" WIDTH="39" VPOS="2421" HPOS="555"/>
<String CONTENT="library" HEIGHT="66" WIDTH="218" VPOS="2420" HPOS="595"/>
<SP HEIGHT="50" WIDTH="37" VPOS="2436" HPOS="814"/>
<String CONTENT="of" HEIGHT="51" WIDTH="63" VPOS="2418" HPOS="852"/>
<SP HEIGHT="53" WIDTH="38" VPOS="2418" HPOS="916"/>
<String CONTENT="essential" HEIGHT="52" WIDTH="262" VPOS="2419" HPOS="955"/>
<SP HEIGHT="51" WIDTH="37" VPOS="2420" HPOS="1218"/>
<String CONTENT="information;" HEIGHT="67" WIDTH="410" VPOS="2418" HPOS="1256"/>
<SP HEIGHT="48" WIDTH="44" VPOS="2437" HPOS="1667"/>
<String CONTENT="an" HEIGHT="35" WIDTH="71" VPOS="2437" HPOS="1712"/>
<SP HEIGHT="33" WIDTH="39" VPOS="2438" HPOS="1784"/>
<String CONTENT="up-to-date" HEIGHT="69" WIDTH="326" VPOS="2418" HPOS="1824"/>
</TextLine>
<TextLine HEIGHT="133" WIDTH="1911" VPOS="2496" HPOS="220" STYLEREFS="StyleId-2067D295-5C02-4ADD-988E-BEC712C9F0B9-" CS="1">
<String CONTENT="manual" HEIGHT="51" WIDTH="231" VPOS="2500" HPOS="220"/>
<SP HEIGHT="51" WIDTH="27" VPOS="2499" HPOS="452"/>
<String CONTENT="for" HEIGHT="52" WIDTH="94" VPOS="2499" HPOS="480"/>
<SP HEIGHT="52" WIDTH="24" VPOS="2498" HPOS="575"/>
<String CONTENT="daily" HEIGHT="67" WIDTH="158" VPOS="2498" HPOS="600"/>
<SP HEIGHT="49" WIDTH="25" VPOS="2516" HPOS="759"/>
<String CONTENT="reference," HEIGHT="68" WIDTH="303" VPOS="2496" HPOS="785"/>
<SP HEIGHT="68" WIDTH="24" VPOS="2496" HPOS="1089"/>
<String CONTENT="for" HEIGHT="53" WIDTH="93" VPOS="2496" HPOS="1114"/>
<SP HEIGHT="33" WIDTH="23" VPOS="2516" HPOS="1208"/>
<String CONTENT="self-instruction," HEIGHT="69" WIDTH="500" VPOS="2496" HPOS="1232"/>
<SP HEIGHT="49" WIDTH="27" VPOS="2516" HPOS="1733"/>
<String CONTENT="and" HEIGHT="52" WIDTH="113" VPOS="2498" HPOS="1761"/>
<SP HEIGHT="52" WIDTH="25" VPOS="2497" HPOS="1875"/>
<String CONTENT="for" HEIGHT="52" WIDTH="93" VPOS="2497" HPOS="1901"/>
<SP HEIGHT="50" WIDTH="26" VPOS="2515" HPOS="1995"/>
<String CONTENT="general" HEIGHT="115" WIDTH="1909" VPOS="2514" HPOS="222"/>
</TextLine>
<TextLine HEIGHT="70" WIDTH="1770" VPOS="2574" HPOS="385" STYLEREFS="StyleId-2067D295-5C02-4ADD-988E-BEC712C9F0B9-" CS="1">
<String CONTENT="culture" HEIGHT="54" WIDTH="219" VPOS="2574" HPOS="385"/>
<SP HEIGHT="33" WIDTH="49" VPOS="2595" HPOS="605"/>
<String CS="1" CONTENT="&#8230;"/>
<SP HEIGHT="47" WIDTH="47" VPOS="2580" HPOS="711"/>
<String CONTENT="thoroughly" HEIGHT="68" WIDTH="351" VPOS="2575" HPOS="759"/>
<SP HEIGHT="49" WIDTH="43" VPOS="2594" HPOS="1111"/>
<String CONTENT="revised" HEIGHT="53" WIDTH="220" VPOS="2575" HPOS="1155"/>
<SP HEIGHT="51" WIDTH="46" VPOS="2577" HPOS="1376"/>
<String CONTENT="at" HEIGHT="48" WIDTH="59" VPOS="2581" HPOS="1423"/>
<SP HEIGHT="48" WIDTH="43" VPOS="2581" HPOS="1483"/>
<String CONTENT="each" HEIGHT="53" WIDTH="135" VPOS="2576" HPOS="1527"/>
<SP HEIGHT="51" WIDTH="43" VPOS="2576" HPOS="1663"/>
<String CONTENT="new" HEIGHT="34" WIDTH="124" VPOS="2594" HPOS="1707"/>
<SP HEIGHT="50" WIDTH="42" VPOS="2594" HPOS="1832"/>
<String CONTENT="printing." HEIGHT="67" WIDTH="280" VPOS="2577" HPOS="1875"/>
</TextLine>
<TextLine HEIGHT="71" WIDTH="1715" VPOS="2653" HPOS="225" STYLEREFS="StyleId-2067D295-5C02-4ADD-988E-BEC712C9F0B9-">
<String CONTENT="Buffalo," HEIGHT="68" WIDTH="251" VPOS="2653" HPOS="225"/>
<SP HEIGHT="68" WIDTH="39" VPOS="2653" HPOS="477"/>
<String CONTENT="N." HEIGHT="53" WIDTH="72" VPOS="2653" HPOS="517"/>
<SP HEIGHT="51" WIDTH="43" VPOS="2654" HPOS="590"/>
<String CONTENT="Y.," HEIGHT="67" WIDTH="90" VPOS="2654" HPOS="634"/>
<SP HEIGHT="67" WIDTH="42" VPOS="2654" HPOS="725"/>
<String CONTENT="The" HEIGHT="53" WIDTH="123" VPOS="2653" HPOS="768"/>
<SP HEIGHT="52" WIDTH="40" VPOS="2654" HPOS="892"/>
<String CONTENT="Frontier" HEIGHT="52" WIDTH="268" VPOS="2654" HPOS="933"/>
<SP HEIGHT="50" WIDTH="41" VPOS="2673" HPOS="1202"/>
<String CONTENT="press" HEIGHT="50" WIDTH="156" VPOS="2673" HPOS="1244"/>
<SP HEIGHT="34" WIDTH="43" VPOS="2673" HPOS="1401"/>
<String CONTENT="company," HEIGHT="51" WIDTH="298" VPOS="2673" HPOS="1445"/>
<SP HEIGHT="64" WIDTH="43" VPOS="2659" HPOS="1744"/>
<String CONTENT="1934." HEIGHT="50" WIDTH="152" VPOS="2658" HPOS="1788"/>
</TextLine>
<TextLine HEIGHT="54" WIDTH="1930" VPOS="2725" HPOS="226" CS="1">
<String CONTENT="1" HEIGHT="38" WIDTH="25" VPOS="2730" HPOS="226"/>
<SP/>
<String LANG="la" CONTENT="p." HEIGHT="38" WIDTH="43" VPOS="2738" HPOS="284"/>
<SP/>
<String LANG="la" CS="1" CONTENT="l."/>
<String CONTENT="," HEIGHT="16" WIDTH="9" VPOS="2758" HPOS="397"/>
<SP HEIGHT="46" WIDTH="32" VPOS="2728" HPOS="407"/>
<String CONTENT="7-2174" HEIGHT="42" WIDTH="175" VPOS="2725" HPOS="440"/>
<SP HEIGHT="47" WIDTH="28" VPOS="2728" HPOS="616"/>
<String CONTENT="p." HEIGHT="38" WIDTH="43" VPOS="2737" HPOS="645"/>
<SP HEIGHT="39" WIDTH="60" VPOS="2728" HPOS="689"/>
<String CONTENT="illus." HEIGHT="41" WIDTH="128" VPOS="2727" HPOS="750"/>
<SP HEIGHT="48" WIDTH="29" VPOS="2727" HPOS="879"/>
<String CONTENT="(incl." HEIGHT="48" WIDTH="132" VPOS="2727" HPOS="909"/>
<SP HEIGHT="29" WIDTH="32" VPOS="2739" HPOS="1042"/>
<String CONTENT="maps," HEIGHT="38" WIDTH="149" VPOS="2738" HPOS="1075"/>
<SP HEIGHT="37" WIDTH="32" VPOS="2739" HPOS="1225"/>
<String CONTENT="music)" HEIGHT="48" WIDTH="178" VPOS="2729" HPOS="1258"/>
<SP HEIGHT="49" WIDTH="41" VPOS="2729" HPOS="1437"/>
<String CONTENT="plates" HEIGHT="49" WIDTH="158" VPOS="2729" HPOS="1479"/>
<SP HEIGHT="48" WIDTH="28" VPOS="2729" HPOS="1638"/>
<String CONTENT="(part" HEIGHT="49" WIDTH="136" VPOS="2729" HPOS="1667"/>
<SP HEIGHT="38" WIDTH="31" VPOS="2732" HPOS="1804"/>
<String CONTENT="col.)" HEIGHT="48" WIDTH="111" VPOS="2730" HPOS="1836"/>
<SP HEIGHT="47" WIDTH="44" VPOS="2732" HPOS="1948"/>
<String CONTENT="ports.," HEIGHT="38" WIDTH="163" VPOS="2741" HPOS="1993"/>
</TextLine>
<TextLine HEIGHT="51" WIDTH="356" VPOS="2784" HPOS="153">
<String CONTENT="diagrs." HEIGHT="48" WIDTH="179" VPOS="2787" HPOS="153"/>
<SP HEIGHT="42" WIDTH="58" VPOS="2784" HPOS="333"/>
<String CONTENT="25" HEIGHT="41" WIDTH="56" VPOS="2784" HPOS="392"/>
<String STYLE="superscript" CONTENT="cm" HEIGHT="21" WIDTH="44" VPOS="2786" HPOS="452"/>
<String CONTENT="." HEIGHT="8" WIDTH="9" VPOS="2816" HPOS="500"/>
</TextLine>
<TextLine HEIGHT="49" WIDTH="998" VPOS="2842" HPOS="228" CS="1">
<String CONTENT="Bibliography" HEIGHT="47" WIDTH="348" VPOS="2844" HPOS="228"/>
<SP HEIGHT="37" WIDTH="28" VPOS="2852" HPOS="577"/>
<String CONTENT="at" HEIGHT="37" WIDTH="51" VPOS="2845" HPOS="606"/>
<SP HEIGHT="37" WIDTH="26" VPOS="2845" HPOS="658"/>
<String CONTENT="end" HEIGHT="39" WIDTH="91" VPOS="2843" HPOS="685"/>
<SP HEIGHT="39" WIDTH="28" VPOS="2843" HPOS="777"/>
<String CS="1" CONTENT="of" HEIGHT="38" WIDTH="21" VPOS="2842" HPOS="835"/>
<SP HEIGHT="40" WIDTH="26" VPOS="2842" HPOS="857"/>
<String CONTENT="each" HEIGHT="38" WIDTH="119" VPOS="2844" HPOS="884"/>
<SP HEIGHT="39" WIDTH="25" VPOS="2844" HPOS="1004"/>
<String CONTENT="section." HEIGHT="40" WIDTH="196" VPOS="2843" HPOS="1030"/>
</TextLine>
<TextLine HEIGHT="54" WIDTH="1797" VPOS="2898" HPOS="160">
<String CONTENT="&#169;" HEIGHT="52" WIDTH="55" VPOS="2898" HPOS="160"/>
<SP HEIGHT="52" WIDTH="24" VPOS="2898" HPOS="216"/>
<String CONTENT="Apr." HEIGHT="47" WIDTH="111" VPOS="2903" HPOS="241"/>
<SP HEIGHT="38" WIDTH="30" VPOS="2903" HPOS="353"/>
<String CONTENT="7," HEIGHT="45" WIDTH="39" VPOS="2903" HPOS="384"/>
<SP HEIGHT="45" WIDTH="29" VPOS="2903" HPOS="424"/>
<String CONTENT="1934;" HEIGHT="46" WIDTH="140" VPOS="2901" HPOS="454"/>
<SP HEIGHT="46" WIDTH="31" VPOS="2901" HPOS="595"/>
<String CONTENT="2c." HEIGHT="38" WIDTH="65" VPOS="2901" HPOS="627"/>
<SP HEIGHT="28" WIDTH="31" VPOS="2911" HPOS="693"/>
<String CONTENT="and" HEIGHT="38" WIDTH="95" VPOS="2901" HPOS="725"/>
<SP HEIGHT="38" WIDTH="29" VPOS="2901" HPOS="821"/>
<String CONTENT="aff." HEIGHT="40" WIDTH="81" VPOS="2900" HPOS="851"/>
<SP HEIGHT="39" WIDTH="27" VPOS="2901" HPOS="933"/>
<String CONTENT="Apr." HEIGHT="47" WIDTH="112" VPOS="2901" HPOS="961"/>
<SP HEIGHT="41" WIDTH="31" VPOS="2900" HPOS="1074"/>
<String CONTENT="9;" HEIGHT="48" WIDTH="51" VPOS="2900" HPOS="1106"/>
<SP HEIGHT="47" WIDTH="30" VPOS="2901" HPOS="1158"/>
<!-- cceid BD8FA098-6C64-1014-8713-889FF4349C01 --><String CONTENT="A" HEIGHT="39" WIDTH="41" VPOS="2901" HPOS="1189"/>
<SP HEIGHT="40" WIDTH="28" VPOS="2901" HPOS="1231"/>
<String CONTENT="70969;" HEIGHT="49" WIDTH="170" VPOS="2900" HPOS="1260"/>
<SP HEIGHT="47" WIDTH="33" VPOS="2902" HPOS="1431"/>
<String CONTENT="Frontier" HEIGHT="41" WIDTH="226" VPOS="2902" HPOS="1465"/>
<SP HEIGHT="38" WIDTH="29" VPOS="2914" HPOS="1692"/>
<String CONTENT="press" HEIGHT="38" WIDTH="137" VPOS="2914" HPOS="1722"/>
<SP HEIGHT="29" WIDTH="28" VPOS="2915" HPOS="1860"/>
<String CONTENT="co." HEIGHT="29" WIDTH="68" VPOS="2915" HPOS="1889"/>
</TextLine>
<TextLine HEIGHT="50" WIDTH="250" VPOS="2958" HPOS="241">
<String CONTENT="(34-8026)" HEIGHT="50" WIDTH="250" VPOS="2958" HPOS="241"/>
</TextLine>
<TextLine HEIGHT="64" WIDTH="901" VPOS="3047" HPOS="159" STYLEREFS="StyleId-AA447FD7-9F87-4143-B20F-63B52E5DF32E-">
<String CONTENT="McKee," HEIGHT="64" WIDTH="235" VPOS="3047" HPOS="159"/>
<SP HEIGHT="62" WIDTH="30" VPOS="3049" HPOS="395"/>
<String CONTENT="Paul" HEIGHT="52" WIDTH="145" VPOS="3048" HPOS="426"/>
<SP HEIGHT="53" WIDTH="32" VPOS="3048" HPOS="572"/>
<String CONTENT="Gordon," HEIGHT="64" WIDTH="251" VPOS="3047" HPOS="605"/>
<SP HEIGHT="59" WIDTH="31" VPOS="3052" HPOS="857"/>
<String CONTENT="1898-" HEIGHT="50" WIDTH="171" VPOS="3050" HPOS="889"/>
</TextLine>
<TextLine HEIGHT="73" WIDTH="1931" VPOS="3123" HPOS="228" STYLEREFS="StyleId-2067D295-5C02-4ADD-988E-BEC712C9F0B9-">
<String CONTENT="Language" HEIGHT="67" WIDTH="312" VPOS="3124" HPOS="228"/>
<SP HEIGHT="52" WIDTH="37" VPOS="3123" HPOS="541"/>
<String CONTENT="in" HEIGHT="51" WIDTH="58" VPOS="3123" HPOS="579"/>
<SP HEIGHT="46" WIDTH="39" VPOS="3129" HPOS="638"/>
<String CONTENT="the" HEIGHT="51" WIDTH="93" VPOS="3124" HPOS="678"/>
<SP HEIGHT="33" WIDTH="40" VPOS="3142" HPOS="772"/>
<String CONTENT="elementary" HEIGHT="68" WIDTH="344" VPOS="3124" HPOS="813"/>
<SP HEIGHT="50" WIDTH="37" VPOS="3142" HPOS="1158"/>
<String CONTENT="school;" HEIGHT="69" WIDTH="219" VPOS="3124" HPOS="1196"/>
<SP HEIGHT="48" WIDTH="42" VPOS="3145" HPOS="1416"/>
<String CONTENT="spelling," HEIGHT="68" WIDTH="265" VPOS="3127" HPOS="1459"/>
<SP HEIGHT="48" WIDTH="39" VPOS="3147" HPOS="1725"/>
<String CONTENT="composition," HEIGHT="68" WIDTH="394" VPOS="3128" HPOS="1765"/>
</TextLine>
<TextLine HEIGHT="73" WIDTH="1993" VPOS="3200" HPOS="161" STYLEREFS="StyleId-2067D295-5C02-4ADD-988E-BEC712C9F0B9-" CS="1">
<String CONTENT="and" HEIGHT="52" WIDTH="112" VPOS="3202" HPOS="161"/>
<SP HEIGHT="52" WIDTH="44" VPOS="3202" HPOS="274"/>
<String CONTENT="writing," HEIGHT="67" WIDTH="252" VPOS="3201" HPOS="319"/>
<SP HEIGHT="68" WIDTH="41" VPOS="3200" HPOS="572"/>
<String CONTENT="by" HEIGHT="68" WIDTH="75" VPOS="3200" HPOS="614"/>
<SP HEIGHT="67" WIDTH="42" VPOS="3201" HPOS="690"/>
<String CONTENT="Paul" HEIGHT="52" WIDTH="146" VPOS="3201" HPOS="733"/>
<SP HEIGHT="51" WIDTH="43" VPOS="3201" HPOS="880"/>
<String CONTENT="McKee" HEIGHT="54" WIDTH="219" VPOS="3201" HPOS="924"/>
<SP HEIGHT="33" WIDTH="45" VPOS="3222" HPOS="1144"/>
<String CS="1" CONTENT="&#8230;"/>
<SP HEIGHT="50" WIDTH="86" VPOS="3204" HPOS="1245"/>
<String CONTENT="Boston," HEIGHT="68" WIDTH="235" VPOS="3204" HPOS="1332"/>
<SP HEIGHT="67" WIDTH="44" VPOS="3205" HPOS="1568"/>
<String CONTENT="New" HEIGHT="52" WIDTH="139" VPOS="3205" HPOS="1613"/>
<SP HEIGHT="52" WIDTH="47" VPOS="3206" HPOS="1753"/>
<String CONTENT="York" HEIGHT="52" WIDTH="163" VPOS="3206" HPOS="1801"/>
<SP HEIGHT="67" WIDTH="50" VPOS="3206" HPOS="1965"/>
<String CS="1" CONTENT="[etc.]" HEIGHT="62" WIDTH="120" VPOS="3211" HPOS="2034"/>
</TextLine>
<TextLine HEIGHT="71" WIDTH="1098" VPOS="3277" HPOS="164" STYLEREFS="StyleId-2067D295-5C02-4ADD-988E-BEC712C9F0B9-">
<String CONTENT="Houghton" HEIGHT="70" WIDTH="314" VPOS="3277" HPOS="164"/>
<SP HEIGHT="52" WIDTH="33" VPOS="3278" HPOS="479"/>
<String CONTENT="Mifflin" HEIGHT="53" WIDTH="204" VPOS="3277" HPOS="513"/>
<SP HEIGHT="33" WIDTH="33" VPOS="3297" HPOS="718"/>
<String CONTENT="company" HEIGHT="51" WIDTH="279" VPOS="3297" HPOS="752"/>
<SP HEIGHT="50" WIDTH="39" VPOS="3298" HPOS="1032"/>
<String STYLE="subscript" CONTENT="[" HEIGHT="33" WIDTH="13" VPOS="3313" HPOS="1072"/>
<String STYLE="superscript" CONTENT="c" HEIGHT="22" WIDTH="17" VPOS="3285" HPOS="1090"/>
<String CONTENT="1934" HEIGHT="49" WIDTH="134" VPOS="3282" HPOS="1113"/>
<String STYLE="subscript" CONTENT="]" HEIGHT="34" WIDTH="12" VPOS="3313" HPOS="1250"/>
</TextLine>
<TextLine HEIGHT="97" WIDTH="1983" VPOS="3349" HPOS="164" CS="1">
<String CONTENT="X," HEIGHT="38" WIDTH="41" VPOS="3360" HPOS="239"/>
<SP HEIGHT="29" WIDTH="39" VPOS="3372" HPOS="281"/>
<String CS="1" CONTENT="[1]" HEIGHT="29" WIDTH="8" VPOS="3372" HPOS="321"/>
<SP HEIGHT="40" WIDTH="33" VPOS="3361" HPOS="375"/>
<String CONTENT="p.," HEIGHT="38" WIDTH="57" VPOS="3361" HPOS="409"/>
<SP HEIGHT="45" WIDTH="34" VPOS="3352" HPOS="467"/>
<String CONTENT="2" HEIGHT="38" WIDTH="25" VPOS="3352" HPOS="502"/>
<SP/>
<String CS="1" CONTENT="l.," HEIGHT="15" WIDTH="7" VPOS="3381" HPOS="598"/>
<SP HEIGHT="46" WIDTH="33" VPOS="3350" HPOS="606"/>
<String CONTENT="3-481," HEIGHT="50" WIDTH="156" VPOS="3349" HPOS="640"/>
<SP HEIGHT="28" WIDTH="38" VPOS="3372" HPOS="797"/>
<String CS="1" CONTENT="[1]" HEIGHT="30" WIDTH="10" VPOS="3371" HPOS="879"/>
<SP HEIGHT="39" WIDTH="33" VPOS="3362" HPOS="890"/>
<String CONTENT="p." HEIGHT="37" WIDTH="43" VPOS="3362" HPOS="924"/>
<SP HEIGHT="40" WIDTH="59" VPOS="3351" HPOS="968"/>
<String CONTENT="illus.," HEIGHT="50" WIDTH="142" VPOS="3351" HPOS="1028"/>
<SP HEIGHT="47" WIDTH="34" VPOS="3354" HPOS="1171"/>
<String CONTENT="diagrs." HEIGHT="46" WIDTH="178" VPOS="3354" HPOS="1206"/>
<SP HEIGHT="39" WIDTH="58" VPOS="3353" HPOS="1385"/>
<String CS="1" CONTENT="20&#189;" HEIGHT="41" WIDTH="57" VPOS="3353" HPOS="1444"/>
<String STYLE="superscript" CONTENT="cm" HEIGHT="21" WIDTH="43" VPOS="3356" HPOS="1535"/>
<String CONTENT="." HEIGHT="8" WIDTH="8" VPOS="3386" HPOS="1583"/>
<SP/>
<String CONTENT="(Half-title:" HEIGHT="49" WIDTH="296" VPOS="3355" HPOS="1667"/>
<SP HEIGHT="41" WIDTH="34" VPOS="3356" HPOS="1964"/>
<String CONTENT="Riverside" HEIGHT="90" WIDTH="1983" VPOS="3356" HPOS="164"/>
</TextLine>
<TextLine HEIGHT="52" WIDTH="1282" VPOS="3407" HPOS="291">
<String CONTENT="textbooks" HEIGHT="40" WIDTH="256" VPOS="3408" HPOS="291"/>
<SP HEIGHT="39" WIDTH="20" VPOS="3408" HPOS="548"/>
<String CONTENT="in" HEIGHT="38" WIDTH="50" VPOS="3408" HPOS="569"/>
<SP HEIGHT="29" WIDTH="24" VPOS="3418" HPOS="620"/>
<String CONTENT="education," HEIGHT="49" WIDTH="270" VPOS="3407" HPOS="645"/>
<SP HEIGHT="36" WIDTH="25" VPOS="3420" HPOS="916"/>
<String CONTENT="ed." HEIGHT="41" WIDTH="71" VPOS="3410" HPOS="942"/>
<SP HEIGHT="42" WIDTH="25" VPOS="3409" HPOS="1014"/>
<String CONTENT="by" HEIGHT="47" WIDTH="60" VPOS="3409" HPOS="1040"/>
<SP HEIGHT="48" WIDTH="24" VPOS="3408" HPOS="1101"/>
<String LANG="la" CONTENT="E." HEIGHT="42" WIDTH="52" VPOS="3408" HPOS="1126"/>
<SP HEIGHT="41" WIDTH="23" VPOS="3409" HPOS="1179"/>
<String CONTENT="P." HEIGHT="41" WIDTH="51" VPOS="3409" HPOS="1203"/>
<SP HEIGHT="41" WIDTH="27" VPOS="3409" HPOS="1255"/>
<String CONTENT="Cubberley)" HEIGHT="50" WIDTH="290" VPOS="3409" HPOS="1283"/>
</TextLine>
<TextLine HEIGHT="51" WIDTH="1929" VPOS="3464" HPOS="235">
<String CONTENT="A" HEIGHT="34" WIDTH="36" VPOS="3466" HPOS="235"/>
<SP HEIGHT="37" WIDTH="33" VPOS="3466" HPOS="272"/>
<String CONTENT="companion" HEIGHT="47" WIDTH="283" VPOS="3464" HPOS="306"/>
<SP HEIGHT="29" WIDTH="33" VPOS="3474" HPOS="590"/>
<String CONTENT="volume" HEIGHT="38" WIDTH="189" VPOS="3465" HPOS="624"/>
<SP HEIGHT="38" WIDTH="32" VPOS="3466" HPOS="814"/>
<String CONTENT="to" HEIGHT="38" WIDTH="47" VPOS="3466" HPOS="847"/>
<SP HEIGHT="36" WIDTH="31" VPOS="3468" HPOS="895"/>
<String CONTENT="the" HEIGHT="39" WIDTH="81" VPOS="3466" HPOS="927"/>
<SP HEIGHT="29" WIDTH="32" VPOS="3476" HPOS="1009"/>
<String CONTENT="author&#8217;s" HEIGHT="41" WIDTH="218" VPOS="3465" HPOS="1042"/>
<SP HEIGHT="39" WIDTH="33" VPOS="3467" HPOS="1261"/>
<String CONTENT="&#8220;Reading" HEIGHT="48" WIDTH="250" VPOS="3467" HPOS="1295"/>
<SP HEIGHT="37" WIDTH="29" VPOS="3478" HPOS="1546"/>
<String CONTENT="and" HEIGHT="39" WIDTH="96" VPOS="3469" HPOS="1576"/>
<SP HEIGHT="39" WIDTH="33" VPOS="3469" HPOS="1673"/>
<String CONTENT="literature" HEIGHT="41" WIDTH="257" VPOS="3469" HPOS="1707"/>
<SP HEIGHT="41" WIDTH="33" VPOS="3469" HPOS="1965"/>
<String CONTENT="in" HEIGHT="40" WIDTH="49" VPOS="3469" HPOS="1999"/>
<SP HEIGHT="39" WIDTH="33" VPOS="3471" HPOS="2049"/>
<String CONTENT="the" HEIGHT="39" WIDTH="81" VPOS="3471" HPOS="2083"/>
</TextLine>
<TextLine HEIGHT="49" WIDTH="1118" VPOS="3518" HPOS="164">
<String CONTENT="elementary" HEIGHT="49" WIDTH="296" VPOS="3518" HPOS="164"/>
<SP HEIGHT="36" WIDTH="33" VPOS="3531" HPOS="461"/>
<String CONTENT="school&#8221;," HEIGHT="41" WIDTH="204" VPOS="3519" HPOS="495"/>
<SP HEIGHT="30" WIDTH="59" VPOS="3529" HPOS="700"/>
<String CONTENT="cf." HEIGHT="46" WIDTH="61" VPOS="3520" HPOS="760"/>
<SP HEIGHT="42" WIDTH="33" VPOS="3519" HPOS="822"/>
<String CONTENT="Editor&#8217;s" HEIGHT="43" WIDTH="214" VPOS="3519" HPOS="856"/>
<SP HEIGHT="39" WIDTH="34" VPOS="3523" HPOS="1071"/>
<String CONTENT="introd." HEIGHT="41" WIDTH="176" VPOS="3523" HPOS="1106"/>
</TextLine>
<TextLine HEIGHT="59" WIDTH="1993" VPOS="3573" HPOS="169">
<String CONTENT="&#169;" HEIGHT="51" WIDTH="50" VPOS="3573" HPOS="169"/>
<SP HEIGHT="51" WIDTH="32" VPOS="3573" HPOS="220"/>
<String CONTENT="Mar." HEIGHT="39" WIDTH="120" VPOS="3579" HPOS="253"/>
<SP HEIGHT="39" WIDTH="30" VPOS="3579" HPOS="374"/>
<String CONTENT="23," HEIGHT="46" WIDTH="67" VPOS="3579" HPOS="405"/>
<SP HEIGHT="45" WIDTH="30" VPOS="3580" HPOS="473"/>
<String CONTENT="1934;" HEIGHT="47" WIDTH="140" VPOS="3577" HPOS="504"/>
<SP HEIGHT="45" WIDTH="33" VPOS="3579" HPOS="645"/>
<String CONTENT="2c." HEIGHT="39" WIDTH="65" VPOS="3579" HPOS="679"/>
<SP HEIGHT="29" WIDTH="31" VPOS="3589" HPOS="745"/>
<String CONTENT="and)" HEIGHT="50" WIDTH="102" VPOS="3574" HPOS="777"/>
<SP HEIGHT="50" WIDTH="23" VPOS="3574" HPOS="880"/>
<String CONTENT="aff." HEIGHT="40" WIDTH="78" VPOS="3579" HPOS="904"/>
<SP HEIGHT="38" WIDTH="34" VPOS="3581" HPOS="983"/>
<String CONTENT="Mar." HEIGHT="41" WIDTH="121" VPOS="3581" HPOS="1018"/>
<SP HEIGHT="40" WIDTH="30" VPOS="3582" HPOS="1140"/>
<String CONTENT="26;" HEIGHT="47" WIDTH="80" VPOS="3581" HPOS="1171"/>
<SP HEIGHT="46" WIDTH="33" VPOS="3582" HPOS="1252"/>
<!-- cceid BD902861-6C64-1014-8713-889FF4349C01 --><String CONTENT="A" HEIGHT="38" WIDTH="41" VPOS="3582" HPOS="1286"/>
<SP HEIGHT="40" WIDTH="27" VPOS="3582" HPOS="1328"/>
<String CONTENT="71026;" HEIGHT="48" WIDTH="171" VPOS="3582" HPOS="1356"/>
<SP HEIGHT="46" WIDTH="33" VPOS="3584" HPOS="1528"/>
<String CONTENT="Paul" HEIGHT="39" WIDTH="122" VPOS="3584" HPOS="1562"/>
<SP HEIGHT="37" WIDTH="32" VPOS="3586" HPOS="1685"/>
<String CONTENT="McKee," HEIGHT="47" WIDTH="194" VPOS="3585" HPOS="1718"/>
<SP HEIGHT="47" WIDTH="34" VPOS="3585" HPOS="1913"/>
<String CONTENT="Greeley," HEIGHT="47" WIDTH="214" VPOS="3585" HPOS="1948"/>
</TextLine>
<TextLine HEIGHT="48" WIDTH="421" VPOS="3635" HPOS="239">
<String CONTENT="Col." HEIGHT="40" WIDTH="96" VPOS="3635" HPOS="239"/>
<SP HEIGHT="48" WIDTH="73" VPOS="3635" HPOS="336"/>
<String CONTENT="(34-7791)" HEIGHT="48" WIDTH="250" VPOS="3635" HPOS="410"/>
</TextLine>
<TextLine HEIGHT="78" WIDTH="1927" VPOS="3722" HPOS="238" STYLEREFS="StyleId-2067D295-5C02-4ADD-988E-BEC712C9F0B9-">
<String CONTENT="Reading" HEIGHT="70" WIDTH="263" VPOS="3722" HPOS="238"/>
<SP HEIGHT="50" WIDTH="38" VPOS="3742" HPOS="502"/>
<String CONTENT="and" HEIGHT="51" WIDTH="112" VPOS="3726" HPOS="541"/>
<SP HEIGHT="51" WIDTH="37" VPOS="3726" HPOS="654"/>
<String CONTENT="literature" HEIGHT="53" WIDTH="298" VPOS="3725" HPOS="692"/>
<SP HEIGHT="51" WIDTH="36" VPOS="3727" HPOS="991"/>
<String CONTENT="in" HEIGHT="52" WIDTH="60" VPOS="3727" HPOS="1028"/>
<SP HEIGHT="47" WIDTH="38" VPOS="3733" HPOS="1089"/>
<String CONTENT="the" HEIGHT="52" WIDTH="96" VPOS="3728" HPOS="1128"/>
<SP HEIGHT="33" WIDTH="38" VPOS="3747" HPOS="1225"/>
<String CONTENT="elementary" HEIGHT="69" WIDTH="346" VPOS="3729" HPOS="1264"/>
<SP HEIGHT="49" WIDTH="40" VPOS="3749" HPOS="1611"/>
<String CONTENT="school," HEIGHT="66" WIDTH="208" VPOS="3732" HPOS="1652"/>
<SP HEIGHT="66" WIDTH="38" VPOS="3732" HPOS="1861"/>
<String CONTENT="by" HEIGHT="68" WIDTH="76" VPOS="3732" HPOS="1900"/>
<SP HEIGHT="68" WIDTH="40" VPOS="3732" HPOS="1977"/>
<String CONTENT="Paul" HEIGHT="51" WIDTH="147" VPOS="3731" HPOS="2018"/>
</TextLine>
<TextLine HEIGHT="147" WIDTH="1973" VPOS="3799" HPOS="169" STYLEREFS="StyleId-2067D295-5C02-4ADD-988E-BEC712C9F0B9-" CS="1">
<String CONTENT="McKee" HEIGHT="54" WIDTH="215" VPOS="3799" HPOS="169"/>
<SP HEIGHT="32" WIDTH="44" VPOS="3821" HPOS="385"/>
<String CS="1" CONTENT="&#8230;"/>
<SP HEIGHT="51" WIDTH="80" VPOS="3802" HPOS="485"/>
<String CONTENT="Boston," HEIGHT="67" WIDTH="234" VPOS="3802" HPOS="566"/>
<SP HEIGHT="66" WIDTH="39" VPOS="3803" HPOS="801"/>
<String CONTENT="New" HEIGHT="53" WIDTH="137" VPOS="3803" HPOS="841"/>
<SP HEIGHT="52" WIDTH="40" VPOS="3804" HPOS="979"/>
<String CONTENT="York" HEIGHT="53" WIDTH="162" VPOS="3804" HPOS="1020"/>
<SP HEIGHT="67" WIDTH="44" VPOS="3805" HPOS="1183"/>
<String CONTENT="[" HEIGHT="32" WIDTH="11" VPOS="3840" HPOS="1228"/>
<String CONTENT="etc.]" HEIGHT="62" WIDTH="119" VPOS="3811" HPOS="1245"/>
<SP HEIGHT="66" WIDTH="45" VPOS="3807" HPOS="1365"/>
<String CONTENT="Houghton" HEIGHT="68" WIDTH="320" VPOS="3807" HPOS="1411"/>
<SP HEIGHT="51" WIDTH="41" VPOS="3809" HPOS="1732"/>
<String CONTENT="Mifflin" HEIGHT="53" WIDTH="203" VPOS="3808" HPOS="1774"/>
<SP HEIGHT="33" WIDTH="42" VPOS="3828" HPOS="1978"/>
<String CONTENT="company" HEIGHT="119" WIDTH="1973" VPOS="3827" HPOS="169"/>
<SP HEIGHT="61" WIDTH="35" VPOS="3885" HPOS="324"/>
<String CS="1" CONTENT="[c1934]" HEIGHT="64" WIDTH="151" VPOS="3882" HPOS="400"/>
</TextLine>
<TextLine HEIGHT="55" WIDTH="1927" VPOS="3950" HPOS="244" CS="1">
<String CONTENT="x," HEIGHT="37" WIDTH="43" VPOS="3960" HPOS="244"/>
<SP HEIGHT="28" WIDTH="37" VPOS="3972" HPOS="288"/>
<String CS="1" CONTENT="[1]" HEIGHT="28" WIDTH="10" VPOS="3972" HPOS="326"/>
<SP HEIGHT="39" WIDTH="32" VPOS="3962" HPOS="381"/>
<String LANG="la" CONTENT="p.," HEIGHT="37" WIDTH="57" VPOS="3962" HPOS="414"/>
<SP HEIGHT="46" WIDTH="34" VPOS="3952" HPOS="472"/>
<String CONTENT="1" HEIGHT="39" WIDTH="25" VPOS="3952" HPOS="507"/>
<SP/>
<String CS="1" CONTENT="l.," HEIGHT="16" WIDTH="8" VPOS="3983" HPOS="602"/>
<SP HEIGHT="48" WIDTH="32" VPOS="3951" HPOS="611"/>
<String CONTENT="591," HEIGHT="49" WIDTH="98" VPOS="3950" HPOS="644"/>
<SP HEIGHT="29" WIDTH="36" VPOS="3973" HPOS="743"/>
<String CS="1" CONTENT="[1]" HEIGHT="29" WIDTH="10" VPOS="3973" HPOS="780"/>
<SP HEIGHT="39" WIDTH="34" VPOS="3964" HPOS="835"/>
<String CONTENT="p." HEIGHT="37" WIDTH="43" VPOS="3964" HPOS="870"/>
<SP HEIGHT="39" WIDTH="59" VPOS="3955" HPOS="914"/>
<String CONTENT="illus.," HEIGHT="48" WIDTH="143" VPOS="3955" HPOS="974"/>
<SP HEIGHT="46" WIDTH="33" VPOS="3957" HPOS="1118"/>
<String CONTENT="diagr." HEIGHT="47" WIDTH="152" VPOS="3956" HPOS="1152"/>
<SP HEIGHT="39" WIDTH="57" VPOS="3956" HPOS="1305"/>
<String CS="1" CONTENT="20&#189;" HEIGHT="41" WIDTH="56" VPOS="3955" HPOS="1363"/>
<String STYLE="superscript" CONTENT="cm" HEIGHT="22" WIDTH="45" VPOS="3958" HPOS="1452"/>
<String CONTENT="." HEIGHT="9" WIDTH="8" VPOS="3988" HPOS="1501"/>
<SP/>
<String CONTENT="(Half-title:" HEIGHT="48" WIDTH="298" VPOS="3957" HPOS="1584"/>
<SP HEIGHT="42" WIDTH="31" VPOS="3957" HPOS="1883"/>
<String CONTENT="Riverside" HEIGHT="41" WIDTH="256" VPOS="3957" HPOS="1915"/>
</TextLine>
<TextLine HEIGHT="56" WIDTH="1293" VPOS="4006" HPOS="174">
<String CONTENT="textbooks" HEIGHT="42" WIDTH="253" VPOS="4006" HPOS="174"/>
<SP HEIGHT="39" WIDTH="26" VPOS="4009" HPOS="428"/>
<String CONTENT="in" HEIGHT="38" WIDTH="49" VPOS="4009" HPOS="455"/>
<SP HEIGHT="29" WIDTH="26" VPOS="4019" HPOS="505"/>
<String CONTENT="education," HEIGHT="41" WIDTH="269" VPOS="4009" HPOS="532"/>
<SP HEIGHT="29" WIDTH="25" VPOS="4021" HPOS="802"/>
<String CONTENT="ed." HEIGHT="39" WIDTH="72" VPOS="4011" HPOS="828"/>
<SP HEIGHT="39" WIDTH="27" VPOS="4011" HPOS="901"/>
<String CONTENT="by" HEIGHT="46" WIDTH="59" VPOS="4011" HPOS="929"/>
<SP HEIGHT="46" WIDTH="25" VPOS="4011" HPOS="989"/>
<String LANG="la" CONTENT="E." HEIGHT="41" WIDTH="53" VPOS="4011" HPOS="1015"/>
<SP HEIGHT="40" WIDTH="27" VPOS="4012" HPOS="1069"/>
<String CONTENT="P." HEIGHT="40" WIDTH="51" VPOS="4012" HPOS="1097"/>
<SP HEIGHT="42" WIDTH="26" VPOS="4010" HPOS="1149"/>
<String CONTENT="Cubberley)" HEIGHT="52" WIDTH="291" VPOS="4010" HPOS="1176"/>
</TextLine>
</TextBlock>
</PrintSpace>
</Page>
</Layout>
</alto>