<alto xmlns="http://www.loc.gov/standards/alto/ns-v3#" xmlns:xsi="http://www.w3.org/2001/XMLSchema-instance" xsi:schemaLocation="http://www.loc.gov/standards/alto/ns-v3# http://www.loc.gov/alto/v3/alto-3-0.xsd"><Description>
<MeasurementUnit>pixel</MeasurementUnit>
<sourceImageInformation>
<fileName>1934_v1_Part1.pdf</fileName>
</sourceImageInformation>
<OCRProcessing ID="IdOcr">
<ocrProcessingStep>
<processingDateTime>2019-01-10</processingDateTime>
<processingSoftware>
<softwareCreator>ABBYY</softwareCreator>
<softwareName>ABBYY Recognition Server</softwareName>
<softwareVersion>4.0</softwareVersion>
</processingSoftware>
</ocrProcessingStep>
</OCRProcessing>
</Description>
<Styles>
<ParagraphStyle ALIGN="Left" FIRSTLINE="0." ID="StyleId-FFFFFFFF-FFFF-FFFF-FFFF-FFFFFFFFFFFF-" LEFT="0." RIGHT="0." />
<ParagraphStyle ALIGN="Right" FIRSTLINE="0." ID="StyleId-521E1FC6-FE7E-43A4-90E6-A9B61626A263-" LEFT="0." LINESPACE="13.30000019" RIGHT="0." />
<ParagraphStyle ALIGN="Left" FIRSTLINE="-27." ID="StyleId-639B624E-F6F5-47B6-BB1D-34E64B53022F-" LEFT="0." LINESPACE="13.43999958" RIGHT="0." />
<ParagraphStyle ALIGN="Left" FIRSTLINE="0." ID="StyleId-100905F9-D385-406B-A5BD-ED5B8FD85431-" LEFT="0." RIGHT="0." />
<ParagraphStyle ALIGN="Left" FIRSTLINE="-27." ID="StyleId-7C9F9BA2-EF3A-4B7F-8486-CCC7B7F49B39-" LEFT="0." LINESPACE="18.71999931" RIGHT="0." />
<ParagraphStyle ALIGN="Block" FIRSTLINE="-27." ID="StyleId-350780E3-60F2-4605-88F5-BB54F9B87091-" LEFT="0." LINESPACE="18.71999931" RIGHT="0." />
<ParagraphStyle ALIGN="Left" FIRSTLINE="0." ID="StyleId-90B16C58-D795-4C77-9B89-30378C515D40-" LEFT="0." LINESPACE="14.39999962" RIGHT="0." />
<ParagraphStyle ALIGN="Right" FIRSTLINE="-27." ID="StyleId-17090E09-AFAF-4086-BD9B-4E99FAE6B057-" LEFT="0." LINESPACE="14.39999962" RIGHT="0." />
<ParagraphStyle ALIGN="Left" FIRSTLINE="-27." ID="StyleId-8B87B633-89DB-4D72-B1FC-26E4ABD680BC-" LEFT="0." LINESPACE="18.47999954" RIGHT="0." />
<ParagraphStyle ALIGN="Left" FIRSTLINE="0." ID="StyleId-42DA7417-CA90-4D71-A57B-06556C38D752-" LEFT="0." LINESPACE="13.30000019" RIGHT="0." />
<ParagraphStyle ALIGN="Block" FIRSTLINE="0." ID="StyleId-D8EE2A7E-42AE-4E35-98DB-F0F935637AA0-" LEFT="0." LINESPACE="6.599999905" RIGHT="0." />
<ParagraphStyle ALIGN="Left" FIRSTLINE="0." ID="StyleId-33CD3121-D4F5-43B6-BA96-6382D166E6B8-" LEFT="0." LINESPACE="15.5" RIGHT="0." />
<ParagraphStyle ALIGN="Block" FIRSTLINE="-21." ID="StyleId-1CE52AFA-C319-4DD9-B4B1-F0EBFA2B3F0B-" LEFT="0." LINESPACE="18.71999931" RIGHT="0." />
<ParagraphStyle ALIGN="Left" FIRSTLINE="0." ID="StyleId-B74F1B65-92F1-49C5-A5FA-D20442F031F2-" LEFT="0." LINESPACE="17.70006076" RIGHT="0." />
<ParagraphStyle ALIGN="Center" FIRSTLINE="0." ID="StyleId-79E2924A-215C-40B7-B577-7236BFBAA25E-" LEFT="0." LINESPACE="7.199999809" RIGHT="0." />
</Styles>
<Layout>
<Page HEIGHT="4196" ID="Page1846" PHYSICAL_IMG_NR="1846" WIDTH="2350">
<TopMargin HEIGHT="481" HPOS="0" VPOS="0" WIDTH="2350">
</TopMargin>
<LeftMargin HEIGHT="3503" HPOS="0" VPOS="481" WIDTH="190">
</LeftMargin>
<RightMargin HEIGHT="3503" HPOS="2249" VPOS="481" WIDTH="101">
</RightMargin>
<BottomMargin HEIGHT="212" HPOS="0" VPOS="3984" WIDTH="2350">
<TextBlock CS="1" HEIGHT="61" HPOS="1118" ID="Page1846_Block1" LANG="en-US" STYLEREFS="StyleId-FD826C31-87CE-469B-88D3-0DD4F3F2D6C2-" VPOS="3993" WIDTH="239">
<TextLine CS="1" HEIGHT="48" HPOS="1123" VPOS="4001" WIDTH="96">
<String CONTENT="1846" CS="1" HEIGHT="48" HPOS="1123" VPOS="4001" WIDTH="96" />
</TextLine>
</TextBlock>
</BottomMargin>
<PrintSpace HEIGHT="3503" HPOS="190" VPOS="481" WIDTH="2059">
<TextBlock CS="1" HEIGHT="321" HPOS="190" ID="Page1846_Block2" LANG="en-US" STYLEREFS="StyleId-4D9F545A-ECAD-4478-8C62-65DCCD6D5FA2-" VPOS="481" WIDTH="2059">
<TextLine HEIGHT="49" HPOS="268" VPOS="487" WIDTH="827">
<String CONTENT="At." HEIGHT="37" HPOS="268" VPOS="495" WIDTH="63" />
<SP HEIGHT="37" HPOS="332" VPOS="494" WIDTH="23" />
<String CONTENT="heart" HEIGHT="38" HPOS="356" VPOS="493" WIDTH="123" />
<SP HEIGHT="37" HPOS="480" VPOS="493" WIDTH="26" />
<String CONTENT="of" HEIGHT="39" HPOS="507" VPOS="491" WIDTH="50" />
<SP HEIGHT="39" HPOS="558" VPOS="491" WIDTH="27" />
<String CONTENT="title:" HEIGHT="39" HPOS="586" VPOS="491" WIDTH="133" />
<SP HEIGHT="46" HPOS="720" VPOS="490" WIDTH="40" />
<String CONTENT="(H." HEIGHT="47" HPOS="761" LANG="fr" VPOS="489" WIDTH="81" />
<SP HEIGHT="38" HPOS="843" VPOS="488" WIDTH="30" />
<String CONTENT="R." HEIGHT="37" HPOS="874" VPOS="488" WIDTH="53" />
<SP HEIGHT="37" HPOS="928" VPOS="489" WIDTH="30" />
<String CONTENT="7835)" HEIGHT="46" HPOS="959" VPOS="487" WIDTH="136" />
</TextLine>
<TextLine CS="1" HEIGHT="56" HPOS="267" VPOS="537" WIDTH="1919">
<String CONTENT="At" HEIGHT="38" HPOS="267" VPOS="551" WIDTH="61" />
<SP HEIGHT="39" HPOS="329" VPOS="550" WIDTH="30" />
<String CONTENT="heart" HEIGHT="37" HPOS="360" VPOS="550" WIDTH="123" />
<SP HEIGHT="37" HPOS="484" VPOS="550" WIDTH="32" />
<String CONTENT="of" HEIGHT="38" HPOS="517" VPOS="548" WIDTH="51" />
<SP HEIGHT="38" HPOS="569" VPOS="548" WIDTH="29" />
<String CONTENT="t.-p.:" CS="1" HEIGHT="43" HPOS="599" VPOS="550" WIDTH="96" />
<SP HEIGHT="40" HPOS="725" VPOS="545" WIDTH="34" />
<String CONTENT="OCH" HEIGHT="40" HPOS="760" VPOS="545" WIDTH="125" />
<SP HEIGHT="38" HPOS="886" VPOS="545" WIDTH="33" />
<String CONTENT="special," HEIGHT="48" HPOS="920" VPOS="543" WIDTH="191" />
<SP HEIGHT="46" HPOS="1112" VPOS="542" WIDTH="34" />
<String CONTENT="Commerce" HEIGHT="40" HPOS="1147" VPOS="542" WIDTH="275" />
<SP HEIGHT="28" HPOS="1423" VPOS="550" WIDTH="30" />
<String CONTENT="clearing" HEIGHT="46" HPOS="1454" VPOS="538" WIDTH="216" />
<SP HEIGHT="46" HPOS="1671" VPOS="538" WIDTH="28" />
<String CONTENT="house," HEIGHT="45" HPOS="1700" VPOS="538" WIDTH="162" />
<SP HEIGHT="46" HPOS="1863" VPOS="537" WIDTH="34" />
<String CONTENT="inc.," HEIGHT="45" HPOS="1898" VPOS="537" WIDTH="103" />
<SP HEIGHT="44" HPOS="2002" VPOS="538" WIDTH="33" />
<String CONTENT="Loose" HEIGHT="39" HPOS="2036" VPOS="538" WIDTH="150" />
</TextLine>
<TextLine HEIGHT="48" HPOS="196" VPOS="598" WIDTH="1512">
<String CONTENT="leaf" HEIGHT="39" HPOS="196" VPOS="607" WIDTH="99" />
<SP HEIGHT="38" HPOS="296" VPOS="607" WIDTH="24" />
<String CONTENT="service" HEIGHT="40" HPOS="321" VPOS="605" WIDTH="181" />
<SP HEIGHT="38" HPOS="503" VPOS="605" WIDTH="27" />
<String CONTENT="division" HEIGHT="39" HPOS="531" VPOS="603" WIDTH="207" />
<SP HEIGHT="28" HPOS="739" VPOS="613" WIDTH="27" />
<String CONTENT="of" HEIGHT="39" HPOS="767" VPOS="602" WIDTH="51" />
<SP HEIGHT="38" HPOS="819" VPOS="602" WIDTH="26" />
<String CONTENT="the" HEIGHT="38" HPOS="846" VPOS="602" WIDTH="83" />
<SP HEIGHT="40" HPOS="930" VPOS="600" WIDTH="26" />
<String CONTENT="Corporation" HEIGHT="48" HPOS="957" VPOS="598" WIDTH="316" />
<SP HEIGHT="36" HPOS="1274" VPOS="600" WIDTH="29" />
<String CONTENT="trust" HEIGHT="37" HPOS="1304" VPOS="599" WIDTH="128" />
<SP HEIGHT="36" HPOS="1433" VPOS="599" WIDTH="29" />
<String CONTENT="company." HEIGHT="37" HPOS="1463" VPOS="604" WIDTH="245" />
</TextLine>
<TextLine CS="1" HEIGHT="72" HPOS="254" VPOS="647" WIDTH="1930">
<String CONTENT="&#169;" CS="1" />
<SP HEIGHT="44" HPOS="254" VPOS="675" WIDTH="24" />
<String CONTENT="Feb." HEIGHT="38" HPOS="279" VPOS="677" WIDTH="107" />
<SP HEIGHT="36" HPOS="387" VPOS="676" WIDTH="20" />
<String CONTENT="14," HEIGHT="43" HPOS="408" VPOS="676" WIDTH="68" />
<SP HEIGHT="43" HPOS="477" VPOS="676" WIDTH="22" />
<String CONTENT="1934;" CS="1" />
<SP HEIGHT="42" HPOS="640" VPOS="672" WIDTH="25" />
<String CONTENT="2c." HEIGHT="40" HPOS="666" VPOS="672" WIDTH="65" />
<SP HEIGHT="28" HPOS="732" VPOS="683" WIDTH="24" />
<String CONTENT="and" HEIGHT="40" HPOS="757" VPOS="671" WIDTH="94" />
<SP HEIGHT="62" HPOS="852" VPOS="647" WIDTH="20" />
<String CONTENT="aff." CS="1" HEIGHT="39" HPOS="921" VPOS="670" WIDTH="35" />
<SP HEIGHT="38" HPOS="957" VPOS="671" WIDTH="24" />
<String CONTENT="Feb." HEIGHT="38" HPOS="982" VPOS="670" WIDTH="109" />
<SP HEIGHT="40" HPOS="1092" VPOS="668" WIDTH="23" />
<String CONTENT="21:" CS="1" HEIGHT="38" HPOS="1116" VPOS="668" WIDTH="53" />
<SP HEIGHT="39" HPOS="1196" VPOS="669" WIDTH="28" />
<String CONTENT="A" HEIGHT="37" HPOS="1225" VPOS="669" WIDTH="39" />
<SP HEIGHT="39" HPOS="1265" VPOS="667" WIDTH="22" />
<String CONTENT="69550;" CS="1" HEIGHT="41" HPOS="1288" VPOS="665" WIDTH="142" />
<SP HEIGHT="46" HPOS="1458" VPOS="665" WIDTH="27" />
<String CONTENT="Commerce" HEIGHT="40" HPOS="1486" VPOS="665" WIDTH="276" />
<SP HEIGHT="30" HPOS="1763" VPOS="673" WIDTH="20" />
<String CONTENT="clearing" HEIGHT="48" HPOS="1784" VPOS="663" WIDTH="213" />
<SP HEIGHT="46" HPOS="1998" VPOS="665" WIDTH="23" />
<String CONTENT="house," HEIGHT="39" HPOS="2022" VPOS="665" WIDTH="162" />
</TextLine>
<TextLine HEIGHT="39" HPOS="269" VPOS="732" WIDTH="86">
<String CONTENT="inc." HEIGHT="39" HPOS="269" VPOS="732" WIDTH="86" />
</TextLine>
</TextBlock>
<TextBlock CS="1" HEIGHT="3157" HPOS="194" ID="Page1846_Block3" LANG="en-US" STYLEREFS="StyleId-4D9F545A-ECAD-4478-8C62-65DCCD6D5FA2-" VPOS="827" WIDTH="2008">
<TextLine HEIGHT="65" HPOS="200" STYLEREFS="StyleId-3E1B0293-D760-49BB-BF52-A358B06B8BAD-" VPOS="833" WIDTH="678">
<String CONTENT="Cook," HEIGHT="63" HPOS="200" VPOS="835" WIDTH="171" />
<SP HEIGHT="63" HPOS="372" VPOS="835" WIDTH="29" />
<String CONTENT="Luella" HEIGHT="52" HPOS="402" VPOS="833" WIDTH="203" />
<SP HEIGHT="52" HPOS="606" VPOS="833" WIDTH="23" />
<String CONTENT="Bussey." HEIGHT="61" HPOS="630" VPOS="833" WIDTH="248" />
</TextLine>
<TextLine CS="1" HEIGHT="67" HPOS="270" STYLEREFS="StyleId-12C73076-180C-4BD7-9CC1-E01FD52C8BEE-" VPOS="902" WIDTH="1856">
<String CONTENT="Hidden" HEIGHT="51" HPOS="270" VPOS="910" WIDTH="236" />
<SP HEIGHT="46" HPOS="507" VPOS="914" WIDTH="40" />
<String CONTENT="treasures" HEIGHT="46" HPOS="548" VPOS="914" WIDTH="277" />
<SP HEIGHT="50" HPOS="826" VPOS="910" WIDTH="39" />
<String CONTENT="in" HEIGHT="50" HPOS="866" VPOS="910" WIDTH="61" />
<SP HEIGHT="51" HPOS="928" VPOS="908" WIDTH="40" />
<String CONTENT="literature" HEIGHT="50" HPOS="969" VPOS="907" WIDTH="293" />
<SP HEIGHT="33" HPOS="1263" VPOS="924" WIDTH="45" />
<String CONTENT="&#8230;" CS="1" />
<SP HEIGHT="32" HPOS="1364" VPOS="937" WIDTH="52" />
<String CONTENT="[by]" HEIGHT="65" HPOS="1417" VPOS="904" WIDTH="107" />
<SP HEIGHT="64" HPOS="1525" VPOS="905" WIDTH="46" />
<String CONTENT="Luella" HEIGHT="50" HPOS="1572" VPOS="904" WIDTH="198" />
<SP HEIGHT="50" HPOS="1771" VPOS="904" WIDTH="43" />
<String CONTENT="B." HEIGHT="49" HPOS="1815" VPOS="904" WIDTH="65" />
<SP HEIGHT="54" HPOS="1881" VPOS="902" WIDTH="44" />
<String CONTENT="Cook" HEIGHT="54" HPOS="1926" VPOS="902" WIDTH="156" />
<SP HEIGHT="51" HPOS="2083" VPOS="902" WIDTH="43" />
<String CONTENT="&#8230;" CS="1" />
</TextLine>
<TextLine CS="1" HEIGHT="74" HPOS="201" STYLEREFS="StyleId-12C73076-180C-4BD7-9CC1-E01FD52C8BEE-" VPOS="980" WIDTH="1986">
<String CONTENT="George" HEIGHT="65" HPOS="201" VPOS="989" WIDTH="218" />
<SP HEIGHT="52" HPOS="420" VPOS="989" WIDTH="21" />
<String CONTENT="W." HEIGHT="52" HPOS="442" VPOS="989" WIDTH="88" />
<SP HEIGHT="51" HPOS="531" VPOS="989" WIDTH="25" />
<String CONTENT="Norvell" HEIGHT="53" HPOS="557" VPOS="987" WIDTH="233" />
<SP HEIGHT="49" HPOS="791" VPOS="989" WIDTH="30" />
<String CONTENT="&#8230;" CS="1" />
<SP HEIGHT="32" HPOS="877" VPOS="1018" WIDTH="35" />
<String CONTENT="[and]" HEIGHT="66" HPOS="913" VPOS="984" WIDTH="147" />
<SP HEIGHT="64" HPOS="1061" VPOS="985" WIDTH="26" />
<String CONTENT="William" HEIGHT="55" HPOS="1088" VPOS="983" WIDTH="259" />
<SP HEIGHT="52" HPOS="1348" VPOS="982" WIDTH="24" />
<String CONTENT="A." HEIGHT="51" HPOS="1373" VPOS="982" WIDTH="69" />
<SP HEIGHT="50" HPOS="1443" VPOS="983" WIDTH="22" />
<String CONTENT="McCall" HEIGHT="54" HPOS="1466" VPOS="981" WIDTH="227" />
<SP HEIGHT="49" HPOS="1694" VPOS="984" WIDTH="30" />
<String CONTENT="&#8230;" CS="1" />
<SP HEIGHT="51" HPOS="1780" VPOS="981" WIDTH="64" />
<String CONTENT="New" HEIGHT="51" HPOS="1845" VPOS="981" WIDTH="138" />
<SP HEIGHT="50" HPOS="1984" VPOS="982" WIDTH="23" />
<String CONTENT="York," HEIGHT="66" HPOS="2008" VPOS="980" WIDTH="179" />
</TextLine>
<TextLine HEIGHT="70" HPOS="201" STYLEREFS="StyleId-12C73076-180C-4BD7-9CC1-E01FD52C8BEE-" VPOS="1062" WIDTH="1448">
<String CONTENT="Chicago," HEIGHT="67" HPOS="201" VPOS="1065" WIDTH="266" />
<SP HEIGHT="57" HPOS="468" VPOS="1066" WIDTH="25" />
<String CONTENT="Harcourt," HEIGHT="63" HPOS="494" VPOS="1066" WIDTH="308" />
<SP HEIGHT="64" HPOS="803" VPOS="1065" WIDTH="26" />
<String CONTENT="Brace" HEIGHT="50" HPOS="830" VPOS="1065" WIDTH="179" />
<SP HEIGHT="33" HPOS="1010" VPOS="1081" WIDTH="26" />
<String CONTENT="and" HEIGHT="51" HPOS="1037" VPOS="1062" WIDTH="112" />
<SP HEIGHT="51" HPOS="1150" VPOS="1062" WIDTH="25" />
<String CONTENT="company," HEIGHT="50" HPOS="1176" VPOS="1077" WIDTH="294" />
<SP HEIGHT="62" HPOS="1471" VPOS="1063" WIDTH="28" />
<String CONTENT="1934." HEIGHT="48" HPOS="1500" VPOS="1062" WIDTH="149" />
</TextLine>
<TextLine CS="1" HEIGHT="42" HPOS="271" VPOS="1136" WIDTH="476">
<String CONTENT="3" HEIGHT="39" HPOS="271" VPOS="1139" WIDTH="24" />
<SP HEIGHT="39" HPOS="296" VPOS="1139" WIDTH="26" />
<String CONTENT="v." HEIGHT="27" HPOS="323" VPOS="1150" WIDTH="41" />
<SP HEIGHT="39" HPOS="365" VPOS="1138" WIDTH="56" />
<String CONTENT="illus." HEIGHT="38" HPOS="422" VPOS="1138" WIDTH="125" />
<SP HEIGHT="39" HPOS="548" VPOS="1136" WIDTH="55" />
<String CONTENT="23&#189;" CS="1" HEIGHT="40" HPOS="604" VPOS="1136" WIDTH="54" />
<String CONTENT="cm" HEIGHT="20" HPOS="692" STYLE="superscript" VPOS="1139" WIDTH="46" />
<String CONTENT="." HEIGHT="7" HPOS="740" VPOS="1167" WIDTH="7" />
</TextLine>
<TextLine HEIGHT="48" HPOS="273" VPOS="1192" WIDTH="638">
<String CONTENT="Includes" HEIGHT="38" HPOS="273" VPOS="1196" WIDTH="222" />
<SP HEIGHT="38" HPOS="496" VPOS="1195" WIDTH="27" />
<String CONTENT="bibliographies." HEIGHT="48" HPOS="524" VPOS="1192" WIDTH="387" />
</TextLine>
<TextLine CS="1" HEIGHT="56" HPOS="204" VPOS="1253" WIDTH="1985">
<String CONTENT="bk." HEIGHT="37" HPOS="204" LANG="de" VPOS="1265" WIDTH="74" />
<SP HEIGHT="37" HPOS="279" VPOS="1265" WIDTH="20" />
<String CONTENT="1." HEIGHT="40" HPOS="300" VPOS="1265" WIDTH="38" />
<SP HEIGHT="50" HPOS="339" VPOS="1259" WIDTH="28" />
<String CONTENT="&#169;" HEIGHT="50" HPOS="368" VPOS="1259" WIDTH="51" />
<SP HEIGHT="50" HPOS="420" VPOS="1259" WIDTH="26" />
<String CONTENT="Sept." HEIGHT="46" HPOS="447" VPOS="1263" WIDTH="124" />
<SP HEIGHT="37" HPOS="572" VPOS="1263" WIDTH="26" />
<String CONTENT="10," HEIGHT="45" HPOS="599" VPOS="1262" WIDTH="67" />
<SP HEIGHT="45" HPOS="667" VPOS="1262" WIDTH="24" />
<String CONTENT="1934;" CS="1" />
<SP />
<String CONTENT="1c." CS="1" />
<SP />
<String CONTENT="and" HEIGHT="38" HPOS="953" VPOS="1261" WIDTH="94" />
<SP HEIGHT="38" HPOS="1048" VPOS="1261" WIDTH="26" />
<String CONTENT="aff." HEIGHT="40" HPOS="1075" VPOS="1258" WIDTH="79" />
<SP HEIGHT="39" HPOS="1155" VPOS="1259" WIDTH="29" />
<String CONTENT="Sept." HEIGHT="46" HPOS="1185" VPOS="1259" WIDTH="124" />
<SP HEIGHT="36" HPOS="1310" VPOS="1260" WIDTH="26" />
<String CONTENT="14:" HEIGHT="39" HPOS="1337" VPOS="1259" WIDTH="81" />
<SP />
<String CONTENT="1c." CS="1" />
<SP />
<String CONTENT="Sept." HEIGHT="46" HPOS="1544" VPOS="1257" WIDTH="124" />
<SP HEIGHT="38" HPOS="1669" VPOS="1256" WIDTH="28" />
<String CONTENT="22:" CS="1" HEIGHT="38" HPOS="1698" VPOS="1256" WIDTH="54" />
<SP HEIGHT="40" HPOS="1780" VPOS="1257" WIDTH="28" />
<String CONTENT="bk." HEIGHT="37" HPOS="1809" VPOS="1257" WIDTH="73" />
<SP HEIGHT="38" HPOS="1883" VPOS="1256" WIDTH="26" />
<String CONTENT="2," HEIGHT="46" HPOS="1910" VPOS="1256" WIDTH="39" />
<SP HEIGHT="50" HPOS="1950" VPOS="1253" WIDTH="30" />
<String CONTENT="&#169;" HEIGHT="50" HPOS="1981" VPOS="1253" WIDTH="51" />
<SP HEIGHT="50" HPOS="2033" VPOS="1253" WIDTH="29" />
<String CONTENT="Sept." HEIGHT="45" HPOS="2063" VPOS="1256" WIDTH="126" />
</TextLine>
<TextLine HEIGHT="52" HPOS="276" VPOS="1312" WIDTH="1911">
<String CONTENT="12:" HEIGHT="41" HPOS="276" VPOS="1319" WIDTH="79" />
<SP HEIGHT="41" HPOS="356" VPOS="1319" WIDTH="37" />
<String CONTENT="2c." HEIGHT="40" HPOS="394" VPOS="1319" WIDTH="64" />
<SP HEIGHT="27" HPOS="459" VPOS="1330" WIDTH="37" />
<String CONTENT="and" HEIGHT="37" HPOS="497" VPOS="1320" WIDTH="93" />
<SP HEIGHT="37" HPOS="591" VPOS="1320" WIDTH="37" />
<String CONTENT="aff." HEIGHT="38" HPOS="629" VPOS="1318" WIDTH="79" />
<SP HEIGHT="39" HPOS="709" VPOS="1318" WIDTH="42" />
<String CONTENT="Sept." HEIGHT="46" HPOS="752" VPOS="1318" WIDTH="125" />
<SP HEIGHT="39" HPOS="878" VPOS="1316" WIDTH="36" />
<String CONTENT="21;" HEIGHT="45" HPOS="915" VPOS="1316" WIDTH="81" />
<SP HEIGHT="44" HPOS="997" VPOS="1317" WIDTH="38" />
<String CONTENT="bk." HEIGHT="38" HPOS="1036" VPOS="1317" WIDTH="74" />
<SP HEIGHT="39" HPOS="1111" VPOS="1316" WIDTH="37" />
<String CONTENT="3," HEIGHT="41" HPOS="1149" VPOS="1316" WIDTH="37" />
<SP HEIGHT="50" HPOS="1187" VPOS="1312" WIDTH="40" />
<String CONTENT="&#169;" HEIGHT="50" HPOS="1228" VPOS="1312" WIDTH="51" />
<SP HEIGHT="50" HPOS="1280" VPOS="1312" WIDTH="36" />
<String CONTENT="Nov." HEIGHT="39" HPOS="1317" VPOS="1315" WIDTH="116" />
<SP HEIGHT="37" HPOS="1434" VPOS="1315" WIDTH="37" />
<String CONTENT="10:" HEIGHT="40" HPOS="1472" VPOS="1313" WIDTH="81" />
<SP HEIGHT="38" HPOS="1554" VPOS="1315" WIDTH="38" />
<String CONTENT="2c." HEIGHT="37" HPOS="1593" VPOS="1315" WIDTH="65" />
<SP HEIGHT="27" HPOS="1659" VPOS="1325" WIDTH="38" />
<String CONTENT="and" HEIGHT="38" HPOS="1698" VPOS="1314" WIDTH="94" />
<SP HEIGHT="38" HPOS="1793" VPOS="1314" WIDTH="38" />
<String CONTENT="aff." HEIGHT="40" HPOS="1832" VPOS="1312" WIDTH="79" />
<SP HEIGHT="37" HPOS="1912" VPOS="1314" WIDTH="38" />
<String CONTENT="Nov." HEIGHT="38" HPOS="1951" VPOS="1314" WIDTH="116" />
<SP HEIGHT="38" HPOS="2068" VPOS="1314" WIDTH="38" />
<String CONTENT="16:" HEIGHT="40" HPOS="2107" VPOS="1313" WIDTH="80" />
</TextLine>
<TextLine CS="1" HEIGHT="47" HPOS="275" VPOS="1370" WIDTH="1359">
<String CONTENT="A" HEIGHT="37" HPOS="275" VPOS="1378" WIDTH="39" />
<SP HEIGHT="37" HPOS="315" VPOS="1378" WIDTH="24" />
<String CONTENT="76088." HEIGHT="40" HPOS="340" VPOS="1376" WIDTH="154" />
<SP HEIGHT="39" HPOS="495" VPOS="1377" WIDTH="27" />
<String CONTENT="76034." HEIGHT="42" HPOS="523" VPOS="1374" WIDTH="156" />
<SP HEIGHT="40" HPOS="680" VPOS="1376" WIDTH="27" />
<String CONTENT="78103:" CS="1" HEIGHT="40" HPOS="708" VPOS="1374" WIDTH="141" />
<SP HEIGHT="41" HPOS="877" VPOS="1373" WIDTH="29" />
<String CONTENT="Harcourt." HEIGHT="40" HPOS="907" VPOS="1373" WIDTH="258" />
<SP HEIGHT="40" HPOS="1166" VPOS="1373" WIDTH="27" />
<String CONTENT="Brace" HEIGHT="38" HPOS="1194" VPOS="1373" WIDTH="154" />
<SP HEIGHT="39" HPOS="1349" VPOS="1371" WIDTH="25" />
<String CONTENT="&amp;" HEIGHT="39" HPOS="1375" VPOS="1371" WIDTH="35" />
<SP HEIGHT="39" HPOS="1411" VPOS="1371" WIDTH="25" />
<String CONTENT="co.," HEIGHT="37" HPOS="1437" VPOS="1380" WIDTH="79" />
<SP HEIGHT="47" HPOS="1517" VPOS="1370" WIDTH="27" />
<String CONTENT="inc." HEIGHT="39" HPOS="1545" VPOS="1370" WIDTH="89" />
</TextLine>
<TextLine CS="1" HEIGHT="47" HPOS="284" VPOS="1432" WIDTH="276">
<String CONTENT="(34-40847)" CS="1" HEIGHT="47" HPOS="284" VPOS="1432" WIDTH="276" />
</TextLine>
<TextLine HEIGHT="60" HPOS="207" STYLEREFS="StyleId-12C73076-180C-4BD7-9CC1-E01FD52C8BEE-" VPOS="1534" WIDTH="408">
<String CONTENT="Cross," HEIGHT="58" HPOS="207" VPOS="1536" WIDTH="192" />
<SP HEIGHT="59" HPOS="400" VPOS="1535" WIDTH="27" />
<String CONTENT="Mark." HEIGHT="54" HPOS="428" VPOS="1534" WIDTH="187" />
</TextLine>
<TextLine CS="1" HEIGHT="138" HPOS="208" STYLEREFS="StyleId-12C73076-180C-4BD7-9CC1-E01FD52C8BEE-" VPOS="1606" WIDTH="1956">
<String CONTENT="The" HEIGHT="53" HPOS="277" VPOS="1610" WIDTH="120" />
<SP HEIGHT="34" HPOS="398" VPOS="1629" WIDTH="26" />
<String CONTENT="shadow" HEIGHT="54" HPOS="425" VPOS="1609" WIDTH="231" />
<SP HEIGHT="33" HPOS="657" VPOS="1629" WIDTH="29" />
<String CONTENT="of" HEIGHT="52" HPOS="687" VPOS="1609" WIDTH="65" />
<SP HEIGHT="53" HPOS="753" VPOS="1609" WIDTH="24" />
<String CONTENT="the" HEIGHT="54" HPOS="778" VPOS="1608" WIDTH="93" />
<SP HEIGHT="56" HPOS="872" VPOS="1606" WIDTH="28" />
<String CONTENT="four," HEIGHT="70" HPOS="901" VPOS="1606" WIDTH="148" />
<SP HEIGHT="68" HPOS="1050" VPOS="1608" WIDTH="27" />
<String CONTENT="by" HEIGHT="67" HPOS="1078" VPOS="1608" WIDTH="75" />
<SP HEIGHT="66" HPOS="1154" VPOS="1609" WIDTH="26" />
<String CONTENT="Mark" HEIGHT="51" HPOS="1181" VPOS="1609" WIDTH="171" />
<SP HEIGHT="54" HPOS="1353" VPOS="1608" WIDTH="27" />
<String CONTENT="Cross." HEIGHT="54" HPOS="1381" VPOS="1608" WIDTH="184" />
<SP HEIGHT="50" HPOS="1566" VPOS="1608" WIDTH="73" />
<String CONTENT="London" HEIGHT="52" HPOS="1640" VPOS="1606" WIDTH="237" />
<SP HEIGHT="32" HPOS="1878" VPOS="1625" WIDTH="31" />
<String CONTENT="and" HEIGHT="51" HPOS="1910" VPOS="1607" WIDTH="109" />
<SP HEIGHT="51" HPOS="2020" VPOS="1607" WIDTH="30" />
<String CONTENT="Melbourne," HEIGHT="137" HPOS="208" VPOS="1607" WIDTH="1956" />
</TextLine>
<TextLine CS="1" HEIGHT="66" HPOS="462" STYLEREFS="StyleId-12C73076-180C-4BD7-9CC1-E01FD52C8BEE-" VPOS="1687" WIDTH="891">
<String CONTENT="Ward," HEIGHT="65" HPOS="462" VPOS="1688" WIDTH="194" />
<SP HEIGHT="64" HPOS="657" VPOS="1689" WIDTH="24" />
<String CONTENT="Lock" HEIGHT="50" HPOS="682" VPOS="1688" WIDTH="154" />
<SP HEIGHT="51" HPOS="837" VPOS="1688" WIDTH="23" />
<String CONTENT="&amp;" HEIGHT="48" HPOS="861" VPOS="1691" WIDTH="43" />
<SP HEIGHT="48" HPOS="905" VPOS="1691" WIDTH="23" />
<String CONTENT="co.," HEIGHT="46" HPOS="929" VPOS="1706" WIDTH="96" />
<SP HEIGHT="65" HPOS="1026" VPOS="1687" WIDTH="24" />
<String CONTENT="ltd." HEIGHT="51" HPOS="1051" VPOS="1687" WIDTH="99" />
<SP />
<String CONTENT="[1934]" CS="1" HEIGHT="31" HPOS="1342" VPOS="1720" WIDTH="11" />
</TextLine>
<TextLine CS="1" HEIGHT="47" HPOS="277" VPOS="1760" WIDTH="318">
<String CONTENT="256" HEIGHT="36" HPOS="277" VPOS="1763" WIDTH="81" />
<SP HEIGHT="43" HPOS="359" VPOS="1764" WIDTH="28" />
<String CONTENT="p." HEIGHT="35" HPOS="388" VPOS="1772" WIDTH="37" />
<SP HEIGHT="36" HPOS="426" VPOS="1762" WIDTH="57" />
<String CONTENT="19" CS="1" HEIGHT="37" HPOS="512" VPOS="1760" WIDTH="24" />
<String CONTENT="cm" HEIGHT="19" HPOS="541" STYLE="superscript" VPOS="1763" WIDTH="42" />
<String CONTENT="." HEIGHT="5" HPOS="589" VPOS="1792" WIDTH="6" />
</TextLine>
<TextLine CS="1" HEIGHT="52" HPOS="211" VPOS="1825" WIDTH="1983">
<String CONTENT="&#169;" HEIGHT="51" HPOS="211" VPOS="1826" WIDTH="50" />
<SP HEIGHT="51" HPOS="262" VPOS="1826" WIDTH="25" />
<String CONTENT="1c." CS="1" HEIGHT="27" HPOS="318" VPOS="1841" WIDTH="34" />
<SP HEIGHT="37" HPOS="353" VPOS="1831" WIDTH="29" />
<String CONTENT="June" HEIGHT="37" HPOS="383" VPOS="1831" WIDTH="125" />
<SP HEIGHT="37" HPOS="509" VPOS="1831" WIDTH="26" />
<String CONTENT="15," HEIGHT="39" HPOS="536" VPOS="1830" WIDTH="67" />
<SP HEIGHT="38" HPOS="604" VPOS="1831" WIDTH="27" />
<String CONTENT="1934;" CS="1" />
<SP HEIGHT="39" HPOS="772" VPOS="1829" WIDTH="29" />
<String CONTENT="A" HEIGHT="37" HPOS="802" VPOS="1829" WIDTH="40" />
<SP HEIGHT="38" HPOS="843" VPOS="1829" WIDTH="26" />
<String CONTENT="ad" HEIGHT="38" HPOS="870" VPOS="1829" WIDTH="60" />
<SP HEIGHT="39" HPOS="931" VPOS="1828" WIDTH="28" />
<String CONTENT="int." HEIGHT="39" HPOS="960" VPOS="1828" WIDTH="84" />
<SP HEIGHT="36" HPOS="1045" VPOS="1829" WIDTH="27" />
<String CONTENT="19046:" HEIGHT="40" HPOS="1073" VPOS="1827" WIDTH="167" />
<SP HEIGHT="36" HPOS="1241" VPOS="1838" WIDTH="30" />
<String CONTENT="pubd." HEIGHT="46" HPOS="1272" VPOS="1828" WIDTH="140" />
<SP HEIGHT="38" HPOS="1413" VPOS="1827" WIDTH="29" />
<String CONTENT="Apr." HEIGHT="46" HPOS="1443" VPOS="1827" WIDTH="110" />
<SP HEIGHT="38" HPOS="1554" VPOS="1826" WIDTH="29" />
<String CONTENT="20;" HEIGHT="45" HPOS="1584" VPOS="1826" WIDTH="81" />
<SP HEIGHT="44" HPOS="1666" VPOS="1827" WIDTH="31" />
<String CONTENT="Arthur" HEIGHT="38" HPOS="1698" VPOS="1827" WIDTH="187" />
<SP HEIGHT="37" HPOS="1886" VPOS="1826" WIDTH="26" />
<String CONTENT="T." HEIGHT="37" HPOS="1913" VPOS="1826" WIDTH="49" />
<SP HEIGHT="37" HPOS="1963" VPOS="1826" WIDTH="34" />
<String CONTENT="Pechey," HEIGHT="46" HPOS="1998" VPOS="1825" WIDTH="196" />
</TextLine>
<TextLine HEIGHT="49" HPOS="276" VPOS="1884" WIDTH="528">
<String CONTENT="London" HEIGHT="38" HPOS="276" VPOS="1887" WIDTH="195" />
<SP HEIGHT="47" HPOS="472" VPOS="1886" WIDTH="84" />
<String CONTENT="(35-2262)" HEIGHT="49" HPOS="557" VPOS="1884" WIDTH="247" />
</TextLine>
<TextLine HEIGHT="65" HPOS="206" STYLEREFS="StyleId-3E1B0293-D760-49BB-BF52-A358B06B8BAD-" VPOS="1987" WIDTH="1495">
<String CONTENT="Darlington," HEIGHT="64" HPOS="206" VPOS="1988" WIDTH="369" />
<SP HEIGHT="62" HPOS="576" VPOS="1990" WIDTH="28" />
<String CONTENT="Elliott" HEIGHT="52" HPOS="605" VPOS="1988" WIDTH="204" />
<SP HEIGHT="52" HPOS="810" VPOS="1989" WIDTH="30" />
<String CONTENT="Christopher" HEIGHT="63" HPOS="841" VPOS="1987" WIDTH="385" />
<SP HEIGHT="50" HPOS="1227" VPOS="1988" WIDTH="28" />
<String CONTENT="Beams," HEIGHT="63" HPOS="1256" VPOS="1988" WIDTH="243" />
<SP HEIGHT="58" HPOS="1500" VPOS="1993" WIDTH="30" />
<String CONTENT="1895-" HEIGHT="49" HPOS="1531" VPOS="1992" WIDTH="170" />
</TextLine>
<TextLine HEIGHT="68" HPOS="275" STYLEREFS="StyleId-12C73076-180C-4BD7-9CC1-E01FD52C8BEE-" VPOS="2063" WIDTH="1918">
<String CONTENT="James" HEIGHT="52" HPOS="275" VPOS="2065" WIDTH="192" />
<SP HEIGHT="50" HPOS="468" VPOS="2067" WIDTH="30" />
<String CONTENT="Henry" HEIGHT="64" HPOS="499" VPOS="2067" WIDTH="203" />
<SP HEIGHT="64" HPOS="703" VPOS="2067" WIDTH="30" />
<String CONTENT="Darlington," HEIGHT="67" HPOS="734" VPOS="2064" WIDTH="366" />
<SP HEIGHT="68" HPOS="1101" VPOS="2063" WIDTH="30" />
<String CONTENT="first" HEIGHT="53" HPOS="1132" VPOS="2063" WIDTH="123" />
<SP HEIGHT="50" HPOS="1256" VPOS="2067" WIDTH="28" />
<String CONTENT="Protestant" HEIGHT="50" HPOS="1285" VPOS="2067" WIDTH="333" />
<SP HEIGHT="50" HPOS="1619" VPOS="2066" WIDTH="30" />
<String CONTENT="Episcopal" HEIGHT="67" HPOS="1650" VPOS="2064" WIDTH="309" />
<SP HEIGHT="51" HPOS="1960" VPOS="2065" WIDTH="30" />
<String CONTENT="bishop" HEIGHT="67" HPOS="1991" VPOS="2064" WIDTH="202" />
</TextLine>
<TextLine CS="1" HEIGHT="146" HPOS="206" STYLEREFS="StyleId-12C73076-180C-4BD7-9CC1-E01FD52C8BEE-" VPOS="2141" WIDTH="1963">
<String CONTENT="of" HEIGHT="50" HPOS="206" VPOS="2143" WIDTH="62" />
<SP HEIGHT="51" HPOS="269" VPOS="2143" WIDTH="53" />
<String CONTENT="Harrisburg" HEIGHT="66" HPOS="323" VPOS="2143" WIDTH="358" />
<SP HEIGHT="65" HPOS="682" VPOS="2144" WIDTH="51" />
<String CONTENT="Pennsylvania" HEIGHT="66" HPOS="734" VPOS="2143" WIDTH="424" />
<SP HEIGHT="32" HPOS="1159" VPOS="2162" WIDTH="56" />
<String CONTENT="&#8230;" CS="1" />
<SP HEIGHT="51" HPOS="1272" VPOS="2145" WIDTH="92" />
<String CONTENT="New" HEIGHT="51" HPOS="1365" VPOS="2145" WIDTH="139" />
<SP HEIGHT="51" HPOS="1505" VPOS="2144" WIDTH="52" />
<String CONTENT="York" HEIGHT="53" HPOS="1558" VPOS="2142" WIDTH="162" />
<SP HEIGHT="53" HPOS="1721" VPOS="2142" WIDTH="53" />
<String CONTENT="city," HEIGHT="67" HPOS="1775" VPOS="2142" WIDTH="132" />
<SP HEIGHT="66" HPOS="1908" VPOS="2143" WIDTH="50" />
<String CONTENT="Mimeographed" HEIGHT="146" HPOS="206" VPOS="2141" WIDTH="1963" />
</TextLine>
<TextLine HEIGHT="66" HPOS="488" STYLEREFS="StyleId-12C73076-180C-4BD7-9CC1-E01FD52C8BEE-" VPOS="2221" WIDTH="680">
<String CONTENT="by" HEIGHT="66" HPOS="488" VPOS="2221" WIDTH="75" />
<SP HEIGHT="65" HPOS="564" VPOS="2222" WIDTH="25" />
<String CONTENT="R." HEIGHT="54" HPOS="590" VPOS="2222" WIDTH="65" />
<SP HEIGHT="55" HPOS="656" VPOS="2221" WIDTH="25" />
<String CONTENT="M." HEIGHT="54" HPOS="682" VPOS="2221" WIDTH="79" />
<SP HEIGHT="53" HPOS="762" VPOS="2222" WIDTH="26" />
<String CONTENT="Ford" HEIGHT="52" HPOS="789" VPOS="2221" WIDTH="156" />
<SP HEIGHT="66" HPOS="946" VPOS="2221" WIDTH="31" />
<String CONTENT="[" HEIGHT="33" HPOS="978" STYLE="subscript" VPOS="2254" WIDTH="12" />
<String CONTENT="c" HEIGHT="20" HPOS="997" STYLE="superscript" VPOS="2227" WIDTH="18" />
<String CONTENT="1934" HEIGHT="48" HPOS="1019" VPOS="2225" WIDTH="135" />
<String CONTENT="]" HEIGHT="32" HPOS="1157" STYLE="subscript" VPOS="2255" WIDTH="11" />
</TextLine>
<TextLine CS="1" HEIGHT="49" HPOS="278" VPOS="2292" WIDTH="687">
<String CONTENT="2" HEIGHT="38" HPOS="278" VPOS="2293" WIDTH="25" />
<SP />
<String CONTENT="p." HEIGHT="36" HPOS="331" VPOS="2304" WIDTH="40" />
<SP HEIGHT="36" HPOS="372" VPOS="2295" WIDTH="24" />
<String CONTENT="l.," CS="1" />
<SP HEIGHT="47" HPOS="441" VPOS="2294" WIDTH="26" />
<String CONTENT="31" HEIGHT="39" HPOS="468" VPOS="2294" WIDTH="53" />
<SP HEIGHT="38" HPOS="522" VPOS="2294" WIDTH="26" />
<String CONTENT="numb." HEIGHT="38" HPOS="549" VPOS="2295" WIDTH="158" />
<SP HEIGHT="39" HPOS="708" VPOS="2294" WIDTH="25" />
<String CONTENT="1." HEIGHT="38" HPOS="734" VPOS="2294" WIDTH="29" />
<SP HEIGHT="38" HPOS="764" VPOS="2294" WIDTH="56" />
<String CONTENT="29&#189;" CS="1" HEIGHT="40" HPOS="821" VPOS="2292" WIDTH="55" />
<String CONTENT="cm" HEIGHT="20" HPOS="909" STYLE="superscript" VPOS="2296" WIDTH="44" />
<String CONTENT="." HEIGHT="8" HPOS="957" VPOS="2324" WIDTH="8" />
</TextLine>
<TextLine CS="1" HEIGHT="50" HPOS="215" VPOS="2359" WIDTH="1981">
<String CONTENT="&#169;" HEIGHT="50" HPOS="215" VPOS="2359" WIDTH="51" />
<SP HEIGHT="50" HPOS="267" VPOS="2359" WIDTH="32" />
<String CONTENT="Dec." HEIGHT="37" HPOS="300" VPOS="2364" WIDTH="109" />
<SP HEIGHT="39" HPOS="410" VPOS="2362" WIDTH="35" />
<String CONTENT="21." HEIGHT="41" HPOS="446" VPOS="2362" WIDTH="67" />
<SP HEIGHT="39" HPOS="514" VPOS="2364" WIDTH="34" />
<String CONTENT="1934;" CS="1" />
<SP HEIGHT="41" HPOS="688" VPOS="2362" WIDTH="36" />
<String CONTENT="2c." HEIGHT="40" HPOS="725" VPOS="2362" WIDTH="65" />
<SP HEIGHT="28" HPOS="791" VPOS="2374" WIDTH="35" />
<String CONTENT="and" HEIGHT="38" HPOS="827" VPOS="2364" WIDTH="94" />
<SP HEIGHT="38" HPOS="922" VPOS="2364" WIDTH="35" />
<String CONTENT="aff." HEIGHT="40" HPOS="958" VPOS="2362" WIDTH="80" />
<SP HEIGHT="37" HPOS="1039" VPOS="2364" WIDTH="36" />
<String CONTENT="Dec." HEIGHT="38" HPOS="1076" VPOS="2364" WIDTH="109" />
<SP HEIGHT="37" HPOS="1186" VPOS="2364" WIDTH="34" />
<String CONTENT="27:" HEIGHT="40" HPOS="1221" VPOS="2364" WIDTH="80" />
<SP HEIGHT="40" HPOS="1302" VPOS="2364" WIDTH="37" />
<String CONTENT="A" HEIGHT="37" HPOS="1340" VPOS="2364" WIDTH="39" />
<SP HEIGHT="39" HPOS="1380" VPOS="2364" WIDTH="35" />
<String CONTENT="77892;" HEIGHT="43" HPOS="1416" VPOS="2362" WIDTH="169" />
<SP HEIGHT="40" HPOS="1586" VPOS="2365" WIDTH="39" />
<String CONTENT="E." HEIGHT="36" HPOS="1626" VPOS="2365" WIDTH="50" />
<SP HEIGHT="39" HPOS="1677" VPOS="2363" WIDTH="37" />
<String CONTENT="C." HEIGHT="39" HPOS="1715" VPOS="2363" WIDTH="49" />
<SP HEIGHT="38" HPOS="1765" VPOS="2364" WIDTH="36" />
<String CONTENT="B." HEIGHT="37" HPOS="1802" VPOS="2364" WIDTH="51" />
<SP HEIGHT="38" HPOS="1854" VPOS="2363" WIDTH="35" />
<String CONTENT="Darliugton," HEIGHT="47" HPOS="1890" VPOS="2361" WIDTH="306" />
</TextLine>
<TextLine HEIGHT="38" HPOS="280" VPOS="2420" WIDTH="281">
<String CONTENT="New" HEIGHT="38" HPOS="280" VPOS="2420" WIDTH="114" />
<SP HEIGHT="37" HPOS="395" VPOS="2420" WIDTH="23" />
<String CONTENT="York." HEIGHT="38" HPOS="419" VPOS="2420" WIDTH="142" />
</TextLine>
<TextLine HEIGHT="65" HPOS="216" STYLEREFS="StyleId-12C73076-180C-4BD7-9CC1-E01FD52C8BEE-" VPOS="2519" WIDTH="980">
<String CONTENT="Day," HEIGHT="64" HPOS="216" VPOS="2519" WIDTH="141" />
<SP HEIGHT="62" HPOS="358" VPOS="2521" WIDTH="26" />
<String CONTENT="James" HEIGHT="52" HPOS="385" VPOS="2521" WIDTH="201" />
<SP HEIGHT="52" HPOS="587" VPOS="2522" WIDTH="25" />
<String CONTENT="Wentworth," HEIGHT="63" HPOS="613" VPOS="2521" WIDTH="386" />
<SP HEIGHT="56" HPOS="1000" VPOS="2528" WIDTH="27" />
<String CONTENT="1899-" HEIGHT="48" HPOS="1028" VPOS="2527" WIDTH="168" />
</TextLine>
<TextLine CS="1" HEIGHT="68" HPOS="280" STYLEREFS="StyleId-12C73076-180C-4BD7-9CC1-E01FD52C8BEE-" VPOS="2596" WIDTH="1914">
<String CONTENT="Kaye" HEIGHT="66" HPOS="280" VPOS="2596" WIDTH="163" />
<SP HEIGHT="52" HPOS="444" VPOS="2597" WIDTH="27" />
<String CONTENT="Don&#8212;the" HEIGHT="53" HPOS="472" VPOS="2597" WIDTH="299" />
<SP HEIGHT="33" HPOS="772" VPOS="2617" WIDTH="26" />
<String CONTENT="man," HEIGHT="46" HPOS="799" VPOS="2617" WIDTH="150" />
<SP HEIGHT="65" HPOS="950" VPOS="2598" WIDTH="26" />
<String CONTENT="by" HEIGHT="66" HPOS="977" VPOS="2598" WIDTH="75" />
<SP HEIGHT="65" HPOS="1053" VPOS="2599" WIDTH="27" />
<String CONTENT="J." HEIGHT="53" HPOS="1081" VPOS="2599" WIDTH="55" />
<SP HEIGHT="53" HPOS="1137" VPOS="2599" WIDTH="27" />
<String CONTENT="Wentworth" HEIGHT="53" HPOS="1165" VPOS="2599" WIDTH="357" />
<SP HEIGHT="52" HPOS="1523" VPOS="2599" WIDTH="28" />
<String CONTENT="Day" HEIGHT="64" HPOS="1552" VPOS="2600" WIDTH="130" />
<SP HEIGHT="45" HPOS="1683" VPOS="2619" WIDTH="34" />
<String CONTENT="&#8230;" CS="1" />
<SP HEIGHT="53" HPOS="1774" VPOS="2598" WIDTH="34" />
<String CONTENT="foreword" HEIGHT="54" HPOS="1809" VPOS="2598" WIDTH="282" />
<SP HEIGHT="51" HPOS="2092" VPOS="2599" WIDTH="31" />
<String CONTENT="by" HEIGHT="64" HPOS="2124" VPOS="2600" WIDTH="70" />
</TextLine>
<TextLine CS="1" HEIGHT="68" HPOS="213" STYLEREFS="StyleId-12C73076-180C-4BD7-9CC1-E01FD52C8BEE-" VPOS="2672" WIDTH="1771">
<String CONTENT="Sir" HEIGHT="52" HPOS="213" VPOS="2672" WIDTH="94" />
<SP HEIGHT="50" HPOS="308" VPOS="2674" WIDTH="25" />
<String CONTENT="Malcolm" HEIGHT="51" HPOS="334" VPOS="2674" WIDTH="269" />
<SP HEIGHT="54" HPOS="604" VPOS="2674" WIDTH="28" />
<String CONTENT="Campbell." HEIGHT="66" HPOS="633" VPOS="2674" WIDTH="314" />
<SP HEIGHT="51" HPOS="948" VPOS="2675" WIDTH="61" />
<String CONTENT="London," HEIGHT="64" HPOS="1010" VPOS="2675" WIDTH="256" />
<SP HEIGHT="63" HPOS="1267" VPOS="2676" WIDTH="26" />
<String CONTENT="Hutchinson" HEIGHT="52" HPOS="1294" VPOS="2676" WIDTH="362" />
<SP HEIGHT="50" HPOS="1657" VPOS="2679" WIDTH="27" />
<String CONTENT="&amp;" HEIGHT="50" HPOS="1685" VPOS="2679" WIDTH="45" />
<SP HEIGHT="50" HPOS="1731" VPOS="2679" WIDTH="26" />
<String CONTENT="co.," HEIGHT="45" HPOS="1758" VPOS="2695" WIDTH="96" />
<SP HEIGHT="61" HPOS="1855" VPOS="2679" WIDTH="25" />
<String CONTENT="ltd." HEIGHT="51" HPOS="1881" VPOS="2677" WIDTH="103" />
<SP />
<String CONTENT="[1934]" CS="1" />
</TextLine>
<TextLine CS="1" HEIGHT="52" HPOS="280" VPOS="2744" WIDTH="1421">
<String CONTENT="3" HEIGHT="38" HPOS="280" VPOS="2745" WIDTH="25" />
<SP />
<String CONTENT="p." HEIGHT="36" HPOS="333" VPOS="2757" WIDTH="42" />
<SP HEIGHT="39" HPOS="376" VPOS="2746" WIDTH="27" />
<String CONTENT="l.," CS="1" />
<SP HEIGHT="30" HPOS="448" VPOS="2756" WIDTH="28" />
<String CONTENT="xi-xix." HEIGHT="40" HPOS="477" VPOS="2746" WIDTH="179" />
<SP HEIGHT="41" HPOS="657" VPOS="2745" WIDTH="29" />
<String CONTENT="21-288" HEIGHT="42" HPOS="687" VPOS="2744" WIDTH="172" />
<SP HEIGHT="47" HPOS="860" VPOS="2746" WIDTH="26" />
<String CONTENT="p." HEIGHT="36" HPOS="887" VPOS="2757" WIDTH="41" />
<SP HEIGHT="40" HPOS="929" VPOS="2746" WIDTH="59" />
<String CONTENT="front.," HEIGHT="42" HPOS="989" VPOS="2746" WIDTH="161" />
<SP HEIGHT="36" HPOS="1151" VPOS="2759" WIDTH="28" />
<String CONTENT="plates," HEIGHT="46" HPOS="1180" VPOS="2749" WIDTH="169" />
<SP HEIGHT="36" HPOS="1350" VPOS="2760" WIDTH="27" />
<String CONTENT="ports." HEIGHT="44" HPOS="1378" VPOS="2752" WIDTH="147" />
<SP HEIGHT="37" HPOS="1526" VPOS="2750" WIDTH="60" />
<String CONTENT="19" HEIGHT="39" HPOS="1587" VPOS="2748" WIDTH="54" />
<String CONTENT="cm" HEIGHT="20" HPOS="1646" STYLE="superscript" VPOS="2751" WIDTH="43" />
<String CONTENT="." HEIGHT="6" HPOS="1694" VPOS="2782" WIDTH="7" />
</TextLine>
<TextLine CS="1" HEIGHT="54" HPOS="214" VPOS="2809" WIDTH="1981">
<String CONTENT="&#169;" HEIGHT="50" HPOS="214" VPOS="2809" WIDTH="51" />
<SP />
<String CONTENT="1c." CS="1" />
<SP />
<String CONTENT="Dec." HEIGHT="37" HPOS="384" VPOS="2815" WIDTH="109" />
<SP HEIGHT="38" HPOS="494" VPOS="2813" WIDTH="26" />
<String CONTENT="22," HEIGHT="43" HPOS="521" VPOS="2812" WIDTH="68" />
<SP HEIGHT="39" HPOS="590" VPOS="2816" WIDTH="26" />
<String CONTENT="1934;" CS="1" />
<SP HEIGHT="39" HPOS="757" VPOS="2815" WIDTH="30" />
<String CONTENT="A" HEIGHT="37" HPOS="788" VPOS="2815" WIDTH="39" />
<SP HEIGHT="38" HPOS="828" VPOS="2815" WIDTH="25" />
<String CONTENT="ad" HEIGHT="39" HPOS="854" VPOS="2814" WIDTH="60" />
<SP HEIGHT="38" HPOS="915" VPOS="2814" WIDTH="26" />
<String CONTENT="int." HEIGHT="38" HPOS="942" VPOS="2815" WIDTH="83" />
<SP HEIGHT="37" HPOS="1026" VPOS="2816" WIDTH="28" />
<String CONTENT="19783:" CS="1" HEIGHT="41" HPOS="1055" VPOS="2813" WIDTH="139" />
<SP HEIGHT="36" HPOS="1222" VPOS="2827" WIDTH="31" />
<String CONTENT="pubd." HEIGHT="46" HPOS="1254" VPOS="2817" WIDTH="138" />
<SP HEIGHT="40" HPOS="1393" VPOS="2817" WIDTH="30" />
<String CONTENT="Oct." HEIGHT="40" HPOS="1424" VPOS="2817" WIDTH="99" />
<SP HEIGHT="38" HPOS="1524" VPOS="2817" WIDTH="28" />
<String CONTENT="26:" CS="1" HEIGHT="40" HPOS="1553" VPOS="2817" WIDTH="54" />
<SP HEIGHT="40" HPOS="1634" VPOS="2819" WIDTH="30" />
<String CONTENT="J." HEIGHT="38" HPOS="1665" VPOS="2819" WIDTH="41" />
<SP HEIGHT="39" HPOS="1707" VPOS="2819" WIDTH="29" />
<String CONTENT="W." HEIGHT="39" HPOS="1737" VPOS="2819" WIDTH="69" />
<SP HEIGHT="37" HPOS="1807" VPOS="2819" WIDTH="28" />
<String CONTENT="Dav," HEIGHT="44" HPOS="1836" VPOS="2819" WIDTH="120" />
<SP HEIGHT="44" HPOS="1957" VPOS="2819" WIDTH="29" />
<String CONTENT="London." HEIGHT="39" HPOS="1987" VPOS="2819" WIDTH="208" />
</TextLine>
<TextLine CS="1" HEIGHT="48" HPOS="291" VPOS="2869" WIDTH="222">
<String CONTENT="(35-2040)" CS="1" HEIGHT="48" HPOS="291" VPOS="2869" WIDTH="222" />
</TextLine>
<TextLine HEIGHT="65" HPOS="210" STYLEREFS="StyleId-3E1B0293-D760-49BB-BF52-A358B06B8BAD-" VPOS="2970" WIDTH="432">
<String CONTENT="Derr," HEIGHT="65" HPOS="210" VPOS="2970" WIDTH="167" />
<SP HEIGHT="63" HPOS="378" VPOS="2972" WIDTH="26" />
<String CONTENT="Ezra" HEIGHT="52" HPOS="405" VPOS="2972" WIDTH="154" />
<SP HEIGHT="53" HPOS="560" VPOS="2971" WIDTH="21" />
<String CONTENT="Z." HEIGHT="56" HPOS="582" VPOS="2971" WIDTH="60" />
</TextLine>
<TextLine HEIGHT="71" HPOS="283" STYLEREFS="StyleId-12C73076-180C-4BD7-9CC1-E01FD52C8BEE-" VPOS="3049" WIDTH="1913">
<String CONTENT="The" HEIGHT="50" HPOS="283" VPOS="3049" WIDTH="117" />
<SP HEIGHT="32" HPOS="401" VPOS="3067" WIDTH="33" />
<String CONTENT="spiral" HEIGHT="65" HPOS="435" VPOS="3049" WIDTH="179" />
<SP HEIGHT="50" HPOS="615" VPOS="3051" WIDTH="35" />
<String CONTENT="versus" HEIGHT="35" HPOS="651" VPOS="3067" WIDTH="189" />
<SP HEIGHT="46" HPOS="841" VPOS="3056" WIDTH="35" />
<String CONTENT="the" HEIGHT="50" HPOS="877" VPOS="3051" WIDTH="93" />
<SP HEIGHT="34" HPOS="971" VPOS="3069" WIDTH="34" />
<String CONTENT="elliptical" HEIGHT="66" HPOS="1006" VPOS="3050" WIDTH="274" />
<SP HEIGHT="50" HPOS="1281" VPOS="3054" WIDTH="34" />
<String CONTENT="theory" HEIGHT="67" HPOS="1316" VPOS="3053" WIDTH="201" />
<SP HEIGHT="46" HPOS="1518" VPOS="3074" WIDTH="32" />
<String CONTENT="of" HEIGHT="53" HPOS="1551" VPOS="3054" WIDTH="63" />
<SP HEIGHT="52" HPOS="1615" VPOS="3054" WIDTH="34" />
<String CONTENT="the" HEIGHT="51" HPOS="1650" VPOS="3055" WIDTH="96" />
<SP HEIGHT="32" HPOS="1747" VPOS="3074" WIDTH="32" />
<String CONTENT="revolution" HEIGHT="53" HPOS="1780" VPOS="3055" WIDTH="319" />
<SP HEIGHT="33" HPOS="2100" VPOS="3074" WIDTH="33" />
<String CONTENT="of" HEIGHT="52" HPOS="2134" VPOS="3055" WIDTH="62" />
</TextLine>
<TextLine CS="1" HEIGHT="74" HPOS="212" STYLEREFS="StyleId-12C73076-180C-4BD7-9CC1-E01FD52C8BEE-" VPOS="3125" WIDTH="1984">
<String CONTENT="the" HEIGHT="51" HPOS="212" VPOS="3125" WIDTH="92" />
<SP HEIGHT="48" HPOS="305" VPOS="3143" WIDTH="30" />
<String CONTENT="planets," HEIGHT="65" HPOS="336" VPOS="3126" WIDTH="237" />
<SP HEIGHT="65" HPOS="574" VPOS="3125" WIDTH="23" />
<String CONTENT="by" HEIGHT="67" HPOS="598" VPOS="3125" WIDTH="74" />
<SP HEIGHT="64" HPOS="673" VPOS="3128" WIDTH="27" />
<String CONTENT="Dr." HEIGHT="50" HPOS="701" VPOS="3128" WIDTH="101" />
<SP HEIGHT="49" HPOS="803" VPOS="3129" WIDTH="30" />
<String CONTENT="Ezra" HEIGHT="49" HPOS="834" VPOS="3129" WIDTH="147" />
<SP HEIGHT="49" HPOS="982" VPOS="3129" WIDTH="29" />
<String CONTENT="Z." HEIGHT="51" HPOS="1012" VPOS="3129" WIDTH="55" />
<SP HEIGHT="50" HPOS="1068" VPOS="3131" WIDTH="29" />
<String CONTENT="Derr" HEIGHT="51" HPOS="1098" VPOS="3131" WIDTH="147" />
<SP HEIGHT="31" HPOS="1246" VPOS="3149" WIDTH="32" />
<String CONTENT="&#8230;" CS="1" />
<SP HEIGHT="32" HPOS="1333" VPOS="3165" WIDTH="75" />
<String CONTENT="[Thurmont," HEIGHT="67" HPOS="1409" VPOS="3132" WIDTH="356" />
<SP HEIGHT="65" HPOS="1766" VPOS="3134" WIDTH="27" />
<String CONTENT="Md.," HEIGHT="65" HPOS="1794" VPOS="3133" WIDTH="139" />
<SP HEIGHT="64" HPOS="1934" VPOS="3134" WIDTH="29" />
<String CONTENT="Clarion" HEIGHT="55" HPOS="1964" VPOS="3133" WIDTH="232" />
</TextLine>
<TextLine HEIGHT="71" HPOS="210" STYLEREFS="StyleId-12C73076-180C-4BD7-9CC1-E01FD52C8BEE-" VPOS="3201" WIDTH="995">
<String CONTENT="publishing" HEIGHT="68" HPOS="210" VPOS="3201" WIDTH="330" />
<SP HEIGHT="61" HPOS="541" VPOS="3208" WIDTH="27" />
<String CONTENT="&amp;" HEIGHT="48" HPOS="569" VPOS="3208" WIDTH="44" />
<SP HEIGHT="62" HPOS="614" VPOS="3208" WIDTH="26" />
<String CONTENT="printing" HEIGHT="67" HPOS="641" VPOS="3204" WIDTH="261" />
<SP HEIGHT="48" HPOS="903" VPOS="3223" WIDTH="26" />
<String CONTENT="co.," HEIGHT="47" HPOS="930" VPOS="3225" WIDTH="96" />
<SP HEIGHT="61" HPOS="1027" VPOS="3211" WIDTH="29" />
<String CONTENT="1934]" HEIGHT="62" HPOS="1057" VPOS="3210" WIDTH="148" />
</TextLine>
<TextLine CS="1" HEIGHT="48" HPOS="285" VPOS="3276" WIDTH="450">
<String CONTENT="[13]" HEIGHT="47" HPOS="285" VPOS="3276" WIDTH="83" />
<SP HEIGHT="37" HPOS="369" VPOS="3286" WIDTH="29" />
<String CONTENT="p." HEIGHT="36" HPOS="399" VPOS="3286" WIDTH="42" />
<SP HEIGHT="38" HPOS="442" VPOS="3277" WIDTH="58" />
<String CONTENT="diagrs." HEIGHT="48" HPOS="501" VPOS="3276" WIDTH="176" />
<SP HEIGHT="38" HPOS="678" VPOS="3277" WIDTH="57" />
<String CONTENT="22&#189;cm." CS="1" />
</TextLine>
<TextLine CS="1" HEIGHT="54" HPOS="216" VPOS="3341" WIDTH="1979">
<String CONTENT="&#169;" HEIGHT="50" HPOS="216" VPOS="3341" WIDTH="51" />
<SP HEIGHT="50" HPOS="268" VPOS="3341" WIDTH="30" />
<String CONTENT="Nov." HEIGHT="38" HPOS="299" VPOS="3346" WIDTH="116" />
<SP HEIGHT="39" HPOS="416" VPOS="3345" WIDTH="29" />
<String CONTENT="30," HEIGHT="46" HPOS="446" VPOS="3345" WIDTH="68" />
<SP HEIGHT="45" HPOS="515" VPOS="3346" WIDTH="30" />
<String CONTENT="1934;" CS="1" />
<SP HEIGHT="41" HPOS="685" VPOS="3346" WIDTH="31" />
<String CONTENT="2c." HEIGHT="39" HPOS="717" VPOS="3346" WIDTH="65" />
<SP HEIGHT="29" HPOS="783" VPOS="3357" WIDTH="33" />
<String CONTENT="and" HEIGHT="38" HPOS="817" VPOS="3348" WIDTH="94" />
<SP HEIGHT="38" HPOS="912" VPOS="3348" WIDTH="31" />
<String CONTENT="aff." HEIGHT="39" HPOS="944" VPOS="3347" WIDTH="78" />
<SP HEIGHT="38" HPOS="1023" VPOS="3349" WIDTH="31" />
<String CONTENT="Dec." HEIGHT="39" HPOS="1055" VPOS="3349" WIDTH="109" />
<SP HEIGHT="36" HPOS="1165" VPOS="3351" WIDTH="32" />
<String CONTENT="39:" HEIGHT="40" HPOS="1198" VPOS="3349" WIDTH="79" />
<SP HEIGHT="38" HPOS="1278" VPOS="3351" WIDTH="32" />
<String CONTENT="A" HEIGHT="37" HPOS="1311" VPOS="3351" WIDTH="39" />
<SP HEIGHT="39" HPOS="1351" VPOS="3351" WIDTH="31" />
<String CONTENT="77738:" HEIGHT="40" HPOS="1383" VPOS="3352" WIDTH="167" />
<SP HEIGHT="38" HPOS="1551" VPOS="3354" WIDTH="34" />
<String CONTENT="E." HEIGHT="38" HPOS="1586" VPOS="3354" WIDTH="51" />
<SP HEIGHT="38" HPOS="1638" VPOS="3354" WIDTH="35" />
<String CONTENT="Z." HEIGHT="37" HPOS="1674" VPOS="3354" WIDTH="44" />
<SP HEIGHT="37" HPOS="1719" VPOS="3354" WIDTH="32" />
<String CONTENT="Derr." HEIGHT="40" HPOS="1752" VPOS="3354" WIDTH="136" />
<SP HEIGHT="41" HPOS="1889" VPOS="3353" WIDTH="34" />
<String CONTENT="Frederick." HEIGHT="42" HPOS="1924" VPOS="3353" WIDTH="271" />
</TextLine>
<TextLine HEIGHT="37" HPOS="283" STYLEREFS="StyleId-342A7FB0-8280-47CF-8C7F-7B7496061EB9-" VPOS="3403" WIDTH="92">
<String CONTENT="Md." HEIGHT="37" HPOS="283" VPOS="3403" WIDTH="92" />
</TextLine>
<TextLine HEIGHT="72" HPOS="213" STYLEREFS="StyleId-3E1B0293-D760-49BB-BF52-A358B06B8BAD-" VPOS="3499" WIDTH="1510">
<String CONTENT="Detroit" HEIGHT="54" HPOS="213" VPOS="3499" WIDTH="232" />
<SP HEIGHT="50" HPOS="446" VPOS="3503" WIDTH="26" />
<String CONTENT="institute" HEIGHT="54" HPOS="473" VPOS="3501" WIDTH="276" />
<SP HEIGHT="35" HPOS="750" VPOS="3520" WIDTH="26" />
<String CONTENT="of" HEIGHT="51" HPOS="777" VPOS="3504" WIDTH="62" />
<SP HEIGHT="52" HPOS="840" VPOS="3504" WIDTH="24" />
<String CONTENT="arts" HEIGHT="49" HPOS="865" VPOS="3507" WIDTH="127" />
<SP HEIGHT="36" HPOS="993" VPOS="3521" WIDTH="26" />
<String CONTENT="of" HEIGHT="51" HPOS="1020" VPOS="3506" WIDTH="62" />
<SP HEIGHT="52" HPOS="1083" VPOS="3506" WIDTH="24" />
<String CONTENT="the" HEIGHT="52" HPOS="1108" VPOS="3506" WIDTH="100" />
<SP HEIGHT="37" HPOS="1209" VPOS="3523" WIDTH="26" />
<String CONTENT="city" HEIGHT="64" HPOS="1236" VPOS="3507" WIDTH="123" />
<SP HEIGHT="46" HPOS="1360" VPOS="3525" WIDTH="22" />
<String CONTENT="of" HEIGHT="52" HPOS="1383" VPOS="3509" WIDTH="63" />
<SP HEIGHT="52" HPOS="1447" VPOS="3509" WIDTH="24" />
<String CONTENT="Detroit." HEIGHT="55" HPOS="1472" VPOS="3510" WIDTH="251" />
</TextLine>
<TextLine CS="1" HEIGHT="79" HPOS="282" STYLEREFS="StyleId-12C73076-180C-4BD7-9CC1-E01FD52C8BEE-" VPOS="3576" WIDTH="1913">
<String CONTENT="An" HEIGHT="51" HPOS="282" VPOS="3577" WIDTH="93" />
<SP HEIGHT="52" HPOS="376" VPOS="3576" WIDTH="43" />
<String CONTENT="illustrated" HEIGHT="55" HPOS="420" VPOS="3576" WIDTH="322" />
<SP HEIGHT="65" HPOS="743" VPOS="3581" WIDTH="44" />
<String CONTENT="guide" HEIGHT="66" HPOS="788" VPOS="3580" WIDTH="169" />
<SP HEIGHT="46" HPOS="958" VPOS="3587" WIDTH="44" />
<String CONTENT="to" HEIGHT="46" HPOS="1003" VPOS="3587" WIDTH="57" />
<SP HEIGHT="46" HPOS="1061" VPOS="3590" WIDTH="44" />
<String CONTENT="the" HEIGHT="52" HPOS="1106" VPOS="3584" WIDTH="92" />
<SP HEIGHT="50" HPOS="1199" VPOS="3586" WIDTH="44" />
<String CONTENT="Diego" HEIGHT="67" HPOS="1244" VPOS="3585" WIDTH="182" />
<SP HEIGHT="50" HPOS="1427" VPOS="3589" WIDTH="44" />
<String CONTENT="Rivera" HEIGHT="51" HPOS="1472" VPOS="3588" WIDTH="208" />
<SP HEIGHT="51" HPOS="1681" VPOS="3588" WIDTH="44" />
<String CONTENT="frescoes" HEIGHT="53" HPOS="1726" VPOS="3588" WIDTH="240" />
<SP HEIGHT="33" HPOS="1967" VPOS="3608" WIDTH="51" />
<String CONTENT="&#8230;" CS="1" />
<SP HEIGHT="50" HPOS="2074" VPOS="3590" WIDTH="47" />
<String CONTENT="by" HEIGHT="65" HPOS="2122" VPOS="3590" WIDTH="73" />
</TextLine>
<TextLine CS="1" HEIGHT="131" HPOS="212" STYLEREFS="StyleId-12C73076-180C-4BD7-9CC1-E01FD52C8BEE-" VPOS="3651" WIDTH="1958">
<String CONTENT="George" HEIGHT="69" HPOS="212" VPOS="3651" WIDTH="218" />
<SP HEIGHT="50" HPOS="431" VPOS="3657" WIDTH="27" />
<String CONTENT="F." HEIGHT="50" HPOS="459" VPOS="3657" WIDTH="63" />
<SP HEIGHT="50" HPOS="523" VPOS="3658" WIDTH="29" />
<String CONTENT="Pierrot" HEIGHT="53" HPOS="553" VPOS="3657" WIDTH="228" />
<SP HEIGHT="46" HPOS="782" VPOS="3664" WIDTH="27" />
<String CONTENT="and" HEIGHT="50" HPOS="810" VPOS="3660" WIDTH="110" />
<SP HEIGHT="51" HPOS="921" VPOS="3660" WIDTH="29" />
<String CONTENT="Edgar" HEIGHT="66" HPOS="951" VPOS="3660" WIDTH="199" />
<SP HEIGHT="50" HPOS="1151" VPOS="3664" WIDTH="24" />
<String CONTENT="P." HEIGHT="50" HPOS="1176" VPOS="3664" WIDTH="62" />
<SP HEIGHT="50" HPOS="1239" VPOS="3664" WIDTH="31" />
<String CONTENT="Richardson" HEIGHT="54" HPOS="1271" VPOS="3663" WIDTH="355" />
<SP HEIGHT="32" HPOS="1627" VPOS="3685" WIDTH="35" />
<String CONTENT="&#8230;" CS="1" />
<SP HEIGHT="32" HPOS="1717" VPOS="3700" WIDTH="74" />
<String CONTENT="[Detroit]" HEIGHT="64" HPOS="1792" VPOS="3668" WIDTH="261" />
<SP HEIGHT="64" HPOS="2054" VPOS="3668" WIDTH="32" />
<String CONTENT="Detroit" HEIGHT="114" HPOS="213" VPOS="3668" WIDTH="1957" />
</TextLine>
<TextLine HEIGHT="70" HPOS="373" STYLEREFS="StyleId-12C73076-180C-4BD7-9CC1-E01FD52C8BEE-" VPOS="3733" WIDTH="694">
<String CONTENT="institute" HEIGHT="53" HPOS="373" VPOS="3733" WIDTH="259" />
<SP HEIGHT="34" HPOS="633" VPOS="3753" WIDTH="26" />
<String CONTENT="of" HEIGHT="53" HPOS="660" VPOS="3734" WIDTH="63" />
<SP HEIGHT="53" HPOS="724" VPOS="3734" WIDTH="24" />
<String CONTENT="arts" HEIGHT="46" HPOS="749" VPOS="3741" WIDTH="115" />
<SP HEIGHT="48" HPOS="865" VPOS="3755" WIDTH="32" />
<String CONTENT="[1934]" HEIGHT="63" HPOS="898" VPOS="3740" WIDTH="169" />
</TextLine>
<TextLine CS="1" HEIGHT="48" HPOS="282" VPOS="3803" WIDTH="478">
<String CONTENT="22" HEIGHT="37" HPOS="282" VPOS="3803" WIDTH="55" />
<SP HEIGHT="47" HPOS="338" VPOS="3804" WIDTH="25" />
<String CONTENT="p." HEIGHT="36" HPOS="364" VPOS="3815" WIDTH="41" />
<SP HEIGHT="38" HPOS="406" VPOS="3805" WIDTH="56" />
<String CONTENT="inns." HEIGHT="40" HPOS="463" VPOS="3805" WIDTH="124" />
<SP HEIGHT="37" HPOS="588" VPOS="3808" WIDTH="58" />
<String CONTENT="18" CS="1" />
<String CONTENT="cm" HEIGHT="21" HPOS="704" STYLE="superscript" VPOS="3810" WIDTH="44" />
<String CONTENT="." HEIGHT="7" HPOS="753" VPOS="3839" WIDTH="7" />
</TextLine>
<TextLine CS="1" HEIGHT="62" HPOS="217" VPOS="3868" WIDTH="1979">
<String CONTENT="&#169;" HEIGHT="50" HPOS="217" VPOS="3868" WIDTH="51" />
<SP HEIGHT="50" HPOS="269" VPOS="3868" WIDTH="30" />
<String CONTENT="Oct." HEIGHT="40" HPOS="300" VPOS="3872" WIDTH="99" />
<SP HEIGHT="39" HPOS="400" VPOS="3872" WIDTH="28" />
<String CONTENT="26," HEIGHT="49" HPOS="429" VPOS="3872" WIDTH="67" />
<SP HEIGHT="46" HPOS="497" VPOS="3875" WIDTH="30" />
<String CONTENT="1934;" CS="1" HEIGHT="41" HPOS="528" VPOS="3873" WIDTH="114" />
<SP HEIGHT="46" HPOS="667" VPOS="3876" WIDTH="32" />
<String CONTENT="2c." HEIGHT="40" HPOS="700" VPOS="3876" WIDTH="64" />
<SP HEIGHT="28" HPOS="765" VPOS="3888" WIDTH="31" />
<String CONTENT="and" HEIGHT="37" HPOS="797" VPOS="3879" WIDTH="94" />
<SP HEIGHT="37" HPOS="892" VPOS="3879" WIDTH="30" />
<String CONTENT="aff." HEIGHT="39" HPOS="923" VPOS="3877" WIDTH="78" />
<SP HEIGHT="38" HPOS="1002" VPOS="3879" WIDTH="31" />
<String CONTENT="Nov." HEIGHT="39" HPOS="1034" VPOS="3879" WIDTH="115" />
<SP HEIGHT="38" HPOS="1150" VPOS="3882" WIDTH="30" />
<String CONTENT="7;" HEIGHT="45" HPOS="1181" VPOS="3882" WIDTH="52" />
<SP HEIGHT="45" HPOS="1234" VPOS="3882" WIDTH="30" />
<String CONTENT="A" HEIGHT="38" HPOS="1265" VPOS="3882" WIDTH="40" />
<SP HEIGHT="40" HPOS="1306" VPOS="3882" WIDTH="29" />
<String CONTENT="76964;" HEIGHT="48" HPOS="1336" VPOS="3882" WIDTH="169" />
<SP HEIGHT="44" HPOS="1506" VPOS="3886" WIDTH="32" />
<String CONTENT="World" HEIGHT="39" HPOS="1539" VPOS="3886" WIDTH="165" />
<SP HEIGHT="39" HPOS="1705" VPOS="3886" WIDTH="30" />
<String CONTENT="adventure" HEIGHT="38" HPOS="1736" VPOS="3887" WIDTH="267" />
<SP HEIGHT="29" HPOS="2004" VPOS="3896" WIDTH="29" />
<String CONTENT="series," HEIGHT="42" HPOS="2034" VPOS="3884" WIDTH="162" />
</TextLine>
<TextLine CS="1" HEIGHT="41" HPOS="285" VPOS="3929" WIDTH="327">
<String CONTENT="inc.," CS="1" HEIGHT="37" HPOS="285" VPOS="3929" WIDTH="72" />
<SP HEIGHT="37" HPOS="385" VPOS="3931" WIDTH="25" />
<String CONTENT="Detroit." HEIGHT="39" HPOS="411" VPOS="3931" WIDTH="201" />
</TextLine>
</TextBlock>
</PrintSpace>
</Page>
</Layout>
</alto>