2350 4196
1160 4017 94 47 112

211 401 387 64 Wentworth,
627 400 278 64 Patricia,
936 402 191 65 pseud.

283 479 147 51 Fear
486 479 74 67 by
614 479 168 67 night
841 478 108 67 [by]
1014 477 252 52 Patricia
1322 476 374 52 Wentworth.
1779 475 420 67 Philadelphia.

215 556 253 57 London,
497 557 55 53 J.
581 558 67 50 B.
678 557 337 67 Lippincott
1043 574 276 48 company
1355 588 12 33 [
1372 562 16 20 c
1395 557 150 63 1934]

281 614 461 63 316 p., 1 l. 19 cm .
215 685 1818 50 © Feb. 1. 1934; 2c. and aff. Feb. 8; A 70185; J. B. Lippincott co.
294 745 248 46 (34-2145)

218 833 360 64 Westbrook,
609 833 271 55 Stillman
911 835 197 62 Foote,
1143 836 168 49 1888-

282 910 182 52 Those
513 910 258 68 eighteen
819 910 242 52 months.
1149 907 242 56 October
1442 912 47 64 9,
1542 908 345 68 1917-April
1939 913 47 63 8,
2037 911 160 65 1919;

213 985 150 54 from
389 988 94 52 the
509 1006 117 33 war
651 988 192 52 letters
872 987 64 52 of
962 986 269 55 Stillman
1258 987 66 52 F.
1349 985 355 54 Westbrook.
1767 985 312 54 Published
2108 986 91 53 for

213 1065 222 66 private
471 1065 368 53 distribution
875 1071 56 46 to
964 1066 95 50 the
1094 1082 126 34 men
1255 1063 64 53 of
1352 1064 95 51 the
1482 1063 256 53 machine
1774 1082 115 50 gun
1924 1081 277 51 company

212 1142 64 52 of
308 1144 95 51 the
440 1144 165 51 104th
640 1142 282 68 infantry,
956 1142 134 52 26th
1127 1141 263 67 division,
1426 1140 305 53 American
1768 1141 433 69 expeditionary

214 1219 196 55 forces.
483 1220 326 67 [Hartford,
840 1219 196 67 Conn.,
1066 1220 120 51 The
1215 1237 155 49 press
1403 1218 64 53 of
1495 1220 94 51 the
1623 1218 157 68 Case,
1811 1218 317 53 Lockwood
2158 1221 45 49 &

214 1299 287 52 Brainard
532 1316 95 48 co.,
659 1305 16 20 c
681 1302 151 62 1934]

282 1381 75 36 xv,
384 1371 84 40 229
495 1380 42 38 p.
593 1371 104 39 fold.
738 1371 161 44 front.,
927 1369 141 44 illus.,
1098 1369 167 47 plates,
1294 1379 136 37 maps
1467 1370 135 46 (part
1629 1368 254 47 mounted;
1914 1371 112 45 part
2052 1368 140 49 fold.)

213 1425 55 41 23
272 1429 43 21 cm

217 1482 50 51 ©
303 1487 106 38 Jan.
444 1486 67 39 22.
545 1485 113 39 1934;
721 1486 65 38 2c.
821 1485 107 38 Jan.
963 1485 53 37 25;
1081 1484 80 39 aff.
1196 1484 106 39 Jan.
1338 1484 54 38 24;
1456 1484 38 37 A
1529 1484 141 40 69185;
1738 1484 42 40 S.
1816 1484 49 38 F.
1902 1485 298 43 Westbrook,

282 1543 255 39 Hartford.
609 1541 247 46 (34-1951)

215 1617 1985 143 What is the Oxford group? By the layman with a notebook; with a foreword by L. W. Grensted … New York,
217 1770 226 54 Oxford
478 1771 313 67 university
828 1789 170 48 press,
1038 1774 147 49 1933.

283 1842 642 50 6 p. l., [3]-132 p. 19 cm .
218 1900 51 50 ©
299 1904 108 39 Dec.
440 1905 35 39 7,
506 1904 112 39 1933;
677 1904 65 39 2c.
773 1905 92 37 and
897 1903 79 39 aff.
1008 1904 109 38 Dec.
1149 1904 54 39 28;
1260 1904 40 37 A
1329 1903 139 39 67951;
1531 1903 189 41 Oxford
1748 1905 127 38 univ.
1907 1915 147 37 press,
2133 1914 70 28 New

283 1961 142 38 York.
458 1961 88 39 inc.
619 1960 248 46 (34-1736)

216 2032 214 65 White,
458 2034 209 53 Albert
695 2035 208 64 Beebe,
935 2035 169 52 1871-

213 2108 1966 150 Self-government at the king’s command; a study in the beginnings of English democracy, by Albert Beebe White …
214 2264 401 68 Minneapolis,
648 2265 119 52 The
799 2266 337 69 University
1168 2265 63 54 of
1260 2266 322 53 Minnesota
1617 2286 183 49 press;
1835 2269 257 67 London,
2126 2269 77 51 H.

214 2341 264 67 Milford,
509 2341 229 55 Oxford
767 2343 316 69 university
1111 2362 172 49 press,
1315 2347 150 50 1933.

284 2414 542 49 6 p. l., 130 p. 23½ cm .
219 2469 51 50 ©
301 2474 109 39 Dec.
440 2475 68 37 11.
538 2473 112 39 1933;
708 2473 65 39 2c.
805 2476 92 36 and
930 2474 79 39 aff.
1074 2485 75 28 Jan.
1178 2474 38 41 2,
1248 2474 138 46 1934;
1421 2476 39 37 A
1489 2475 143 40 68687;
1692 2477 283 47 University
2004 2478 51 38 of
283 2478 1904 93 Minnesota.
501 2530 332 46 Minneapolis.
906 2531 248 46 (34-1845)

221 2604 211 63 White,
460 2605 254 52 Terence
742 2606 307 64 Hanbury.

283 2681 276 51 Farewell
595 2681 277 64 Victoria,
907 2682 74 67 by
1017 2685 64 50 T.
1119 2684 74 52 H.
1237 2684 200 52 White.
1513 2685 138 52 New
1689 2687 178 64 York,
1902 2688 75 51 H.
2018 2685 186 55 Smith

213 2761 44 48 &
343 2804 8 7 R.
380 2759 176 62 Haas,
587 2762 148 48 1934.

268 2832 596 48 3 p. l., 9-258 p. 20 cm .
287 2889 223 38 Includes
537 2898 28 29 a
591 2889 135 38 short
753 2893 203 36 account
982 2891 50 38 of
1058 2890 81 40 the
1167 2891 117 38 Zulu
1310 2900 115 30 war.

221 2941 51 50 ©
311 2945 94 39 Jan
457 2945 67 40 29.
565 2945 112 39 1934;
744 2947 66 38 2c.
851 2948 91 37 and
983 2947 79 38 aff.
1104 2948 107 40 Feb.
1251 2950 19 36 1;
1344 2949 47 40 A
1423 2949 141 39 70090;
1634 2951 240 39 Harrison
1916 2951 153 39 Smith
2111 2953 92 38 and

333 3003 134 38 Robert
498 3003 148 39 Haas.
679 3003 86 38 inc.
842 3002 249 50 (34-2031)

217 3074 215 64 White,
461 3074 250 54 William
740 3077 250 66 Wisner,
1021 3083 168 48 1866-

286 3151 200 52 Poems
549 3153 112 51 and
723 3153 268 68 sketches,
1040 3159 149 64 1934,
1247 3157 75 67 by
1381 3157 261 53 William
1704 3159 227 53 Wisner
1993 3159 211 53 White.

222 3226 344 67 [Cleveland,
606 3230 120 52 The
768 3229 168 55 Office
977 3234 209 67 supply
1228 3234 111 52 and
1382 3234 263 70 printing
1688 3253 295 52 company,
2024 3243 19 21 c
2049 3238 150 65 1934]

288 3303 933 49 1 p. l., 90 p. front., plates. 20½ cm .
221 3355 51 50 ©
303 3360 107 38 Jan.
440 3360 67 40 30,
539 3360 112 39 1934;
709 3363 66 38 2c.
806 3365 92 37 and
930 3364 80 39 aff.
1042 3350 116 53 Feb.
1181 3366 22 36 1;
1264 3366 42 38 A
1335 3365 142 39 70070;
1535 3367 71 38 W.
1638 3368 69 38 W.
1739 3368 174 40 White,
1947 3367 256 40 Cleveland

290 3415 217 46 Heights.
541 3417 49 39 O.
663 3418 247 45 (34-2173)

223 3490 106 51 100
367 3489 224 52 famous
629 3492 295 66 cocktails;
962 3495 95 52 the
1093 3514 258 35 romance
1387 3497 62 51 of
1484 3499 170 52 wines
1691 3500 111 52 and
1836 3499 231 68 liquors,
287 3500 1885 133 etiquette,
523 3569 230 67 recipes,
783 3571 301 67 published
1114 3574 59 51 in
1206 3575 407 52 collaboration
1643 3577 137 52 with
1814 3577 176 54 Oscar
2020 3577 63 52 of
2112 3577 93 51 the

286 3644 287 52 Waldorf.
647 3646 138 53 New
817 3649 176 55 York,
1021 3651 359 53 Kenilworth
1411 3671 172 49 press,
1611 3655 106 51 inc.
1751 3688 12 33 [
1768 3662 18 20 c
1792 3658 150 62 1934]

290 3716 24 38 2
341 3729 41 36 p.
445 3749 7 13 l.,
481 3718 113 40 7-46
617 3730 41 36 p.
720 3720 126 40 illus.
877 3722 131 44 (incl.
1033 3725 227 39 mounted
1285 3727 146 46 port.)
1502 3726 53 39 21½
1590 3729 42 21 cm
1638 3759 7 7 .

295 3773 344 43 “Decorations
669 3777 59 47 by
756 3778 167 49 Henry
956 3780 271 41 Stahlhut.”

293 3831 159 41 “First
475 3832 228 49 printing,
729 3834 221 50 January
974 3837 40 40 3.
1040 3837 112 40 1934;
1205 3840 172 38 second
1402 3840 228 49 printing.
1659 3842 219 47 January
1905 3843 67 41 26.
1999 3844 155 40 1934.”

222 3885 50 51 ©
306 3891 106 39 Jan.
446 3891 67 38 10.
547 3891 112 40 1934;
720 3892 63 40 2c.
819 3895 92 37 and
946 3895 78 38 aff.
1060 3895 107 41 Jan.
1200 3895 55 39 30;
1317 3897 39 37 A
1391 3897 140 39 70054;
1594 3900 301 40 Kenilworth
1931 3912 147 36 press,
2115 3903 86 37 inc.

301 3947 248 48 (34-2139)
