2350 4196
1160 3993 99 49 956

220 372 247 66 Pieters,
498 373 226 53 Adrian
756 373 172 63 John,
962 375 172 50 1866-

230 444 1956 150 The little book of Lespedeza, by Adrian J. Pieters … Washington, D. C., The author, 1934.
297 598 56 40 94
383 609 42 37 p.
456 597 109 40 incl.
595 597 142 48 illus.,
767 600 148 45 ports.
973 598 144 39 23½cm.

296 654 346 48 Bibliography
661 665 8 29 :
703 666 43 36 p.
777 653 157 41 92-94.

228 726 51 51 ©
305 731 126 38 June
455 730 68 39 21.
549 729 114 39 1934;
716 729 67 40 2c.
811 728 127 39 June
960 728 55 39 28;
1071 727 81 39 aff.
1179 728 115 45 July
1320 726 51 39 9:
1401 727 42 37 A
1469 726 142 40 73527;
1666 728 53 38 A.
1746 728 42 38 J.
1816 726 200 47 Pieters,
296 726 1898 108 Washington.
548 785 278 48 (34-21312)

221 888 227 64 Powell,
481 888 315 54 Lawrence
830 887 193 56 Clark.

293 964 292 52 Robinson
620 961 223 70 Jeffers,
879 964 95 52 the
1008 981 133 34 man
1176 963 44 49 &
1255 962 89 53 his
1380 961 173 69 work,
1588 962 74 69 by
1697 962 301 53 Lawrence
2037 961 177 55 Clark

224 1041 241 67 Powell;
496 1060 29 34 a
555 1040 284 53 foreword
865 1041 75 68 by
967 1040 289 53 Robinson
1283 1038 234 68 Jeffers;
1549 1039 353 54 decorations
1928 1040 76 69 by
224 1039 1966 132 Rockwell
379 1120 171 52 Kent.
615 1119 111 52 Los
752 1118 268 68 Angeles,
1048 1118 122 52 The
1196 1118 334 52 Primavera
1562 1135 173 51 press,
1766 1120 149 50 1934.

293 1193 135 47 xviii,
458 1192 70 48 [2],
556 1191 84 39 215
667 1201 58 37 p.,
753 1193 25 37 1
827 1222 7 7 l.
898 1190 161 43 front.,
1088 1190 141 49 illus.,
1254 1192 148 45 ports.
1461 1189 116 41 24cm.

299 1246 180 41 “Seven
512 1249 219 38 hundred
764 1249 95 38 and
892 1246 109 47 fifty
1034 1245 155 49 copies
1225 1246 51 40 of
1308 1247 81 39 the
1423 1245 106 41 first
1562 1245 183 41 edition
1780 1256 124 31 were
1938 1247 192 46 printed
2165 1246 50 40 in

226 1302 137 50 June,
396 1303 156 40 1934.”

295 1361 41 37 A
375 1359 186 41 revised
597 1359 183 40 edition
818 1358 52 40 of
907 1360 80 39 the
1027 1357 215 41 author’s
1281 1357 151 40 thesis
1472 1357 252 48 published
1765 1358 258 47 originally
2064 1360 150 38 under

227 1414 106 40 title
352 1426 7 28 :
390 1416 73 38 An
493 1415 329 40 introduction
850 1417 47 37 to
928 1414 246 40 Robinson
1202 1413 190 48 Jeffers,
1424 1413 162 48 Dijon,
1617 1413 126 41 1932.

297 1470 349 48 Bibliography
663 1481 8 29 :
703 1481 42 37 p.
777 1470 97 42 210.

228 1540 51 50 ©
309 1544 126 38 June
462 1543 68 39 10.
560 1542 113 40 1934;
732 1543 65 39 2c.
829 1543 116 46 July
975 1543 55 38 14;
1090 1541 80 41 aff.
1202 1543 115 46 July
1346 1542 56 38 24;
1462 1543 40 37 A
1532 1542 143 40 74305;
1735 1543 50 39 L.
1858 1574 7 6 C.
1897 1543 191 46 Powell,
2121 1543 91 40 Los

296 1602 217 46 Angeles.
587 1599 277 48 (34-21855)

219 1700 180 67 Price,
435 1702 234 53 Arthur
697 1703 287 64 Barnard,
1020 1700 170 55 1877-

293 1779 118 52 The
456 1778 207 68 portal,
708 1778 76 69 by
827 1778 224 52 Arthur
1097 1778 192 66 Price;
1339 1778 380 53 illustrations
1764 1778 75 69 by
1886 1779 216 52 Robert
2146 1780 65 51 F.

225 1854 206 69 Nixon,
535 1899 10 9 III.
616 1855 327 68 [Westfield,
973 1856 68 52 N.
1072 1855 74 67 J.]
1180 1854 157 56 Priv.
1367 1855 193 68 print.,
1591 1858 171 51 c1934.

301 1928 53 50 [7]
385 1939 42 37 p.
492 1929 126 39 illus.
679 1928 115 40 21cm.

293 1984 183 42 Poems.

228 2054 51 51 ©
310 2059 113 45 May
453 2057 67 47 18,
550 2057 140 40 1934;
723 2057 66 39 2c.
821 2058 94 38 and
947 2055 79 41 aff.
1061 2057 114 46 July
1204 2056 55 39 20;
1320 2057 40 37 A
1392 2055 141 41 73522;
1595 2057 54 39 A.
1682 2058 53 39 B.
1769 2056 150 48 Price,
1950 2057 261 41 Westfield.

294 2115 55 40 N.
380 2115 42 39 J.
497 2113 277 48 (34-21493)

222 2217 181 64 Rhys,
433 2217 258 64 Jocelyn.

290 2295 118 50 The
456 2292 212 53 fateful
714 2293 314 66 diamonds,
1073 2293 75 67 by
1191 2293 235 67 Jocelyn
1474 2293 175 67 Rhys.
1723 2294 255 66 London,
2023 2297 189 52 Watts

219 2374 45 50 &
292 2391 78 33 co.
409 2374 171 63 [1934]

292 2445 64 47 ix,
392 2445 84 40 231
513 2455 43 37 p.
592 2444 108 40 incl.
738 2444 181 47 geneal.
959 2444 93 39 tab.
1114 2442 162 49 front.,
1314 2455 75 36 pl.,
1428 2447 145 45 ports.
1635 2445 144 39 20½cm.

294 2500 352 50 “Corrigenda”
677 2500 95 48 slip
799 2501 230 39 mounted
1054 2511 63 29 on
1145 2511 41 37 p.
1221 2501 53 48 [3]

227 2569 1982 54 © 1c. June 29, 1934; A ad int. 19122; pubd. May 10; J. Rhys, Chichester,
301 2631 190 45 Sussex,
526 2630 233 46 England.
832 2628 277 47 (34-22557)

221 2731 184 65 Riess,
437 2733 264 51 Bernard
731 2732 216 54 Frank.

383 2809 1826 72 … Limits of learning ability in the white rat and the guinea
220 2887 1966 225 pig; from the Animal laboratory of the Department of psychology, Columbia university, by Bernard F. Riess … Worcester, Mass., Clark university, c1934.
294 3118 1835 51 p. 303-368. illus., diagrs. 24½cm. (Genetic psychology monographs …
223 3176 90 39 vol.
342 3186 75 35 XV,
446 3185 74 30 no.
548 3176 51 46 4)

296 3231 344 40 “References”
662 3243 7 27 :
700 3243 42 36 p.
770 3231 214 40 365-366.

228 3299 52 50 ©
305 3304 115 45 July
445 3303 38 46 2,
510 3302 113 40 1934;
676 3303 67 38 2c.
770 3303 113 46 July
910 3302 23 39 6;
990 3301 80 41 aff.
1099 3303 114 47 July
1238 3305 24 38 7;
1317 3305 40 37 A
1384 3305 167 46 73329;
1583 3305 148 40 Clark
1757 3306 127 39 univ.

304 3358 279 50 (34-21482)

220 3462 269 63 Roberts,
520 3462 274 64 Richard,
829 3463 166 53 1874-

293 3538 151 52 That
490 3542 227 63 strange
765 3556 128 33 man
943 3557 153 49 upon
1144 3539 87 52 his
1280 3558 150 35 cross
1500 3540 91 69 [by]
1647 3541 253 54 Richard
1952 3541 255 53 Roberts.

225 3613 135 52 New
399 3615 177 66 York,
616 3614 326 54 Cincinnati
985 3620 136 62 [etc.]
1165 3617 118 51 The
1321 3616 313 70 Abingdon
1671 3636 156 50 press
1889 3622 173 64 [c1934]

293 3686 83 40 139
407 3698 42 37 p.
510 3687 142 40 19½cm.

296 3743 126 41 “The
455 3744 255 39 substance
745 3743 50 39 of
828 3744 112 39 four
974 3744 203 40 lectures
1213 3745 241 40 delivered
1491 3748 52 38 at
1575 3747 119 40 Yale
1730 3746 267 47 university
2033 3760 58 28 on
2128 3747 81 41 the

226 3797 128 41 Kent
387 3798 189 41 Shaffer
607 3799 247 40 memorial
884 3800 666 42 foundation.”—Foreword.

229 3865 51 51 ©
317 3871 115 46 July
470 3870 37 47 9,
545 3871 138 45 1934;
723 3871 64 40 2c.
826 3872 94 38 and
957 3871 79 39 aff.
1077 3872 114 46 July
1227 3873 79 46 14;
1346 3874 42 37 A
1423 3873 169 47 73424;
1635 3875 54 39 R.
1728 3876 218 46 Roberts,
1984 3875 223 48 Toronto,

300 3926 210 40 Canada.
582 3926 277 48 (34-21626)
