2350 4196
1186 4014 133 49 1538

266 455 1990 54 © Oct. 29. 1934: 1c. Nov. 16: 1c. Nov. 9: aff. Nov. 6; A 77279; Charles
336 518 262 40 Scribner's
627 529 124 28 sons.
816 518 279 48 [Copyright
1124 519 39 37 is
1194 517 203 40 claimed
1428 527 59 27 on
1517 515 343 48 introduction]

344 575 278 46 (34-38568)

261 678 292 63 Barrows,
583 678 154 53 John
767 679 66 53 R.

334 754 167 53 Ubet.
549 756 74 65 by
671 756 156 55 John
875 757 65 50 R.
992 757 280 50 Barrows.
1360 754 292 65 Caldwell,
1700 754 108 51 Id..
1859 752 118 53 The
2031 752 223 54 Caxton
262 832 266 68 printers,
555 833 122 66 ltd.,
707 836 149 48 1931.

334 905 85 41 278
446 917 41 36 p.
543 906 127 39 illus.
728 905 57 40 19½
817 909 43 19 cm
866 939 6 6 .

338 964 285 38 Illustrated
653 966 96 44 t.-p.
779 975 59 27 on
865 963 24 38 2
918 965 174 39 leaves.

337 1021 36 37 A
403 1022 134 45 story
566 1020 50 38 of
645 1020 193 47 pioneer
868 1021 118 45 days
1016 1020 49 38 in
1092 1021 229 37 Montana
1352 1018 128 38 from
1509 1019 80 38 the
1617 1018 87 38 life
1735 1018 49 38 of
1814 1018 81 38 the
1925 1017 186 38 author.

270 1085 51 51 ©
354 1091 117 39 Nov.
504 1090 68 39 10.
606 1088 112 41 1934:
781 1089 65 41 2c.
879 1091 116 37 Nov.
1028 1092 54 37 17:
1146 1088 77 40 aff.
1258 1089 115 38 Nov.
1408 1087 56 40 19:
1525 1089 40 37 A
1599 1087 141 40 78174:
1806 1087 189 40 Caxton
2027 1085 227 48 printers,

336 1148 83 37 ltd.
493 1146 277 49 (34-38508)

266 1246 289 67 Behrend,
587 1250 137 52 Mrs.
761 1250 344 62 Genevieve,
1142 1252 170 49 1881-

333 1326 121 52 The
478 1343 259 35 romance
764 1326 112 52 and
901 1324 330 69 prophecies
1256 1324 63 54 of
1343 1326 96 50 the
1465 1324 177 54 Great
1667 1320 284 71 pyramid,
1977 1322 74 67 by
266 1323 1964 133 Genevieve
448 1403 282 52 Behrend.
803 1403 111 52 Los
939 1403 264 67 Angeles.
1231 1401 193 68 Calif.,
1450 1403 266 52 DeVorss
1741 1404 50 49 &
1820 1419 77 34 co.
1932 1435 11 32 [
1948 1407 17 20 c
1972 1403 135 49 1934
2110 1433 14 33 ]

336 1476 822 49 3 p. l. , 11-132, [1] p., 1 l. 19 cm .
272 1543 1984 51 © Oct. l. 1934: 2c. and aff. Nov. 13: A 77196: G. Behrend. Los Angeles.
348 1603 277 48 (34-38540)

267 1706 141 67 Bell,
444 1707 243 55 Charles
719 1707 223 65 Bailey,
979 1711 169 49 1869-

334 1785 121 51 The
487 1784 128 52 Bell
646 1784 169 52 witch;
879 1803 31 33 a
938 1783 336 68 mysterious
1304 1782 187 68 spirit,
1521 1783 75 67 by
1631 1782 234 55 Charles
1896 1781 201 66 Bailey
2131 1783 125 52 Bell

412 1862 329 66 [Nashville,
770 1861 155 52 Lark
951 1861 257 55 bindery,
1238 1868 18 19 c
1262 1864 149 62 1934]

337 1936 55 38 228
448 1947 42 36 p.
517 1936 108 39 incl.
652 1937 122 45 port.
834 1934 55 39 19½
921 1937 43 21 cm
970 1966 7 7 .

275 2002 53 50 ©
354 2005 99 40 Oct.
480 2004 69 42 29.
575 2004 138 41 1934:
743 2005 64 39 2c.
835 2005 116 38 Nov.
979 2005 23 38 3:
1060 2004 79 39 aff.
1167 2004 115 39 Nov.
1309 2004 54 38 12:
1421 2005 40 37 A
1489 2003 141 40 77200:
1687 2004 48 41 G.
1763 2005 53 39 B.
1846 2005 119 44 Bell,
1994 2001 264 41 Nashville.

352 2062 278 46 (34-38552)

270 2163 324 67 Blatchley,
625 2164 185 55 Willis
841 2164 261 65 Stanley,
1135 2168 168 49 1859-

344 2240 183 55 South
557 2242 266 54 America
855 2261 56 33 as
943 2244 31 51 I
1006 2260 112 35 saw
1150 2244 45 51 it;
1256 2243 96 52 the
1379 2242 385 53 observations
1796 2243 62 52 of
1891 2261 30 33 a
1951 2242 307 53 naturalist

273 2338 71 33 on
389 2321 97 53 the
533 2320 183 68 living
763 2319 319 55 conditions
1129 2320 61 51 of
1236 2323 75 52 its
1359 2339 254 34 common
1660 2322 228 66 people;
1938 2321 73 52 its
272 2325 1961 140 topography
488 2399 111 51 and

273 2397 1986 147 products; its animals and plants; by W. S. Blatchley … Indianapolis, The Nature publishing company, 1934.
340 2548 84 41 391
452 2559 43 38 p.
548 2548 162 48 front.,
737 2548 118 41 fold.
881 2558 124 38 map.
1062 2547 57 41 19½
1149 2550 43 21 cm
1196 2579 8 7 .

276 2615 51 51 ©
360 2620 116 39 Nov.
510 2620 66 38 12.
610 2619 138 39 1934:
781 2618 64 39 2c.
879 2619 116 39 Nov.
1029 2620 80 37 15:
1147 2619 78 39 aff.
1260 2620 114 37 Nov.
1410 2621 80 37 14:
1525 2621 41 37 A
1602 2619 140 40 78089:
1804 2620 70 40 W.
1912 2619 42 41 S.
1990 2618 271 48 Blatchley,

345 2675 346 47 Indianapolis.
763 2675 276 47 (34-38333)

276 2776 301 66 Brandeis,
611 2780 177 51 Louis
823 2776 288 65 Dembitz,
1148 2784 169 48 1856-

340 2856 120 51 The
497 2856 215 54 Jewish
751 2856 271 66 problem,
1059 2858 125 51 how
1221 2863 57 46 to
1317 2859 150 52 solve
1505 2858 72 67 it;
1621 2859 138 52 with
1798 2878 31 33 a
1864 2857 392 68 biographical

270 2932 1925 71 sketch of Justice Louis D. Brandeis by Joseph Saslaw …
269 3008 324 69 Cleveland,
623 3010 65 55 O.
741 3011 53 53 [J.
829 3011 233 67 Saslaw,
1090 3019 17 20 c
1113 3017 147 63 1934]

343 3082 765 48 2 p. l. , 9-31 p. port. 22½c m .
345 3139 143 39 “New
518 3139 224 40 edition.”

346 3195 265 41 “Brandeis
644 3197 81 38 the
757 3196 214 48 liberal”,
1005 3197 127 40 from
1163 3209 61 29 an
1256 3200 201 40 address
1491 3201 242 40 delivered
1764 3201 60 47 by
1860 3201 180 47 Joseph
2076 3200 185 41 Saslaw

275 3262 111 29 over
417 3252 182 40 station
629 3253 207 47 WTAM,
869 3253 271 48 Cleveland,
1173 3255 133 48 Ohio,
1338 3267 58 28 on
1430 3257 218 47 January
1676 3258 69 47 14,
1776 3257 112 40 1933:
1947 3268 43 37 p.
2020 3257 158 39 27-31.

278 3305 51 51 ©
359 3309 100 41 Oct.
489 3310 67 39 13.
585 3309 139 46 1934;
756 3309 65 40 2c.
852 3312 93 38 and
976 3311 78 39 aff.
1088 3312 97 40 Oct.
1217 3314 80 39 15:
1330 3316 41 36 A
1396 3314 170 40 76547:
1601 3315 179 47 Joseph
1815 3315 196 40 Saslaw.

355 3365 277 50 (34-38693)

272 3464 231 69 Brown,
532 3469 218 55 Nelson
782 3472 366 67 Courtlandt,
1180 3480 170 51 1885-

338 3544 647 72 Logging—principles
1019 3552 110 51 and
1161 3553 273 65 practices
1464 3553 61 51 in
1556 3554 95 50 the
1679 3550 219 56 United
1929 3549 188 56 States
2149 3551 112 53 and

271 3620 1987 75 Canada, by Nelson Courtlandt Brown … New York, J. Wiley
269 3700 44 48 &
337 3717 144 48 sons,
505 3701 106 52 inc.;
668 3702 256 60 London,
952 3705 296 68 Chapman
1272 3709 46 50 &
1340 3708 160 64 Hall,
1525 3705 238 67 limited,
1791 3708 148 50 1934.

339 3774 114 44 xvii,
485 3773 84 40 284
600 3785 41 36 p.
705 3774 142 50 illus.,
878 3765 178 61 diagrs.
1116 3777 56 40 23½
1204 3782 42 21 cm
1253 3811 7 7 .
1379 3778 128 48 $3.50

342 3827 370 51 Bibliography:
746 3842 43 37 p.
820 3833 215 41 263-282.

276 3877 51 51 ©
356 3883 99 40 Oct.
484 3885 37 39 6.
552 3886 138 47 1934;
721 3887 64 41 2c.
816 3890 99 40 Oct.
946 3891 52 40 S:
1029 3892 80 38 aff.
1140 3894 101 37 Oct.
1272 3893 50 39 9:
1355 3894 39 36 A
1426 3891 167 40 75929:
1624 3892 54 38 N.
1712 3892 47 40 C.
1788 3892 189 38 Brown.
2012 3890 248 46 Syracuse,

389 3972 7 6 N.
429 3941 46 37 Y.
548 3944 276 49 (34-38376)
