2350 4296
1097 3991 131 53 1257

183 355 1986 70 American bankruptcy reports. New series, cited Am. B. R .
259 436 95 60 (N.
404 435 84 68 S.)
544 438 298 66 reporting
886 437 92 50 the
1024 434 359 66 bankruptcy
1431 433 275 53 derisions
1753 434 110 51 and
1910 434 262 67 opinions

246 514 57 51 in
339 514 94 52 the
466 515 213 53 United
721 516 188 54 States
943 513 62 53 of
1036 514 94 51 the
1165 513 216 52 federal
1420 517 204 61 courts,
1657 516 144 47 state
1836 517 189 48 courts
2060 513 109 51 and

247 592 239 51 referees
542 595 56 49 in
658 593 376 66 bankruptcy.
1128 591 211 52 Edited
1397 591 73 66 by
1528 590 148 52 Fred
1736 591 64 50 E.
1916 592 254 52 Rosbrook.

246 669 1906 68 Vol. XXV. Albany, N. Y., Matthew Bender & company,
244 750 418 66 incorporated,
697 752 147 48 1934.

245 823 113 46 xvii,
390 822 54 41 808
502 833 42 37 p.
601 822 114 38 24cm.

179 891 51 52 ©
261 896 99 40 Oct.
392 896 67 41 17,
492 897 139 38 1934:
664 895 63 40 2c.
763 896 100 39 Oct.
968 906 6 34 19;
1011 906 80 27 aff.
1125 895 100 38 Oct.
1258 895 80 44 18;
1372 893 39 39 A
1442 892 169 48 75841;
1647 893 235 39 Matthew
1916 894 191 39 Bender
2137 897 36 37 &

247 964 79 35 co.,
363 954 87 38 inc.

175 1073 311 52 American
520 1073 109 51 law
658 1077 233 58 reports
919 1073 340 50 annotated.

247 1154 362 53 Cumulative
650 1155 168 52 index
859 1155 62 53 of
959 1155 93 51 the
1093 1155 300 51 American
1437 1154 107 51 law
1584 1157 221 62 reports
1847 1153 322 50 annotated,

213 1231 1960 69 v ols. 88-92. Combining cases and annotations. R ochester,
175 1312 67 51 N.
275 1313 89 58 Y.,
396 1312 116 52 The
549 1313 262 65 Lawyers
841 1312 380 67 co-operative
1254 1311 335 67 publishing
1619 1327 279 49 company;
175 1310 1971 148 North-port,

363 1391 61 50 L.
468 1392 66 55 L.,
575 1392 68 51 N.
687 1393 68 50 Y.,
816 1390 249 53 Edward
1110 1391 323 66 Thompson
1480 1406 306 50 company:
1835 1389 113 54 San
175 1390 1969 134 Francisco,
371 1468 192 60 Calif.,
599 1469 582 60 Bancroft-Whitney
1216 1486 297 49 company,
1549 1467 150 52 1934.

245 1544 57 40 366
359 1554 41 37 p.
459 1543 115 40 24cm.

176 1611 51 51 ©
257 1615 99 40 Oct.
385 1615 66 40 12,
479 1614 139 47 1934;
646 1616 64 38 2c.
740 1614 100 41 Oct.
868 1615 80 43 16;
979 1613 79 40 aff.
1088 1613 100 40 Oct.
1216 1612 81 41 18;
1326 1612 40 39 A
1394 1611 168 45 76630;
1593 1612 229 46 Lawyers
1849 1611 324 47 co-operative

246 1673 106 45 puh.
385 1683 80 29 co.,
500 1672 211 39 Edward
744 1672 274 46 Thompson
1052 1680 66 30 co.
1155 1671 92 38 and
1284 1668 488 46 Bancroft-Whitney
1807 1679 64 29 co.

175 1788 314 55 American
533 1792 108 51 law
686 1794 221 64 reports
951 1789 323 53 annotated.
1357 1788 233 53 Editors
1633 1787 60 52 in
1737 1787 170 64 chief,
1952 1789 220 66 George

244 1868 74 51 H.
362 1870 262 51 Parmele
663 1869 110 55 and
816 1869 76 51 M.
935 1866 163 54 Blair
1136 1866 215 54 Wailes;
1423 1865 326 68 consulting
1788 1865 202 54 editor,
244 1865 1904 133 William
415 1948 79 51 M.
528 1947 358 66 McKinney;
928 1946 308 67 managing
1273 1945 230 55 editors,
1542 1944 234 55 Charles
1818 1942 354 64 Porterfield,

248 2023 1921 146 Edwin Stacey Oakes, assisted by the exceptionally experienced editorial organizations of the publishers. v. 92.
244 2181 323 52 Rochester.
625 2182 67 51 N.
753 2184 90 51 Y.,
900 2182 118 53 The
1076 2183 266 63 Lawyers
1400 2179 381 69 co-operative
1839 2179 335 69 publishing

245 2277 306 50 company;
587 2261 340 66 Northport,
959 2261 63 50 L.
1057 2261 66 56 I.,
1153 2261 67 51 N.
1255 2262 70 50 Y.,
1378 2260 254 52 Edward
1664 2260 327 67 Thompson
243 2277 1905 127 company;
477 2338 116 53 San
637 2337 322 59 Francisco,
1007 2338 192 58 Calif.,
1246 2339 585 53 Bancroft-Whitney
1876 2355 297 50 company,

245 2419 149 50 1934.

243 2490 476 47 viii, 1619 p. 25 ½ cm.
177 2558 51 52 ©
254 2562 102 41 Oct.
382 2562 67 47 12,
477 2562 139 44 1934;
645 2562 67 40 2c.
740 2561 100 41 Oct.
869 2563 79 40 16;
979 2573 80 28 aff.
1088 2561 98 40 Oct.
1215 2562 81 45 18;
1326 2562 39 38 A
1393 2561 169 47 76631;
1593 2562 229 46 Lawyers
1848 2560 325 47 co-operative

243 2630 63 37 pub.
382 2630 80 35 co.,
494 2620 210 38 Edward
735 2619 275 47 Thompson
1041 2628 63 30 co.
1138 2620 93 38 and
1261 2619 490 47 Bancroft-Whitney
1783 2629 64 29 co.

175 2739 273 50 Arizona.
523 2738 277 66 Supreme
830 2744 174 46 court.

245 2821 1927 68 Report of cases argued and determined … from October
178 2903 78 58 18,
310 2902 150 52 1932,
508 2906 60 46 to
618 2900 196 51 March
870 2903 83 50 28,
1007 2903 148 48 1933.
1231 2901 162 51 Alice
1444 2902 77 50 M.
1575 2900 273 54 Birdsall,
1899 2905 271 59 reporter.

224 2975 1807 69 v. 41. San Francisco, Bancroft-Whitney company. 1934.
244 3062 145 28 XXXV.
420 3050 82 39 621
533 3061 42 37 p.
631 3049 145 39 22½cm.

178 3119 50 50 ©
255 3123 101 40 Oct.
381 3123 68 46 11,
474 3121 114 41 1934;
643 3121 65 40 2c.
737 3121 101 40 Oct.
864 3121 54 39 22;
975 3121 79 40 aff.
1085 3121 101 40 Oct.
1211 3121 82 47 20;
1322 3122 40 38 A
1389 3120 143 42 75889;
1588 3122 134 39 Alice
1750 3122 61 40 M.
1839 3120 229 48 Birdsall,
2095 3121 78 39 for

246 3180 81 39 the
355 3178 175 41 benefit
559 3179 51 39 of
640 3179 80 39 the
750 3180 128 37 state
909 3178 51 39 of
988 3178 224 48 Arizona,
1244 3178 230 43 Phoenix,
1504 3178 127 42 Ariz.

193 3295 446 66 [Brandenburg,
671 3297 210 53 Albert
911 3277 222 84 Jacques]
1224 3297 168 53 1878-

241 3381 55 52 A
327 3382 148 52 little
508 3380 223 54 French
767 3380 127 68 boy,
1034 3379 205 54 Albert
1270 3380 257 53 Erlande
1572 3379 195 70 [pseud.];
1857 3378 317 54 translated

174 3460 110 52 and
320 3459 247 68 adapted
604 3458 152 52 from
790 3458 96 52 the
922 3458 221 52 French
1180 3457 77 69 by
1291 3458 218 54 Helene
1542 3458 246 53 Harvitt
1822 3458 114 53 and
1970 3454 203 56 Aileen

177 3534 173 70 Shea;
386 3536 290 70 drawings
707 3536 77 69 by
817 3535 174 54 Doris
1029 3533 247 72 Spiegel.
1341 3535 140 54 New
1516 3535 183 69 York,
1733 3535 71 53 A.
1841 3534 71 55 A.
1950 3532 225 71 Knopf,

176 3616 147 51 1934.

244 3684 932 51 4 p. l., 3-162 p., 1 l. illus. 19½cm.
248 3742 282 42 Illustrated
565 3746 95 44 t.-p.
696 3743 91 39 and
822 3742 360 48 lining-papers.

247 3799 160 41 “First
437 3800 252 39 American
722 3799 226 40 edition.”

181 3868 48 52 ©
263 3874 126 47 Sept.
421 3877 67 42 24,
521 3873 138 41 1934;
694 3872 63 39 2c.
792 3874 91 38 and
918 3873 77 40 aff.
1068 3879 91 37 Sept.
1191 3875 80 37 27:
1305 3874 40 39 A
1379 3874 168 39 76176:
1581 3873 169 41 Alfred
1788 3876 49 39 A.
1872 3875 179 48 Knopf,
2083 3875 91 41 inc.

257 3930 278 48 (34-31641)
