2350 4196
1064 4010 131 50 1325

139 357 336 63 Goettsche,
505 358 200 63 Harty
735 358 62 54 C.

210 436 268 64 Brewery
514 434 366 68 accounting;
919 434 274 67 complete
1227 437 209 63 system
1472 432 112 51 and
1621 430 198 69 forms,
1853 431 74 67 by
1964 431 77 52 K.
2080 431 62 55 C.

140 509 2004 68 Goettsche … Crawfordsvilie, Ind., R. R. Donnelley & sons
139 608 97 47 co.,
274 592 149 49 1934.

210 660 952 51 ix p., 1 l., 279 p. incl. forms. 22 cm .
211 719 510 48 Photolithographed.

213 776 212 41 “Second
457 775 227 42 edition.”

147 844 50 51 ©
231 849 119 46 Aug.
383 849 67 46 31,
483 847 141 46 1934;
659 849 64 38 2c.
763 848 126 48 Sept.
923 849 51 45 1;
1128 847 125 47 Sept.
1289 846 82 47 26;
1408 848 40 37 A
1482 845 170 48 76243;
1689 847 59 39 H.
1785 848 48 40 C.
1870 846 271 47 Goettsche,

214 904 221 48 Chicago.
501 905 281 48 [Copyright
816 906 40 38 is
891 905 204 40 claimed
1128 914 59 30 on
1221 904 237 40 revisions
1492 905 95 38 and
1623 904 260 48 additions]

223 961 279 49 (34-33631)

139 1064 318 66 Goodman,
486 1066 247 53 Nathan
764 1067 244 64 Gerson,
1042 1069 170 49 1899-

211 1142 307 68 Benjamin
586 1142 178 69 Rush,
831 1143 300 68 physician
1201 1142 113 53 and
1383 1142 221 66 citizen,
1673 1141 329 69 1746-1813,
2069 1142 74 68 by

142 1220 233 54 Nathan
413 1219 69 56 G.
523 1219 317 56 Goodman.
916 1219 428 69 Philadelphia,
1382 1219 339 71 University
1764 1219 64 54 of
144 1219 1976 132 Pennsylvania
344 1317 175 51 press,
555 1301 148 51 1934.

213 1369 1312 52 6 p. l., 421 p. front., plates, ports., facsim. 23½cm.
213 1428 374 48 Bibliography:
619 1439 43 38 p.
697 1428 247 51 [377]-406.

146 1498 50 51 ©
230 1502 127 47 Sept.
388 1503 38 46 7,
458 1501 140 48 1934;
631 1501 66 42 2c.
727 1504 95 38 and
971 1502 126 47 Sept.
1130 1503 80 39 33:
1245 1502 40 38 A
1316 1500 169 48 75262;
1520 1501 283 47 University
1831 1502 53 38 of
215 1502 1909 97 Pennsylvania
388 1570 149 37 press.
609 1559 279 48 (34-33318)

142 1662 253 67 [Graetz,
426 1664 221 67 André]
682 1666 173 50 1902-

272 1742 1519 67 … D’un ancien amour. [Paris] Gallimard [1934]
216 1814 621 49 2 p. l., [7]-205 p. 18 cm .
217 1871 229 41 Author’s
472 1872 180 47 pseud.,
680 1872 163 39 André
869 1871 188 49 Garcet,
1085 1874 51 38 at
1161 1873 123 38 head
1313 1872 51 40 of
1390 1873 121 41 title.

147 1939 1941 52 © June 1, 1934; 1c. July 24: A-Foreign 25274: Librairie Gallimard.
224 2000 279 48 (34-34740)

146 2104 261 66 Guériot,
436 2106 163 55 Paul.

276 2181 1871 69 … Napoleon III. t. 2. L’évolution vers l’empire libéral. —
145 2259 444 53 L’insurrection
647 2261 289 67 polonaise
992 2261 66 51 de
1116 2264 222 48 1863.—
1339 2261 77 50 Le
1477 2259 433 68 Mexique.—La
144 2266 1975 139 catastrophe
380 2339 67 51 de
482 2337 407 54 1870.—L'exil
921 2343 57 47 et
1005 2340 55 50 la
1088 2345 164 46 mort.
1328 2339 185 67 Paris,
1545 2342 204 64 Pavot,
1785 2341 147 49 1934.

213 2412 1187 49 3 p. l., [7]-334 p. (Bibliothèque historique)
147 2479 50 51 ©
228 2484 115 46 July
372 2484 68 47 18,
470 2483 140 46 1934;
700 2514 7 6 1c.
739 2484 118 39 Nov.
888 2483 51 47 6;
970 2483 100 38 A-
1074 2483 206 47 Foreign
1310 2482 169 41 26037:
1512 2484 167 47 Payot.

143 2585 132 66 Hill,
305 2588 207 63 Henry
542 2588 210 63 Chase,
784 2605 178 46 comp.

221 2663 120 52 The
366 2682 119 35 new
512 2663 251 55 Wonder
787 2664 145 51 book
959 2663 62 52 of
1048 2664 355 67 knowledge;
1433 2665 94 52 the
1556 2665 242 51 marvels
1826 2663 62 51 of
1916 2662 227 53 modern

149 2741 262 69 industry
467 2743 112 51 and
629 2741 309 68 invention,
989 2742 94 53 the
1135 2742 336 68 interesting
1525 2743 197 52 stories
1776 2742 61 51 of
1892 2758 250 36 common

154 2821 209 66 things,
401 2821 95 51 the
535 2819 337 69 mysterious
912 2838 280 49 processes
1232 2821 62 51 of
1335 2827 201 46 nature
1578 2821 209 66 simply
1828 2820 320 67 explained,

152 2898 275 67 compiled
453 2898 110 52 and
588 2898 279 68 arranged
892 2898 71 68 by
989 2898 200 67 Henry
1213 2898 180 54 Chase
1415 2898 147 68 Hill,
1586 2898 137 52 with
1747 2899 95 53 the
152 2915 1967 113 co-operation

300 2976 62 52 of
393 2983 226 60 experts
650 2976 391 68 representing
1072 2977 133 53 each
1238 2977 291 67 industry;
1563 2977 188 53 edited
1784 2976 106 52 and
1927 2976 215 54 revised

157 3052 1989 71 by Will H. Johnston … illustrated with 700 photographs and
151 3132 301 68 drawings.
524 3132 423 68 Philadelphia,
982 3131 247 70 Chicago
1267 3138 136 63 [etc.]
1444 3134 120 51 The
1598 3134 152 53 John
1788 3132 60 55 C.
1883 3133 260 53 Winston

151 3213 491 65 company [ c 1934]
220 3282 1284 49 1 p. l., 600 p. col. front., illus., diagrs. 23½ cm .
153 3337 1994 55 © Aug. 30, 1934; 2c. Oct. 1: Sept. 29: A 76236; Will H. Johnston,
219 3399 355 48 Philadelphia.
639 3399 278 49 [Copyright
953 3401 41 38 is
1030 3400 202 40 claimed
1268 3412 59 28 on
1363 3402 237 39 revisions
1637 3403 94 38 and
1769 3401 261 48 additions]

230 3456 278 47 (34-33302)

150 3555 336 69 Hitchcock,
520 3560 209 54 Alfred
763 3559 303 65 Marshall,
1099 3564 172 50 1868-

224 3638 49 51 A
307 3639 137 51 New
479 3639 270 65 England
781 3639 281 67 boyhood,
1093 3639 75 67 by
1202 3641 211 52 Alfred
1446 3642 78 50 M.
1560 3640 334 52 Hitchcock.
154 3641 1968 130 [Rahway,
329 3718 68 51 N.
436 3718 74 64 J.]
558 3718 153 51 Priv.

752 3717 174 66 print.
972 3717 212 66 [Quinn
1221 3722 44 49 &
1303 3720 198 51 Boden
1539 3737 96 47 co.]
1682 3722 149 49 1934.

224 3788 558 48 3 p. l., 153 p. 19½ cm .
156 3841 1991 54 © Sept. 25, 1934; 2c. Sept. 1; aff. Sept. 29: A 76244: A. M. Hitchcock,
221 3903 133 40 West
380 3904 258 39 Hartford.
668 3904 145 40 Conn.
886 3904 279 48 (34-33256)
