2350 4196
1107 4071 129 49 1551

157 418 217 63 Smart,
403 416 254 55 William
689 417 172 54 John.

225 493 181 53 Uncle
437 494 133 55 Sam
600 495 111 52 and
739 493 147 55 Jack
916 491 247 57 Canuck.

237 567 76 46 (In
345 564 121 42 Erin
494 564 253 49 advocate,
775 563 112 42 Dec.
918 564 69 47 13,
1019 561 142 49 1934)

161 615 1993 56 © 1c. Dec. 14. 1934; A ad int. 19775; pubd. Dec. 13; W. J. Smart, Erin,
229 681 215 40 Ontario.
474 681 212 39 Canada.

158 767 212 66 Smith,
400 769 288 53 Ambrose
717 770 224 62 Marye,
972 772 171 49 1881-

228 848 55 51 A
324 848 360 64 supplement
727 852 59 46 to
828 847 95 51 the
967 843 388 68 Compilation
1399 844 63 51 of
1503 843 310 52 Louisiana
1856 847 144 47 state
2045 840 111 53 and

158 920 1999 71 municipal bonds … by Ambrose M. Smith … [New Orleans,
159 1002 216 67 Rogers
405 1001 264 68 printing
697 1020 279 49 company,
1022 1009 17 20 c
1046 1004 148 62 1934]

229 1076 187 46 40 p. 26½cm.
233 1133 200 39 “Issued
462 1133 126 38 June
617 1132 126 47 30th,
775 1131 155 40 1934.''

165 1184 1996 53 © June 30, 1934; 2c. and aff. Aug. 10: A 73823; A. M. Smith, New
234 1247 217 40 Orleans.

161 1317 214 67 Smith,
406 1320 233 54 Arthur
668 1320 265 65 Douglas
960 1320 278 62 Howden,
1272 1319 171 53 1887-

232 1397 153 50 Alan
413 1396 185 54 Breck
625 1397 187 67 again,
839 1395 169 68 being
1034 1414 70 34 an
1133 1400 234 48 account
1392 1395 63 52 of
1479 1395 96 53 the
1602 1394 336 55 adventures
1967 1394 63 53 of
2056 1393 107 51 Ian

163 1473 397 67 MacDonnell,
596 1473 62 52 of
692 1474 137 52 New
864 1473 179 68 York,
1079 1474 111 52 and
1223 1472 88 53 his
1346 1472 453 67 foster-brother,
166 1472 1996 147 Ho-no-we-na-to,

369 1569 95 35 son
494 1557 56 48 to
581 1552 94 52 the
704 1550 314 69 Onondaga
1048 1552 265 68 royaneh,
1340 1552 61 51 in
1430 1550 96 53 the
1556 1569 190 35 course
1775 1550 62 52 of
1867 1568 28 33 a
1924 1549 239 68 journey

166 1635 57 45 to
252 1628 271 55 Scotland
552 1629 57 52 in
638 1629 94 53 the
759 1647 135 50 year
926 1627 150 70 1755,
1107 1629 110 52 and
1248 1629 64 53 of
1339 1626 148 54 their
1516 1630 355 66 experiences
1900 1627 139 52 with
2069 1629 96 53 the

162 1706 224 53 famous
413 1706 259 54 Jacobite
704 1711 186 64 agent,
920 1706 151 53 Alan
1102 1706 182 53 Breck
1317 1706 264 67 Stewart,
1612 1706 108 52 and
1753 1707 93 52 the
1875 1707 292 52 notorious

166 1802 123 50 spy,
325 1784 214 68 Pickle,
574 1803 59 35 as
666 1784 266 68 likewise,
968 1785 63 52 of
1064 1785 149 53 their
1249 1790 243 63 attempt
1528 1789 56 51 to
1623 1804 224 33 recover
1881 1786 95 53 the
2011 1785 153 53 Loch

171 1861 220 69 Arkaig
421 1867 250 47 treasure
703 1880 69 34 on
804 1862 197 53 behalf
1031 1861 63 54 of
1124 1862 204 54 Prince
1361 1861 236 55 Charles
1629 1861 217 69 Stuart,
1879 1862 286 55 miscalled

168 1938 93 54 the
293 1939 211 68 Young
531 1939 327 67 Pretender,
887 1940 95 53 the
1008 1940 182 52 which
1224 1940 288 54 narrative
1543 1941 102 51 has
1672 1941 133 52 been
1837 1941 188 54 edited
2055 1940 112 55 and

169 2016 316 68 Englished
514 2016 34 52 by
619 2016 222 55 Arthur
871 2017 68 55 D.
969 2018 259 52 Howden
1261 2017 203 53 Smith.
1532 2018 136 52 New
1700 2018 178 67 York,
1910 2018 259 70 Coward,

169 2093 278 69 McCann,
475 2094 107 53 inc.
615 2129 12 33 [
632 2102 18 21 c
655 2097 135 49 1934
795 2128 12 34 ]

237 2164 99 49 303,
368 2166 54 48 [1]
453 2176 43 37 p.
554 2166 52 38 21
612 2168 44 21 cm
662 2198 7 7 .

236 2222 140 40 Head
405 2224 94 38 and
530 2223 89 40 tail
649 2224 170 46 pieces.

241 2280 139 47 Maps
408 2290 58 29 on
493 2280 364 47 lining-papers.

239 2337 41 39 A
305 2337 337 40 continuation
670 2337 52 39 of
748 2338 84 39 the
857 2338 294 40 adventures
1177 2339 50 38 of
1256 2340 181 39 Robert
1465 2341 146 39 Louis
1642 2341 305 41 Stevenson's
1976 2343 193 40 famous

171 2394 266 39 character.

176 2450 1995 57 © Oct. 29, 1934; 2c. Nov. 9; aff. Nov. 17: A 77296; A. D. H. Smith,
242 2512 116 39 New
395 2512 143 38 York.
612 2511 279 47 (34-38525)

172 2583 305 68 Snowden,
506 2585 192 66 Philip
728 2587 304 64 Snowden,
1061 2589 274 54 viscount,
1368 2593 171 49 1864-

242 2663 95 52 An
392 2665 476 67 autobiography,
921 2666 74 65 by
1048 2666 216 67 Philip,
1317 2666 261 54 viscount
1633 2668 299 54 Snowden,
2021 2690 50 31 v.
2126 2675 46 48 2.

178 2745 322 48 1919-1934.
575 2743 259 65 London,
871 2745 46 50 I.
955 2743 306 54 Nicholson
1301 2746 112 51 and
1448 2749 258 55 Watson,
1743 2748 241 58 limited,
2025 2753 147 48 1934.

245 2815 1328 51 vii, 525-1094 p., 1 l. front., plates, ports. 23 cm .
275 2873 132 39 "First
439 2872 225 41 edition.”

180 2926 1995 57 © 1c. Dec. 19, 1934; A ad int. 19762: pubd. Oct. 23: Philip Snowden.
248 2986 204 41 Tilford.
481 2988 191 45 Surrey,
701 2988 235 45 England.

176 3058 263 68 Solberg,
470 3061 247 54 Charles
748 3062 194 64 Orrin,
979 3066 172 50 1869-

244 3139 121 51 The
390 3138 109 53 call
525 3144 56 47 to
608 3139 237 67 service;
874 3158 80 49 or,
980 3140 120 52 The
1125 3141 291 68 challenge
1442 3143 64 53 of
1531 3164 30 32 a
1588 3145 379 53 constructive
1995 3144 180 69 faith;

176 3235 29 33 a
239 3217 172 66 study
444 3216 57 52 in
535 3216 94 52 the
660 3216 293 53 Lutheran
985 3218 105 53 life
1123 3219 63 51 of
1216 3220 95 52 the
1342 3220 217 54 United
1595 3221 205 69 States,
1832 3223 75 67 by
1941 3223 236 56 Charles

178 3294 2002 76 Orrin Solberg … Minneapolis, Minn., Augsburg publishing
178 3371 187 63 house,
397 3375 149 49 1934.

248 3444 64 48 xi,
343 3445 87 40 148
457 3456 43 37 p.
560 3444 150 41 front,
740 3443 172 49 (port.)
980 3446 58 40 19½cm.

187 3496 1992 60 © Oct. 29. 1934; 2c. Nov. 3; aff. Oct. 31; A 77071; C. O. Solberg, St.
254 3559 154 44 Peter,
444 3558 148 41 Minn.
665 3558 279 47 (34-38550)

184 3630 310 62 Spectator
522 3649 100 48 co.,
649 3636 139 50 New
817 3637 176 51 York.

256 3707 132 53 Fire
423 3712 298 51 insurance
755 3713 154 56 laws,
943 3718 157 47 taxes
1137 3716 110 51 and
1282 3716 144 59 fees;
1466 3718 333 67 containing
1834 3738 27 32 a
1899 3720 184 66 digest
2119 3721 63 51 of

187 3786 91 53 the
317 3791 286 61 statutory
643 3789 404 66 requirements
1085 3792 60 51 in
1181 3793 94 52 the
1313 3793 217 55 United
1571 3794 188 54 States
1798 3797 110 52 and
1948 3799 229 53 Canada

188 3864 249 67 relating
476 3871 58 46 to
576 3863 102 54 fire
716 3866 296 55 insurance
1056 3872 320 65 companies
1420 3874 110 50 and
1575 3877 213 63 agents,
1833 3875 134 52 with
2013 3896 170 33 manv

189 3943 323 61 quotations
558 3943 151 51 from
756 3945 93 52 the
896 3951 267 53 statutes;
1214 3949 114 52 also
1377 3969 26 32 a
1453 3951 370 66 compilation
1868 3953 63 51 of
1976 3960 207 61 county
