<alto xmlns="http://www.loc.gov/standards/alto/ns-v3#" xmlns:xsi="http://www.w3.org/2001/XMLSchema-instance" xsi:schemaLocation="http://www.loc.gov/standards/alto/ns-v3# http://www.loc.gov/alto/v3/alto-3-0.xsd"><Description>
<MeasurementUnit>pixel</MeasurementUnit>
<sourceImageInformation>
<fileName>1934_v1_Part1.pdf</fileName>
</sourceImageInformation>
<OCRProcessing ID="IdOcr">
<ocrProcessingStep>
<processingDateTime>2019-01-10</processingDateTime>
<processingSoftware>
<softwareCreator>ABBYY</softwareCreator>
<softwareName>ABBYY Recognition Server</softwareName>
<softwareVersion>4.0</softwareVersion>
</processingSoftware>
</ocrProcessingStep>
</OCRProcessing>
</Description>
<Styles>
<ParagraphStyle ALIGN="Left" FIRSTLINE="0." ID="StyleId-FFFFFFFF-FFFF-FFFF-FFFF-FFFFFFFFFFFF-" LEFT="0." RIGHT="0." />
<ParagraphStyle ALIGN="Right" FIRSTLINE="0." ID="StyleId-521E1FC6-FE7E-43A4-90E6-A9B61626A263-" LEFT="0." LINESPACE="13.30000019" RIGHT="0." />
<ParagraphStyle ALIGN="Left" FIRSTLINE="-27." ID="StyleId-639B624E-F6F5-47B6-BB1D-34E64B53022F-" LEFT="0." LINESPACE="13.43999958" RIGHT="0." />
<ParagraphStyle ALIGN="Left" FIRSTLINE="0." ID="StyleId-100905F9-D385-406B-A5BD-ED5B8FD85431-" LEFT="0." RIGHT="0." />
<ParagraphStyle ALIGN="Left" FIRSTLINE="-27." ID="StyleId-7C9F9BA2-EF3A-4B7F-8486-CCC7B7F49B39-" LEFT="0." LINESPACE="18.71999931" RIGHT="0." />
<ParagraphStyle ALIGN="Block" FIRSTLINE="-27." ID="StyleId-350780E3-60F2-4605-88F5-BB54F9B87091-" LEFT="0." LINESPACE="18.71999931" RIGHT="0." />
<ParagraphStyle ALIGN="Left" FIRSTLINE="0." ID="StyleId-90B16C58-D795-4C77-9B89-30378C515D40-" LEFT="0." LINESPACE="14.39999962" RIGHT="0." />
<ParagraphStyle ALIGN="Right" FIRSTLINE="-27." ID="StyleId-17090E09-AFAF-4086-BD9B-4E99FAE6B057-" LEFT="0." LINESPACE="14.39999962" RIGHT="0." />
<ParagraphStyle ALIGN="Left" FIRSTLINE="-27." ID="StyleId-8B87B633-89DB-4D72-B1FC-26E4ABD680BC-" LEFT="0." LINESPACE="18.47999954" RIGHT="0." />
<ParagraphStyle ALIGN="Left" FIRSTLINE="0." ID="StyleId-42DA7417-CA90-4D71-A57B-06556C38D752-" LEFT="0." LINESPACE="13.30000019" RIGHT="0." />
<ParagraphStyle ALIGN="Block" FIRSTLINE="0." ID="StyleId-D8EE2A7E-42AE-4E35-98DB-F0F935637AA0-" LEFT="0." LINESPACE="6.599999905" RIGHT="0." />
<ParagraphStyle ALIGN="Left" FIRSTLINE="0." ID="StyleId-33CD3121-D4F5-43B6-BA96-6382D166E6B8-" LEFT="0." LINESPACE="15.5" RIGHT="0." />
<ParagraphStyle ALIGN="Block" FIRSTLINE="-21." ID="StyleId-1CE52AFA-C319-4DD9-B4B1-F0EBFA2B3F0B-" LEFT="0." LINESPACE="18.71999931" RIGHT="0." />
<ParagraphStyle ALIGN="Left" FIRSTLINE="0." ID="StyleId-B74F1B65-92F1-49C5-A5FA-D20442F031F2-" LEFT="0." LINESPACE="17.70006076" RIGHT="0." />
<ParagraphStyle ALIGN="Center" FIRSTLINE="0." ID="StyleId-79E2924A-215C-40B7-B577-7236BFBAA25E-" LEFT="0." LINESPACE="7.199999809" RIGHT="0." />
</Styles>
<Layout>
<Page HEIGHT="4196" ID="Page1587" PHYSICAL_IMG_NR="1587" WIDTH="2350">
<TopMargin HEIGHT="387" HPOS="0" VPOS="0" WIDTH="2350">
</TopMargin>
<LeftMargin HEIGHT="3729" HPOS="0" VPOS="387" WIDTH="130">
</LeftMargin>
<RightMargin HEIGHT="3729" HPOS="2169" VPOS="387" WIDTH="181">
</RightMargin>
<BottomMargin HEIGHT="80" HPOS="0" VPOS="4116" WIDTH="2350">
</BottomMargin>
<PrintSpace HEIGHT="3729" HPOS="130" VPOS="387" WIDTH="2039">
<TextBlock HEIGHT="60" HPOS="1056" ID="Page1587_Block1" LANG="en-US" STYLEREFS="StyleId-84419B53-91B6-4E27-B1C3-BDA2046571EC-" VPOS="4056" WIDTH="131">
<TextLine HEIGHT="49" HPOS="1062" VPOS="4062" WIDTH="125">
<String CONTENT="1587" HEIGHT="49" HPOS="1062" VPOS="4062" WIDTH="125" />
</TextLine>
</TextBlock>
<TextBlock CS="1" HEIGHT="3635" HPOS="130" ID="Page1587_Block2" LANG="en-US" STYLEREFS="StyleId-6EE71534-73AD-4263-BD46-A9F37A315AD7-" VPOS="387" WIDTH="2039">
<TextLine CS="1" HEIGHT="50" HPOS="209" VPOS="491" WIDTH="1351">
<String CONTENT="vi," HEIGHT="47" HPOS="209" VPOS="493" WIDTH="59" />
<SP HEIGHT="47" HPOS="269" VPOS="493" WIDTH="27" />
<String CONTENT="194" HEIGHT="40" HPOS="297" VPOS="493" WIDTH="84" />
<SP HEIGHT="45" HPOS="382" VPOS="495" WIDTH="26" />
<String CONTENT="p." HEIGHT="37" HPOS="409" VPOS="503" WIDTH="41" />
<SP HEIGHT="40" HPOS="451" VPOS="494" WIDTH="60" />
<String CONTENT="19&#189;" CS="1" HEIGHT="39" HPOS="512" VPOS="494" WIDTH="55" />
<String CONTENT="cm" HEIGHT="20" HPOS="599" STYLE="superscript" VPOS="497" WIDTH="44" />
<String CONTENT="." HEIGHT="8" HPOS="649" VPOS="526" WIDTH="7" />
<SP HEIGHT="47" HPOS="657" VPOS="494" WIDTH="70" />
<String CONTENT="(The" HEIGHT="47" HPOS="728" VPOS="494" WIDTH="124" />
<SP HEIGHT="36" HPOS="853" VPOS="504" WIDTH="27" />
<String CONTENT="pastoral" HEIGHT="46" HPOS="881" VPOS="494" WIDTH="215" />
<SP HEIGHT="37" HPOS="1097" VPOS="494" WIDTH="26" />
<String CONTENT="series," HEIGHT="47" HPOS="1124" VPOS="492" WIDTH="162" />
<SP HEIGHT="37" HPOS="1287" VPOS="502" WIDTH="25" />
<String CONTENT="course" HEIGHT="30" HPOS="1313" VPOS="501" WIDTH="169" />
<SP HEIGHT="40" HPOS="1483" VPOS="491" WIDTH="24" />
<String CONTENT="2)" HEIGHT="46" HPOS="1508" VPOS="491" WIDTH="52" />
</TextLine>
<TextLine CS="1" HEIGHT="51" HPOS="209" VPOS="548" WIDTH="548">
<String CONTENT="Bibliography;" CS="1" HEIGHT="50" HPOS="209" VPOS="548" WIDTH="347" />
<SP HEIGHT="36" HPOS="584" VPOS="562" WIDTH="31" />
<String CONTENT="p." HEIGHT="36" HPOS="616" VPOS="562" WIDTH="41" />
<SP HEIGHT="29" HPOS="658" VPOS="570" WIDTH="30" />
<String CONTENT="[19]" CS="1" HEIGHT="40" HPOS="703" VPOS="551" WIDTH="54" />
</TextLine>
<TextLine CS="1" HEIGHT="51" HPOS="141" VPOS="604" WIDTH="1910">
<String CONTENT="&#169;" HEIGHT="51" HPOS="141" VPOS="604" WIDTH="51" />
<SP HEIGHT="51" HPOS="193" VPOS="604" WIDTH="29" />
<String CONTENT="Aug." HEIGHT="47" HPOS="223" VPOS="608" WIDTH="117" />
<SP HEIGHT="37" HPOS="341" VPOS="608" WIDTH="32" />
<String CONTENT="20," HEIGHT="41" HPOS="374" VPOS="607" WIDTH="68" />
<SP HEIGHT="40" HPOS="443" VPOS="608" WIDTH="30" />
<String CONTENT="1934;" CS="1" HEIGHT="40" HPOS="474" VPOS="608" WIDTH="112" />
<SP HEIGHT="35" HPOS="613" VPOS="612" WIDTH="31" />
<String CONTENT="2c." HEIGHT="35" HPOS="645" VPOS="612" WIDTH="66" />
<SP HEIGHT="28" HPOS="712" VPOS="620" WIDTH="30" />
<String CONTENT="and" HEIGHT="38" HPOS="743" VPOS="610" WIDTH="94" />
<SP HEIGHT="38" HPOS="838" VPOS="610" WIDTH="30" />
<String CONTENT="aff." HEIGHT="39" HPOS="869" LANG="de" VPOS="608" WIDTH="81" />
<SP HEIGHT="39" HPOS="951" VPOS="608" WIDTH="31" />
<String CONTENT="Aug." HEIGHT="46" HPOS="983" VPOS="608" WIDTH="117" />
<SP HEIGHT="38" HPOS="1101" VPOS="607" WIDTH="31" />
<String CONTENT="27;" CS="1" HEIGHT="39" HPOS="1133" VPOS="607" WIDTH="52" />
<SP HEIGHT="46" HPOS="1214" VPOS="607" WIDTH="34" />
<String CONTENT="A" HEIGHT="38" HPOS="1249" VPOS="607" WIDTH="39" />
<SP HEIGHT="38" HPOS="1289" VPOS="607" WIDTH="29" />
<String CONTENT="75078;" HEIGHT="47" HPOS="1319" VPOS="605" WIDTH="170" />
<SP HEIGHT="45" HPOS="1490" VPOS="607" WIDTH="35" />
<String CONTENT="Morehouse" HEIGHT="39" HPOS="1526" VPOS="606" WIDTH="287" />
<SP HEIGHT="36" HPOS="1814" VPOS="616" WIDTH="30" />
<String CONTENT="pub." HEIGHT="47" HPOS="1845" VPOS="605" WIDTH="107" />
<SP HEIGHT="28" HPOS="1953" VPOS="617" WIDTH="30" />
<String CONTENT="&#1089;&#1086;." HEIGHT="28" HPOS="1984" LANG="ru" VPOS="616" WIDTH="67" />
</TextLine>
<TextLine CS="1" HEIGHT="50" HPOS="221" VPOS="663" WIDTH="279">
<String CONTENT="(34" CS="1" HEIGHT="42" HPOS="221" LANG="ru" VPOS="664" WIDTH="13" />
<String CONTENT="-39547)" HEIGHT="50" HPOS="300" LANG="en-US" VPOS="663" WIDTH="200" />
</TextLine>
<TextLine HEIGHT="67" HPOS="140" STYLEREFS="StyleId-3E5D4484-2D15-4B5D-88E9-D8A03111D596-" VPOS="764" WIDTH="1066">
<String CONTENT="Chandler," HEIGHT="63" HPOS="140" VPOS="764" WIDTH="309" />
<SP HEIGHT="59" HPOS="450" VPOS="768" WIDTH="32" />
<String CONTENT="Albert" HEIGHT="55" HPOS="483" VPOS="766" WIDTH="210" />
<SP HEIGHT="52" HPOS="694" VPOS="769" WIDTH="32" />
<String CONTENT="Richard," HEIGHT="63" HPOS="727" VPOS="768" WIDTH="275" />
<SP HEIGHT="59" HPOS="1003" VPOS="772" WIDTH="35" />
<String CONTENT="1884-" HEIGHT="49" HPOS="1039" VPOS="770" WIDTH="167" />
</TextLine>
<TextLine HEIGHT="69" HPOS="213" STYLEREFS="StyleId-EF47DE41-D4C8-415E-A916-2FED3BB2A572-" VPOS="841" WIDTH="1924">
<String CONTENT="..." HEIGHT="8" HPOS="213" VPOS="886" WIDTH="54" />
<SP HEIGHT="50" HPOS="268" VPOS="844" WIDTH="51" />
<String CONTENT="Beauty" HEIGHT="66" HPOS="320" VPOS="844" WIDTH="223" />
<SP HEIGHT="49" HPOS="544" VPOS="861" WIDTH="47" />
<String CONTENT="and" HEIGHT="52" HPOS="592" VPOS="845" WIDTH="111" />
<SP HEIGHT="52" HPOS="704" VPOS="845" WIDTH="46" />
<String CONTENT="human" HEIGHT="53" HPOS="751" VPOS="845" WIDTH="213" />
<SP HEIGHT="35" HPOS="965" VPOS="863" WIDTH="43" />
<String CONTENT="nature;" HEIGHT="60" HPOS="1009" VPOS="848" WIDTH="229" />
<SP HEIGHT="47" HPOS="1239" VPOS="861" WIDTH="49" />
<String CONTENT="elements" HEIGHT="51" HPOS="1289" VPOS="844" WIDTH="268" />
<SP HEIGHT="35" HPOS="1558" VPOS="860" WIDTH="43" />
<String CONTENT="of" HEIGHT="53" HPOS="1602" VPOS="841" WIDTH="64" />
<SP HEIGHT="67" HPOS="1667" VPOS="841" WIDTH="47" />
<String CONTENT="psychological" HEIGHT="67" HPOS="1715" VPOS="841" WIDTH="422" />
</TextLine>
<TextLine CS="1" HEIGHT="69" HPOS="139" STYLEREFS="StyleId-EF47DE41-D4C8-415E-A916-2FED3BB2A572-" VPOS="919" WIDTH="2002">
<String CONTENT="&#230;sthetics," HEIGHT="69" HPOS="139" LANG="fr" VPOS="919" WIDTH="293" />
<SP HEIGHT="67" HPOS="433" VPOS="921" WIDTH="45" />
<String CONTENT="by" HEIGHT="67" HPOS="479" LANG="en-US" VPOS="921" WIDTH="75" />
<SP HEIGHT="66" HPOS="555" VPOS="922" WIDTH="46" />
<String CONTENT="Albert" HEIGHT="53" HPOS="602" LANG="en-US" VPOS="922" WIDTH="204" />
<SP HEIGHT="52" HPOS="807" VPOS="923" WIDTH="45" />
<String CONTENT="R." HEIGHT="52" HPOS="853" LANG="en-US" VPOS="923" WIDTH="68" />
<SP HEIGHT="54" HPOS="922" VPOS="922" WIDTH="48" />
<String CONTENT="Chandler" HEIGHT="54" HPOS="971" LANG="en-US" VPOS="922" WIDTH="290" />
<SP HEIGHT="35" HPOS="1262" VPOS="937" WIDTH="49" />
<String CONTENT="..." HEIGHT="8" HPOS="1312" LANG="en-US" VPOS="964" WIDTH="55" />
<SP HEIGHT="52" HPOS="1368" VPOS="920" WIDTH="98" />
<String CONTENT="New" HEIGHT="53" HPOS="1467" LANG="en-US" VPOS="920" WIDTH="136" />
<SP HEIGHT="51" HPOS="1604" VPOS="920" WIDTH="50" />
<String CONTENT="York," HEIGHT="65" HPOS="1655" LANG="en-US" VPOS="919" WIDTH="179" />
<SP HEIGHT="64" HPOS="1835" VPOS="920" WIDTH="47" />
<String CONTENT="London," HEIGHT="64" HPOS="1883" LANG="en-US" VPOS="920" WIDTH="258" />
</TextLine>
<TextLine CS="1" HEIGHT="69" HPOS="137" STYLEREFS="StyleId-EF47DE41-D4C8-415E-A916-2FED3BB2A572-" VPOS="998" WIDTH="1673">
<String CONTENT="D." HEIGHT="50" HPOS="137" VPOS="1000" WIDTH="69" />
<SP HEIGHT="51" HPOS="207" VPOS="999" WIDTH="36" />
<String CONTENT="Appleton-Century" HEIGHT="68" HPOS="244" VPOS="999" WIDTH="581" />
<SP HEIGHT="48" HPOS="826" VPOS="1019" WIDTH="33" />
<String CONTENT="company," HEIGHT="50" HPOS="860" VPOS="1017" WIDTH="297" />
<SP HEIGHT="66" HPOS="1158" VPOS="1000" WIDTH="34" />
<String CONTENT="incorporated" HEIGHT="66" HPOS="1193" VPOS="998" WIDTH="398" />
<SP HEIGHT="64" HPOS="1592" VPOS="998" WIDTH="41" />
<String CONTENT="[" HEIGHT="31" HPOS="1634" STYLE="subscript" VPOS="1031" WIDTH="13" />
<String CONTENT="c" HEIGHT="20" HPOS="1653" STYLE="superscript" VPOS="1004" WIDTH="15" />
<String CONTENT="1934]" CS="1" HEIGHT="48" HPOS="1677" VPOS="1001" WIDTH="133" />
</TextLine>
<TextLine CS="1" HEIGHT="51" HPOS="210" VPOS="1069" WIDTH="1928">
<String CONTENT="viii" HEIGHT="39" HPOS="210" VPOS="1072" WIDTH="86" />
<SP HEIGHT="48" HPOS="297" VPOS="1072" WIDTH="42" />
<String CONTENT="p.." HEIGHT="37" HPOS="340" VPOS="1083" WIDTH="55" />
<SP HEIGHT="41" HPOS="396" VPOS="1073" WIDTH="42" />
<String CONTENT="2" HEIGHT="38" HPOS="439" VPOS="1073" WIDTH="25" />
<SP HEIGHT="38" HPOS="465" VPOS="1073" WIDTH="41" />
<String CONTENT="l.," CS="1" HEIGHT="10" HPOS="528" VPOS="1105" WIDTH="22" />
<SP HEIGHT="42" HPOS="551" VPOS="1073" WIDTH="40" />
<String CONTENT="3-381" HEIGHT="40" HPOS="592" VPOS="1073" WIDTH="142" />
<SP HEIGHT="46" HPOS="735" VPOS="1074" WIDTH="44" />
<String CONTENT="p." HEIGHT="36" HPOS="780" VPOS="1084" WIDTH="41" />
<SP HEIGHT="38" HPOS="822" VPOS="1074" WIDTH="61" />
<String CONTENT="illus." HEIGHT="38" HPOS="884" VPOS="1074" WIDTH="126" />
<SP HEIGHT="47" HPOS="1011" VPOS="1072" WIDTH="30" />
<String CONTENT="(music)" HEIGHT="48" HPOS="1042" VPOS="1071" WIDTH="199" />
<SP HEIGHT="47" HPOS="1242" VPOS="1072" WIDTH="52" />
<String CONTENT="diagrs." HEIGHT="48" HPOS="1295" VPOS="1071" WIDTH="176" />
<SP HEIGHT="38" HPOS="1472" VPOS="1070" WIDTH="62" />
<String CONTENT="23&#189;cm." CS="1" HEIGHT="40" HPOS="1535" VPOS="1070" WIDTH="145" />
<SP HEIGHT="47" HPOS="1681" VPOS="1069" WIDTH="72" />
<String CONTENT="(The" HEIGHT="47" HPOS="1754" VPOS="1069" WIDTH="125" />
<SP HEIGHT="42" HPOS="1880" VPOS="1069" WIDTH="43" />
<String CONTENT="Century" HEIGHT="48" HPOS="1924" VPOS="1069" WIDTH="214" />
</TextLine>
<TextLine HEIGHT="48" HPOS="141" VPOS="1128" WIDTH="1078">
<String CONTENT="psychology" HEIGHT="47" HPOS="141" VPOS="1129" WIDTH="290" />
<SP HEIGHT="35" HPOS="432" VPOS="1140" WIDTH="24" />
<String CONTENT="series," HEIGHT="44" HPOS="457" VPOS="1130" WIDTH="163" />
<SP HEIGHT="44" HPOS="621" VPOS="1130" WIDTH="27" />
<String CONTENT="R." HEIGHT="39" HPOS="649" LANG="fr" VPOS="1130" WIDTH="55" />
<SP HEIGHT="38" HPOS="705" VPOS="1131" WIDTH="27" />
<String CONTENT="M." HEIGHT="38" HPOS="733" VPOS="1131" WIDTH="62" />
<SP HEIGHT="38" HPOS="796" VPOS="1131" WIDTH="28" />
<String CONTENT="Elliott," HEIGHT="47" HPOS="825" VPOS="1129" WIDTH="184" />
<SP HEIGHT="36" HPOS="1010" VPOS="1140" WIDTH="27" />
<String CONTENT="editor)" HEIGHT="47" HPOS="1038" VPOS="1128" WIDTH="181" />
</TextLine>
<TextLine HEIGHT="46" HPOS="209" VPOS="1186" WIDTH="1017">
<String CONTENT="&#8220;References'&#8217;" HEIGHT="39" HPOS="209" VPOS="1186" WIDTH="346" />
<SP HEIGHT="39" HPOS="556" VPOS="1187" WIDTH="30" />
<String CONTENT="at" HEIGHT="36" HPOS="587" VPOS="1190" WIDTH="50" />
<SP HEIGHT="35" HPOS="638" VPOS="1190" WIDTH="28" />
<String CONTENT="end" HEIGHT="38" HPOS="667" VPOS="1188" WIDTH="90" />
<SP HEIGHT="38" HPOS="758" VPOS="1188" WIDTH="29" />
<String CONTENT="of" HEIGHT="40" HPOS="788" VPOS="1186" WIDTH="50" />
<SP HEIGHT="40" HPOS="839" VPOS="1186" WIDTH="27" />
<String CONTENT="each" HEIGHT="40" HPOS="867" VPOS="1186" WIDTH="117" />
<SP HEIGHT="39" HPOS="985" VPOS="1186" WIDTH="27" />
<String CONTENT="chapter." HEIGHT="46" HPOS="1013" VPOS="1186" WIDTH="213" />
</TextLine>
<TextLine CS="1" HEIGHT="108" HPOS="141" VPOS="1239" WIDTH="1979">
<String CONTENT="&#169;" HEIGHT="51" HPOS="141" VPOS="1239" WIDTH="51" />
<SP HEIGHT="51" HPOS="193" VPOS="1239" WIDTH="30" />
<String CONTENT="Nov." CS="1" HEIGHT="28" HPOS="269" VPOS="1254" WIDTH="69" />
<SP HEIGHT="38" HPOS="339" VPOS="1243" WIDTH="32" />
<String CONTENT="10." HEIGHT="41" HPOS="372" VPOS="1243" WIDTH="67" />
<SP HEIGHT="39" HPOS="440" VPOS="1245" WIDTH="31" />
<String CONTENT="1934;" HEIGHT="41" HPOS="472" VPOS="1243" WIDTH="139" />
<SP HEIGHT="42" HPOS="612" VPOS="1242" WIDTH="33" />
<String CONTENT="2c." HEIGHT="40" HPOS="646" VPOS="1242" WIDTH="64" />
<SP HEIGHT="38" HPOS="711" VPOS="1244" WIDTH="33" />
<String CONTENT="Nov." HEIGHT="39" HPOS="745" VPOS="1244" WIDTH="117" />
<SP HEIGHT="39" HPOS="863" VPOS="1244" WIDTH="32" />
<String CONTENT="19;" HEIGHT="42" HPOS="896" VPOS="1241" WIDTH="80" />
<SP HEIGHT="30" HPOS="977" VPOS="1253" WIDTH="34" />
<String CONTENT="aff." HEIGHT="41" HPOS="1012" VPOS="1241" WIDTH="80" />
<SP HEIGHT="39" HPOS="1093" VPOS="1241" WIDTH="32" />
<String CONTENT="Nov." HEIGHT="43" HPOS="1126" VPOS="1241" WIDTH="118" />
<SP HEIGHT="43" HPOS="1245" VPOS="1241" WIDTH="30" />
<String CONTENT="20;" HEIGHT="42" HPOS="1276" VPOS="1241" WIDTH="81" />
<SP HEIGHT="42" HPOS="1358" VPOS="1241" WIDTH="34" />
<String CONTENT="A" HEIGHT="38" HPOS="1393" VPOS="1241" WIDTH="40" />
<SP HEIGHT="39" HPOS="1434" VPOS="1241" WIDTH="27" />
<String CONTENT="77286;" HEIGHT="42" HPOS="1462" VPOS="1239" WIDTH="170" />
<SP HEIGHT="37" HPOS="1633" VPOS="1242" WIDTH="35" />
<String CONTENT="D." CS="1" HEIGHT="6" HPOS="1719" VPOS="1274" WIDTH="6" />
<SP HEIGHT="38" HPOS="1726" VPOS="1242" WIDTH="34" />
<String CONTENT="Appleton-Century" HEIGHT="107" HPOS="209" VPOS="1239" WIDTH="1911" />
<SP HEIGHT="35" HPOS="322" VPOS="1311" WIDTH="31" />
<String CONTENT="&#1089;&#1086;.," HEIGHT="29" HPOS="354" LANG="ru" VPOS="1311" WIDTH="81" />
<SP HEIGHT="39" HPOS="436" VPOS="1301" WIDTH="35" />
<String CONTENT="inc." HEIGHT="38" HPOS="472" VPOS="1301" WIDTH="89" />
<SP HEIGHT="47" HPOS="562" VPOS="1300" WIDTH="70" />
<String CONTENT="(34-39731)" HEIGHT="48" HPOS="633" VPOS="1299" WIDTH="279" />
</TextLine>
<TextLine HEIGHT="67" HPOS="138" STYLEREFS="StyleId-EF47DE41-D4C8-415E-A916-2FED3BB2A572-" VPOS="1400" WIDTH="1027">
<String CONTENT="Collins," HEIGHT="67" HPOS="138" VPOS="1400" WIDTH="234" />
<SP HEIGHT="63" HPOS="373" VPOS="1404" WIDTH="31" />
<String CONTENT="Frederick" HEIGHT="54" HPOS="405" VPOS="1402" WIDTH="315" />
<SP HEIGHT="52" HPOS="721" VPOS="1404" WIDTH="32" />
<String CONTENT="Lewis," HEIGHT="65" HPOS="754" VPOS="1402" WIDTH="206" />
<SP HEIGHT="59" HPOS="961" VPOS="1408" WIDTH="32" />
<String CONTENT="1882-" HEIGHT="50" HPOS="994" VPOS="1406" WIDTH="171" />
</TextLine>
<TextLine CS="1" HEIGHT="150" HPOS="136" STYLEREFS="StyleId-EF47DE41-D4C8-415E-A916-2FED3BB2A572-" VPOS="1476" WIDTH="1979">
<String CONTENT="Consolidated" HEIGHT="55" HPOS="208" VPOS="1478" WIDTH="408" />
<SP HEIGHT="68" HPOS="617" VPOS="1480" WIDTH="40" />
<String CONTENT="gas" HEIGHT="50" HPOS="658" VPOS="1498" WIDTH="101" />
<SP HEIGHT="34" HPOS="760" VPOS="1499" WIDTH="42" />
<String CONTENT="company" HEIGHT="51" HPOS="803" VPOS="1497" WIDTH="281" />
<SP HEIGHT="51" HPOS="1085" VPOS="1497" WIDTH="39" />
<String CONTENT="of" HEIGHT="53" HPOS="1125" VPOS="1479" WIDTH="63" />
<SP HEIGHT="52" HPOS="1189" VPOS="1479" WIDTH="41" />
<String CONTENT="New" HEIGHT="52" HPOS="1231" VPOS="1479" WIDTH="139" />
<SP HEIGHT="51" HPOS="1371" VPOS="1480" WIDTH="43" />
<String CONTENT="York;" HEIGHT="67" HPOS="1415" VPOS="1478" WIDTH="191" />
<SP HEIGHT="48" HPOS="1607" VPOS="1497" WIDTH="45" />
<String CONTENT="a" HEIGHT="33" HPOS="1653" VPOS="1497" WIDTH="31" />
<SP HEIGHT="51" HPOS="1685" VPOS="1479" WIDTH="45" />
<String CONTENT="history" HEIGHT="68" HPOS="1731" VPOS="1478" WIDTH="221" />
<SP HEIGHT="52" HPOS="1953" VPOS="1494" WIDTH="44" />
<String CONTENT="published" HEIGHT="134" HPOS="136" VPOS="1476" WIDTH="1979" />
<SP HEIGHT="53" HPOS="320" VPOS="1557" WIDTH="24" />
<String CONTENT="by" HEIGHT="69" HPOS="345" VPOS="1557" WIDTH="76" />
<SP HEIGHT="63" HPOS="422" VPOS="1563" WIDTH="27" />
<String CONTENT="the" HEIGHT="51" HPOS="450" VPOS="1558" WIDTH="96" />
</TextLine>
<TextLine HEIGHT="71" HPOS="574" STYLEREFS="StyleId-EF47DE41-D4C8-415E-A916-2FED3BB2A572-" VPOS="1556" WIDTH="1564">
<String CONTENT="company" HEIGHT="51" HPOS="574" VPOS="1576" WIDTH="281" />
<SP HEIGHT="69" HPOS="856" VPOS="1558" WIDTH="27" />
<String CONTENT="in" HEIGHT="52" HPOS="884" VPOS="1558" WIDTH="60" />
<SP HEIGHT="47" HPOS="945" VPOS="1563" WIDTH="28" />
<String CONTENT="the" HEIGHT="52" HPOS="974" VPOS="1558" WIDTH="98" />
<SP HEIGHT="53" HPOS="1073" VPOS="1557" WIDTH="24" />
<String CONTENT="fiftieth" HEIGHT="54" HPOS="1098" VPOS="1556" WIDTH="218" />
<SP HEIGHT="67" HPOS="1317" VPOS="1558" WIDTH="26" />
<String CONTENT="year" HEIGHT="49" HPOS="1344" VPOS="1576" WIDTH="135" />
<SP HEIGHT="34" HPOS="1480" VPOS="1576" WIDTH="28" />
<String CONTENT="of" HEIGHT="54" HPOS="1509" VPOS="1556" WIDTH="63" />
<SP HEIGHT="52" HPOS="1573" VPOS="1556" WIDTH="28" />
<String CONTENT="its" HEIGHT="54" HPOS="1602" VPOS="1556" WIDTH="74" />
<SP HEIGHT="35" HPOS="1677" VPOS="1575" WIDTH="29" />
<String CONTENT="existence" HEIGHT="53" HPOS="1707" VPOS="1556" WIDTH="279" />
<SP HEIGHT="35" HPOS="1987" VPOS="1574" WIDTH="28" />
<String CONTENT="as" HEIGHT="35" HPOS="2016" VPOS="1574" WIDTH="59" />
<SP HEIGHT="35" HPOS="2076" VPOS="1574" WIDTH="29" />
<String CONTENT="a" HEIGHT="35" HPOS="2106" VPOS="1574" WIDTH="32" />
</TextLine>
<TextLine HEIGHT="71" HPOS="136" STYLEREFS="StyleId-EF47DE41-D4C8-415E-A916-2FED3BB2A572-" VPOS="1633" WIDTH="2002">
<String CONTENT="corporation" HEIGHT="67" HPOS="136" VPOS="1636" WIDTH="364" />
<SP HEIGHT="33" HPOS="501" VPOS="1654" WIDTH="27" />
<String CONTENT="and" HEIGHT="52" HPOS="529" VPOS="1636" WIDTH="113" />
<SP HEIGHT="52" HPOS="643" VPOS="1636" WIDTH="25" />
<String CONTENT="the" HEIGHT="52" HPOS="669" VPOS="1637" WIDTH="98" />
<SP HEIGHT="35" HPOS="768" VPOS="1654" WIDTH="24" />
<String CONTENT="one" HEIGHT="35" HPOS="793" VPOS="1654" WIDTH="102" />
<SP HEIGHT="51" HPOS="896" VPOS="1637" WIDTH="25" />
<String CONTENT="hundred" HEIGHT="52" HPOS="922" VPOS="1636" WIDTH="260" />
<SP HEIGHT="52" HPOS="1183" VPOS="1636" WIDTH="29" />
<String CONTENT="and" HEIGHT="53" HPOS="1213" VPOS="1635" WIDTH="113" />
<SP HEIGHT="53" HPOS="1327" VPOS="1635" WIDTH="23" />
<String CONTENT="tenth" HEIGHT="51" HPOS="1351" VPOS="1636" WIDTH="164" />
<SP HEIGHT="68" HPOS="1516" VPOS="1636" WIDTH="26" />
<String CONTENT="year" HEIGHT="51" HPOS="1543" VPOS="1653" WIDTH="136" />
<SP HEIGHT="33" HPOS="1680" VPOS="1654" WIDTH="28" />
<String CONTENT="of" HEIGHT="54" HPOS="1709" VPOS="1633" WIDTH="64" />
<SP HEIGHT="54" HPOS="1774" VPOS="1633" WIDTH="27" />
<String CONTENT="continuous" HEIGHT="54" HPOS="1802" VPOS="1633" WIDTH="336" />
</TextLine>
<TextLine CS="1" HEIGHT="149" HPOS="136" STYLEREFS="StyleId-EF47DE41-D4C8-415E-A916-2FED3BB2A572-" VPOS="1710" WIDTH="1978">
<String CONTENT="service" HEIGHT="53" HPOS="136" VPOS="1713" WIDTH="211" />
<SP HEIGHT="46" HPOS="348" VPOS="1719" WIDTH="21" />
<String CONTENT="to" HEIGHT="47" HPOS="370" VPOS="1719" WIDTH="58" />
<SP HEIGHT="47" HPOS="429" VPOS="1719" WIDTH="22" />
<String CONTENT="the" HEIGHT="52" HPOS="452" VPOS="1714" WIDTH="95" />
<SP HEIGHT="50" HPOS="548" VPOS="1731" WIDTH="25" />
<String CONTENT="people" HEIGHT="67" HPOS="574" VPOS="1714" WIDTH="200" />
<SP HEIGHT="34" HPOS="775" VPOS="1732" WIDTH="23" />
<String CONTENT="of" HEIGHT="53" HPOS="799" VPOS="1713" WIDTH="64" />
<SP HEIGHT="53" HPOS="864" VPOS="1713" WIDTH="20" />
<String CONTENT="the" HEIGHT="51" HPOS="885" VPOS="1715" WIDTH="97" />
<SP HEIGHT="33" HPOS="983" VPOS="1733" WIDTH="22" />
<String CONTENT="city" HEIGHT="69" HPOS="1006" VPOS="1713" WIDTH="116" />
<SP HEIGHT="50" HPOS="1123" VPOS="1732" WIDTH="21" />
<String CONTENT="of" HEIGHT="54" HPOS="1145" VPOS="1712" WIDTH="65" />
<SP HEIGHT="53" HPOS="1211" VPOS="1712" WIDTH="24" />
<String CONTENT="New" HEIGHT="52" HPOS="1236" VPOS="1713" WIDTH="138" />
<SP HEIGHT="51" HPOS="1375" VPOS="1713" WIDTH="24" />
<String CONTENT="York," HEIGHT="68" HPOS="1400" VPOS="1712" WIDTH="181" />
<SP HEIGHT="49" HPOS="1582" VPOS="1731" WIDTH="24" />
<String CONTENT="written" HEIGHT="52" HPOS="1607" VPOS="1712" WIDTH="230" />
<SP HEIGHT="53" HPOS="1838" VPOS="1712" WIDTH="23" />
<String CONTENT="by" HEIGHT="69" HPOS="1862" VPOS="1712" WIDTH="75" />
<SP HEIGHT="69" HPOS="1938" VPOS="1712" WIDTH="22" />
<String CONTENT="Frederick" HEIGHT="133" HPOS="137" VPOS="1710" WIDTH="1977" />
<SP HEIGHT="53" HPOS="291" VPOS="1790" WIDTH="20" />
<String CONTENT="L." HEIGHT="53" HPOS="312" VPOS="1791" WIDTH="64" />
<SP HEIGHT="55" HPOS="377" VPOS="1789" WIDTH="27" />
<String CONTENT="Collins." HEIGHT="55" HPOS="405" VPOS="1789" WIDTH="236" />
<SP HEIGHT="53" HPOS="642" VPOS="1791" WIDTH="60" />
<String CONTENT="New" HEIGHT="53" HPOS="703" VPOS="1791" WIDTH="140" />
<SP HEIGHT="53" HPOS="844" VPOS="1791" WIDTH="25" />
<String CONTENT="York," HEIGHT="69" HPOS="870" VPOS="1790" WIDTH="180" />
<SP HEIGHT="65" HPOS="1051" VPOS="1794" WIDTH="26" />
<String CONTENT="1934." HEIGHT="51" HPOS="1078" VPOS="1793" WIDTH="150" />
</TextLine>
<TextLine CS="1" HEIGHT="52" HPOS="210" VPOS="1862" WIDTH="1929">
<String CONTENT="2" HEIGHT="39" HPOS="210" VPOS="1863" WIDTH="27" />
<SP HEIGHT="48" HPOS="238" VPOS="1863" WIDTH="30" />
<String CONTENT="p." HEIGHT="37" HPOS="269" VPOS="1874" WIDTH="43" />
<SP HEIGHT="39" HPOS="313" VPOS="1865" WIDTH="34" />
<String CONTENT="l.," CS="1" HEIGHT="15" HPOS="369" VPOS="1895" WIDTH="21" />
<SP HEIGHT="45" HPOS="391" VPOS="1865" WIDTH="31" />
<String CONTENT="ix-xiii," HEIGHT="46" HPOS="423" VPOS="1863" WIDTH="187" />
<SP HEIGHT="45" HPOS="611" VPOS="1864" WIDTH="33" />
<String CONTENT="383," HEIGHT="48" HPOS="645" VPOS="1863" WIDTH="98" />
<SP HEIGHT="29" HPOS="744" VPOS="1884" WIDTH="38" />
<String CONTENT="[33]" HEIGHT="51" HPOS="783" VPOS="1863" WIDTH="84" />
<SP HEIGHT="40" HPOS="868" VPOS="1874" WIDTH="32" />
<String CONTENT="p." HEIGHT="38" HPOS="901" VPOS="1874" WIDTH="42" />
<SP HEIGHT="39" HPOS="944" VPOS="1864" WIDTH="61" />
<String CONTENT="front.," HEIGHT="47" HPOS="1006" VPOS="1864" WIDTH="165" />
<SP HEIGHT="47" HPOS="1172" VPOS="1864" WIDTH="32" />
<String CONTENT="illus." HEIGHT="41" HPOS="1205" VPOS="1862" WIDTH="128" />
<SP HEIGHT="47" HPOS="1334" VPOS="1864" WIDTH="28" />
<String CONTENT="(incl." HEIGHT="48" HPOS="1363" VPOS="1863" WIDTH="132" />
<SP HEIGHT="30" HPOS="1496" VPOS="1873" WIDTH="35" />
<String CONTENT="map," HEIGHT="37" HPOS="1532" VPOS="1873" WIDTH="123" />
<SP HEIGHT="44" HPOS="1656" VPOS="1863" WIDTH="33" />
<String CONTENT="facsims.)" HEIGHT="48" HPOS="1690" VPOS="1862" WIDTH="241" />
<SP HEIGHT="45" HPOS="1932" VPOS="1865" WIDTH="43" />
<String CONTENT="ports.," HEIGHT="44" HPOS="1976" VPOS="1865" WIDTH="163" />
</TextLine>
<TextLine HEIGHT="47" HPOS="139" VPOS="1920" WIDTH="356">
<String CONTENT="diagrs." HEIGHT="47" HPOS="139" VPOS="1920" WIDTH="178" />
<SP HEIGHT="39" HPOS="318" VPOS="1921" WIDTH="57" />
<String CONTENT="26" HEIGHT="40" HPOS="376" VPOS="1920" WIDTH="58" />
<String CONTENT="cm" HEIGHT="20" HPOS="437" STYLE="superscript" VPOS="1923" WIDTH="43" />
<String CONTENT="." HEIGHT="8" HPOS="487" VPOS="1953" WIDTH="8" />
</TextLine>
<TextLine HEIGHT="49" HPOS="212" VPOS="1976" WIDTH="1929">
<String CONTENT="&#8220;New" HEIGHT="42" HPOS="212" VPOS="1976" WIDTH="145" />
<SP HEIGHT="39" HPOS="358" VPOS="1977" WIDTH="36" />
<String CONTENT="York" HEIGHT="40" HPOS="395" VPOS="1977" WIDTH="130" />
<SP HEIGHT="39" HPOS="526" VPOS="1977" WIDTH="35" />
<String CONTENT="in" HEIGHT="38" HPOS="562" VPOS="1978" WIDTH="49" />
<SP HEIGHT="38" HPOS="612" VPOS="1979" WIDTH="37" />
<String CONTENT="the" HEIGHT="39" HPOS="650" VPOS="1978" WIDTH="80" />
<SP HEIGHT="29" HPOS="731" VPOS="1989" WIDTH="36" />
<String CONTENT="early" HEIGHT="47" HPOS="768" VPOS="1978" WIDTH="136" />
<SP HEIGHT="38" HPOS="905" VPOS="1987" WIDTH="38" />
<String CONTENT="eighties&#8212;from" HEIGHT="48" HPOS="944" VPOS="1977" WIDTH="393" />
<SP HEIGHT="30" HPOS="1338" VPOS="1987" WIDTH="39" />
<String CONTENT="an" HEIGHT="29" HPOS="1378" VPOS="1988" WIDTH="63" />
<SP HEIGHT="29" HPOS="1442" VPOS="1988" WIDTH="38" />
<String CONTENT="old" HEIGHT="40" HPOS="1481" VPOS="1977" WIDTH="78" />
<SP HEIGHT="46" HPOS="1560" VPOS="1978" WIDTH="36" />
<String CONTENT="print&#8221;" HEIGHT="48" HPOS="1597" VPOS="1976" WIDTH="161" />
<SP HEIGHT="39" HPOS="1759" VPOS="1976" WIDTH="39" />
<String CONTENT="in" HEIGHT="39" HPOS="1799" VPOS="1977" WIDTH="50" />
<SP HEIGHT="30" HPOS="1850" VPOS="1986" WIDTH="36" />
<String CONTENT="colors" HEIGHT="39" HPOS="1887" VPOS="1977" WIDTH="154" />
<SP HEIGHT="29" HPOS="2042" VPOS="1987" WIDTH="38" />
<String CONTENT="on" HEIGHT="28" HPOS="2081" VPOS="1987" WIDTH="60" />
</TextLine>
<TextLine HEIGHT="49" HPOS="139" VPOS="2032" WIDTH="359">
<String CONTENT="lining-papers." HEIGHT="49" HPOS="139" VPOS="2032" WIDTH="359" />
</TextLine>
<TextLine HEIGHT="48" HPOS="211" VPOS="2090" WIDTH="1930">
<String CONTENT="The" HEIGHT="41" HPOS="211" VPOS="2090" WIDTH="99" />
<SP HEIGHT="30" HPOS="311" VPOS="2101" WIDTH="31" />
<String CONTENT="story" HEIGHT="45" HPOS="343" VPOS="2093" WIDTH="134" />
<SP HEIGHT="37" HPOS="478" VPOS="2101" WIDTH="31" />
<String CONTENT="of" HEIGHT="38" HPOS="510" VPOS="2092" WIDTH="51" />
<SP HEIGHT="39" HPOS="562" VPOS="2092" WIDTH="29" />
<String CONTENT="the" HEIGHT="41" HPOS="592" VPOS="2092" WIDTH="82" />
<SP HEIGHT="43" HPOS="675" VPOS="2090" WIDTH="29" />
<String CONTENT="first" HEIGHT="41" HPOS="705" VPOS="2090" WIDTH="107" />
<SP HEIGHT="45" HPOS="813" VPOS="2093" WIDTH="30" />
<String CONTENT="years" HEIGHT="37" HPOS="844" VPOS="2101" WIDTH="143" />
<SP HEIGHT="29" HPOS="988" VPOS="2102" WIDTH="27" />
<String CONTENT="of" HEIGHT="40" HPOS="1016" VPOS="2091" WIDTH="53" />
<SP HEIGHT="40" HPOS="1070" VPOS="2091" WIDTH="29" />
<String CONTENT="the" HEIGHT="39" HPOS="1100" VPOS="2092" WIDTH="79" />
<SP HEIGHT="39" HPOS="1180" VPOS="2092" WIDTH="32" />
<String CONTENT="industry," HEIGHT="46" HPOS="1213" VPOS="2092" WIDTH="240" />
<SP HEIGHT="31" HPOS="1454" VPOS="2102" WIDTH="32" />
<String CONTENT="as" HEIGHT="29" HPOS="1487" VPOS="2102" WIDTH="56" />
<SP HEIGHT="38" HPOS="1544" VPOS="2093" WIDTH="31" />
<String CONTENT="told" HEIGHT="40" HPOS="1576" VPOS="2091" WIDTH="100" />
<SP HEIGHT="39" HPOS="1677" VPOS="2092" WIDTH="33" />
<String CONTENT="in" HEIGHT="38" HPOS="1711" VPOS="2092" WIDTH="49" />
<SP HEIGHT="38" HPOS="1761" VPOS="2093" WIDTH="33" />
<String CONTENT="this" HEIGHT="40" HPOS="1795" VPOS="2091" WIDTH="99" />
<SP HEIGHT="40" HPOS="1895" VPOS="2091" WIDTH="30" />
<String CONTENT="book," HEIGHT="46" HPOS="1926" VPOS="2091" WIDTH="136" />
<SP HEIGHT="47" HPOS="2063" VPOS="2090" WIDTH="35" />
<String CONTENT="is" HEIGHT="41" HPOS="2099" VPOS="2090" WIDTH="42" />
</TextLine>
<TextLine HEIGHT="50" HPOS="141" VPOS="2145" WIDTH="2000">
<String CONTENT="largely" HEIGHT="48" HPOS="141" VPOS="2145" WIDTH="184" />
<SP HEIGHT="45" HPOS="326" VPOS="2148" WIDTH="38" />
<String CONTENT="based" HEIGHT="39" HPOS="365" VPOS="2148" WIDTH="150" />
<SP HEIGHT="38" HPOS="516" VPOS="2149" WIDTH="40" />
<String CONTENT="on" HEIGHT="28" HPOS="557" VPOS="2159" WIDTH="59" />
<SP HEIGHT="38" HPOS="617" VPOS="2150" WIDTH="41" />
<String CONTENT="the" HEIGHT="39" HPOS="659" VPOS="2149" WIDTH="81" />
<SP HEIGHT="30" HPOS="741" VPOS="2158" WIDTH="39" />
<String CONTENT="manuscript" HEIGHT="47" HPOS="781" VPOS="2148" WIDTH="302" />
<SP HEIGHT="38" HPOS="1084" VPOS="2150" WIDTH="40" />
<String CONTENT="of" HEIGHT="40" HPOS="1125" VPOS="2148" WIDTH="51" />
<SP HEIGHT="39" HPOS="1177" VPOS="2148" WIDTH="38" />
<String CONTENT="Mr." HEIGHT="40" HPOS="1216" VPOS="2148" WIDTH="90" />
<SP HEIGHT="40" HPOS="1307" VPOS="2148" WIDTH="43" />
<String CONTENT="John" HEIGHT="40" HPOS="1351" VPOS="2148" WIDTH="128" />
<SP HEIGHT="40" HPOS="1480" VPOS="2147" WIDTH="40" />
<String CONTENT="H." HEIGHT="40" HPOS="1521" LANG="fr" VPOS="2147" WIDTH="59" />
<SP HEIGHT="41" HPOS="1581" VPOS="2147" WIDTH="42" />
<String CONTENT="G." HEIGHT="41" HPOS="1624" VPOS="2147" WIDTH="54" />
<SP HEIGHT="40" HPOS="1679" VPOS="2148" WIDTH="43" />
<String CONTENT="Pierson," HEIGHT="42" HPOS="1723" VPOS="2148" WIDTH="214" />
<SP HEIGHT="31" HPOS="1938" VPOS="2159" WIDTH="43" />
<String CONTENT="which" HEIGHT="39" HPOS="1982" VPOS="2149" WIDTH="159" />
</TextLine>
<TextLine CS="1" HEIGHT="104" HPOS="140" VPOS="2203" WIDTH="1983">
<String CONTENT="is" HEIGHT="39" HPOS="142" VPOS="2203" WIDTH="41" />
<SP HEIGHT="28" HPOS="184" VPOS="2214" WIDTH="24" />
<String CONTENT="now" HEIGHT="29" HPOS="209" VPOS="2214" WIDTH="111" />
<SP HEIGHT="38" HPOS="321" VPOS="2204" WIDTH="28" />
<String CONTENT="in" HEIGHT="39" HPOS="350" VPOS="2204" WIDTH="48" />
<SP HEIGHT="37" HPOS="399" VPOS="2207" WIDTH="32" />
<String CONTENT="the" HEIGHT="39" HPOS="432" VPOS="2205" WIDTH="81" />
<SP HEIGHT="28" HPOS="514" VPOS="2216" WIDTH="30" />
<String CONTENT="archives" HEIGHT="40" HPOS="545" VPOS="2205" WIDTH="222" />
<SP HEIGHT="28" HPOS="768" VPOS="2217" WIDTH="31" />
<String CONTENT="of" HEIGHT="39" HPOS="800" VPOS="2206" WIDTH="52" />
<SP HEIGHT="39" HPOS="853" VPOS="2206" WIDTH="29" />
<String CONTENT="the" HEIGHT="38" HPOS="883" VPOS="2207" WIDTH="80" />
<SP HEIGHT="41" HPOS="964" VPOS="2204" WIDTH="32" />
<String CONTENT="Consolidated" HEIGHT="41" HPOS="997" VPOS="2204" WIDTH="343" />
<SP HEIGHT="46" HPOS="1341" VPOS="2207" WIDTH="32" />
<String CONTENT="gas" HEIGHT="37" HPOS="1374" VPOS="2216" WIDTH="86" />
<SP HEIGHT="30" HPOS="1461" VPOS="2215" WIDTH="28" />
<String CONTENT="company," HEIGHT="37" HPOS="1490" VPOS="2215" WIDTH="246" />
<SP HEIGHT="29" HPOS="1737" VPOS="2215" WIDTH="62" />
<String CONTENT="cf." CS="1" HEIGHT="45" HPOS="1828" VPOS="2207" WIDTH="32" />
<SP HEIGHT="38" HPOS="1861" VPOS="2207" WIDTH="32" />
<String CONTENT="Acknowledgment." HEIGHT="102" HPOS="140" VPOS="2205" WIDTH="1983" />
</TextLine>
<TextLine CS="1" HEIGHT="54" HPOS="143" VPOS="2315" WIDTH="1997">
<String CONTENT="&#169;" HEIGHT="51" HPOS="143" VPOS="2315" WIDTH="51" />
<SP HEIGHT="51" HPOS="195" VPOS="2315" WIDTH="26" />
<String CONTENT="Nov." HEIGHT="39" HPOS="222" VPOS="2320" WIDTH="117" />
<SP HEIGHT="38" HPOS="340" VPOS="2321" WIDTH="27" />
<String CONTENT="15." HEIGHT="39" HPOS="368" VPOS="2320" WIDTH="68" />
<SP HEIGHT="37" HPOS="437" VPOS="2322" WIDTH="27" />
<String CONTENT="1934;" CS="1" HEIGHT="41" HPOS="465" VPOS="2318" WIDTH="114" />
<SP HEIGHT="41" HPOS="606" VPOS="2320" WIDTH="32" />
<String CONTENT="2c." HEIGHT="40" HPOS="639" VPOS="2320" WIDTH="64" />
<SP HEIGHT="27" HPOS="704" VPOS="2332" WIDTH="29" />
<String CONTENT="and" HEIGHT="38" HPOS="734" VPOS="2322" WIDTH="97" />
<SP HEIGHT="38" HPOS="832" VPOS="2322" WIDTH="23" />
<String CONTENT="aff." CS="1" HEIGHT="39" HPOS="856" VPOS="2321" WIDTH="82" />
<SP HEIGHT="38" HPOS="939" VPOS="2322" WIDTH="27" />
<String CONTENT="Nov." HEIGHT="38" HPOS="967" VPOS="2322" WIDTH="117" />
<SP HEIGHT="38" HPOS="1085" VPOS="2322" WIDTH="28" />
<String CONTENT="16;" CS="1" HEIGHT="39" HPOS="1114" VPOS="2321" WIDTH="55" />
<SP HEIGHT="40" HPOS="1195" VPOS="2321" WIDTH="31" />
<String CONTENT="A" HEIGHT="38" HPOS="1227" VPOS="2321" WIDTH="46" />
<SP HEIGHT="39" HPOS="1274" VPOS="2321" WIDTH="24" />
<String CONTENT="78130;" CS="1" HEIGHT="39" HPOS="1299" VPOS="2321" WIDTH="140" />
<SP HEIGHT="40" HPOS="1466" VPOS="2321" WIDTH="34" />
<String CONTENT="Consolidated" HEIGHT="40" HPOS="1501" VPOS="2321" WIDTH="344" />
<SP HEIGHT="45" HPOS="1846" VPOS="2324" WIDTH="29" />
<String CONTENT="gas" HEIGHT="36" HPOS="1876" VPOS="2333" WIDTH="84" />
<SP HEIGHT="28" HPOS="1961" VPOS="2333" WIDTH="29" />
<String CONTENT="&#1089;&#1086;." HEIGHT="29" HPOS="1991" LANG="ru" VPOS="2332" WIDTH="66" />
<SP HEIGHT="29" HPOS="2058" VPOS="2333" WIDTH="29" />
<String CONTENT="of" HEIGHT="40" HPOS="2088" VPOS="2322" WIDTH="52" />
</TextLine>
<TextLine HEIGHT="48" HPOS="209" VPOS="2376" WIDTH="639">
<String CONTENT="New" HEIGHT="38" HPOS="209" VPOS="2377" WIDTH="116" />
<SP HEIGHT="38" HPOS="326" VPOS="2377" WIDTH="25" />
<String CONTENT="York." HEIGHT="39" HPOS="352" VPOS="2377" WIDTH="145" />
<SP HEIGHT="47" HPOS="498" VPOS="2377" WIDTH="70" />
<String CONTENT="(34-39678)" HEIGHT="48" HPOS="569" VPOS="2376" WIDTH="279" />
</TextLine>
<TextLine HEIGHT="68" HPOS="139" STYLEREFS="StyleId-EF47DE41-D4C8-415E-A916-2FED3BB2A572-" VPOS="2478" WIDTH="1016">
<String CONTENT="Craig," HEIGHT="66" HPOS="139" VPOS="2478" WIDTH="195" />
<SP HEIGHT="62" HPOS="335" VPOS="2482" WIDTH="33" />
<String CONTENT="Charles" HEIGHT="55" HPOS="369" VPOS="2480" WIDTH="245" />
<SP HEIGHT="52" HPOS="615" VPOS="2482" WIDTH="30" />
<String CONTENT="Franklin," HEIGHT="66" HPOS="646" VPOS="2480" WIDTH="302" />
<SP HEIGHT="59" HPOS="949" VPOS="2487" WIDTH="34" />
<String CONTENT="1872-" HEIGHT="52" HPOS="984" VPOS="2483" WIDTH="171" />
</TextLine>
<TextLine HEIGHT="73" HPOS="207" STYLEREFS="StyleId-EF47DE41-D4C8-415E-A916-2FED3BB2A572-" VPOS="2555" WIDTH="1929">
<String CONTENT="Amebiasis" HEIGHT="55" HPOS="207" VPOS="2555" WIDTH="322" />
<SP HEIGHT="35" HPOS="530" VPOS="2575" WIDTH="39" />
<String CONTENT="and" HEIGHT="52" HPOS="570" VPOS="2558" WIDTH="112" />
<SP HEIGHT="52" HPOS="683" VPOS="2558" WIDTH="41" />
<String CONTENT="amebic" HEIGHT="53" HPOS="725" VPOS="2557" WIDTH="214" />
<SP HEIGHT="53" HPOS="940" VPOS="2558" WIDTH="41" />
<String CONTENT="dysentery," HEIGHT="69" HPOS="982" VPOS="2558" WIDTH="322" />
<SP HEIGHT="67" HPOS="1305" VPOS="2560" WIDTH="38" />
<String CONTENT="by" HEIGHT="68" HPOS="1344" VPOS="2560" WIDTH="76" />
<SP HEIGHT="70" HPOS="1421" VPOS="2558" WIDTH="40" />
<String CONTENT="Charles" HEIGHT="54" HPOS="1462" VPOS="2558" WIDTH="236" />
<SP HEIGHT="52" HPOS="1699" VPOS="2560" WIDTH="41" />
<String CONTENT="F." HEIGHT="51" HPOS="1741" VPOS="2560" WIDTH="65" />
<SP HEIGHT="55" HPOS="1807" VPOS="2558" WIDTH="47" />
<String CONTENT="Craig" HEIGHT="70" HPOS="1855" VPOS="2558" WIDTH="178" />
<SP HEIGHT="50" HPOS="2034" VPOS="2578" WIDTH="45" />
<String CONTENT="..." HEIGHT="10" HPOS="2080" VPOS="2601" WIDTH="56" />
</TextLine>
<TextLine HEIGHT="72" HPOS="140" STYLEREFS="StyleId-EF47DE41-D4C8-415E-A916-2FED3BB2A572-" VPOS="2632" WIDTH="1749">
<String CONTENT="Springfield," HEIGHT="71" HPOS="140" VPOS="2632" WIDTH="372" />
<SP HEIGHT="68" HPOS="513" VPOS="2634" WIDTH="27" />
<String CONTENT="Ill.," HEIGHT="68" HPOS="541" VPOS="2634" WIDTH="114" />
<SP HEIGHT="67" HPOS="656" VPOS="2635" WIDTH="28" />
<String CONTENT="Baltimore," HEIGHT="68" HPOS="685" VPOS="2635" WIDTH="334" />
<SP HEIGHT="67" HPOS="1020" VPOS="2636" WIDTH="29" />
<String CONTENT="Md.," HEIGHT="67" HPOS="1050" VPOS="2636" WIDTH="139" />
<SP HEIGHT="67" HPOS="1190" VPOS="2636" WIDTH="30" />
<String CONTENT="&#1057;." HEIGHT="55" HPOS="1221" LANG="ru" VPOS="2636" WIDTH="62" />
<SP HEIGHT="55" HPOS="1284" VPOS="2636" WIDTH="32" />
<String CONTENT="C." HEIGHT="55" HPOS="1317" VPOS="2636" WIDTH="62" />
<SP HEIGHT="51" HPOS="1380" VPOS="2638" WIDTH="30" />
<String CONTENT="Thomas" HEIGHT="54" HPOS="1411" VPOS="2637" WIDTH="248" />
<SP HEIGHT="46" HPOS="1660" VPOS="2658" WIDTH="35" />
<String CONTENT="[" HEIGHT="34" HPOS="1696" VPOS="2670" WIDTH="14" />
<String CONTENT="c" HEIGHT="22" HPOS="1714" STYLE="superscript" VPOS="2642" WIDTH="18" />
<String CONTENT="1934]" HEIGHT="65" HPOS="1737" VPOS="2639" WIDTH="152" />
</TextLine>
<TextLine CS="1" HEIGHT="50" HPOS="212" VPOS="2706" WIDTH="996">
<String CONTENT="viii," HEIGHT="44" HPOS="212" VPOS="2706" WIDTH="97" />
<SP HEIGHT="43" HPOS="310" VPOS="2707" WIDTH="26" />
<String CONTENT="315" HEIGHT="40" HPOS="337" VPOS="2707" WIDTH="85" />
<SP HEIGHT="46" HPOS="423" VPOS="2708" WIDTH="26" />
<String CONTENT="p.," HEIGHT="38" HPOS="450" LANG="fr" VPOS="2717" WIDTH="57" />
<SP HEIGHT="46" HPOS="508" VPOS="2709" WIDTH="27" />
<String CONTENT="1" HEIGHT="37" HPOS="536" VPOS="2709" WIDTH="25" />
<SP HEIGHT="38" HPOS="562" VPOS="2708" WIDTH="30" />
<String CONTENT="l." CS="1" HEIGHT="7" HPOS="612" VPOS="2739" WIDTH="7" />
<SP HEIGHT="38" HPOS="620" VPOS="2708" WIDTH="60" />
<String CONTENT="illus.," HEIGHT="44" HPOS="681" VPOS="2707" WIDTH="141" />
<SP HEIGHT="41" HPOS="823" VPOS="2710" WIDTH="28" />
<String CONTENT="diagr." HEIGHT="48" HPOS="852" VPOS="2708" WIDTH="152" />
<SP HEIGHT="40" HPOS="1005" VPOS="2707" WIDTH="59" />
<String CONTENT="25&#189;" CS="1" HEIGHT="41" HPOS="1065" VPOS="2707" WIDTH="55" />
<String CONTENT="cm" HEIGHT="20" HPOS="1154" STYLE="superscript" VPOS="2711" WIDTH="43" />
<String CONTENT="." HEIGHT="7" HPOS="1201" VPOS="2742" WIDTH="7" />
</TextLine>
<TextLine HEIGHT="49" HPOS="213" VPOS="2763" WIDTH="1012">
<String CONTENT="&#8220;References&#8221;" HEIGHT="41" HPOS="213" VPOS="2763" WIDTH="348" />
<SP HEIGHT="39" HPOS="562" VPOS="2764" WIDTH="28" />
<String CONTENT="at" HEIGHT="37" HPOS="591" VPOS="2767" WIDTH="52" />
<SP HEIGHT="37" HPOS="644" VPOS="2767" WIDTH="25" />
<String CONTENT="end" HEIGHT="37" HPOS="670" VPOS="2767" WIDTH="91" />
<SP HEIGHT="37" HPOS="762" VPOS="2767" WIDTH="27" />
<String CONTENT="of" HEIGHT="39" HPOS="790" VPOS="2765" WIDTH="52" />
<SP HEIGHT="39" HPOS="843" VPOS="2765" WIDTH="24" />
<String CONTENT="each" HEIGHT="38" HPOS="868" VPOS="2766" WIDTH="117" />
<SP HEIGHT="39" HPOS="986" VPOS="2766" WIDTH="27" />
<String CONTENT="chapter." HEIGHT="46" HPOS="1014" VPOS="2766" WIDTH="211" />
</TextLine>
<TextLine CS="1" HEIGHT="55" HPOS="144" VPOS="2817" WIDTH="1996">
<String CONTENT="&#169;" HEIGHT="51" HPOS="144" VPOS="2817" WIDTH="51" />
<SP HEIGHT="51" HPOS="196" VPOS="2817" WIDTH="31" />
<String CONTENT="Oct." HEIGHT="41" HPOS="228" VPOS="2822" WIDTH="100" />
<SP HEIGHT="39" HPOS="329" VPOS="2824" WIDTH="27" />
<String CONTENT="30," HEIGHT="42" HPOS="357" VPOS="2822" WIDTH="68" />
<SP HEIGHT="40" HPOS="426" VPOS="2824" WIDTH="28" />
<String CONTENT="1934;" CS="1" HEIGHT="40" HPOS="455" VPOS="2822" WIDTH="114" />
<SP HEIGHT="40" HPOS="596" VPOS="2824" WIDTH="31" />
<String CONTENT="2c." HEIGHT="38" HPOS="628" VPOS="2824" WIDTH="64" />
<SP HEIGHT="37" HPOS="693" VPOS="2824" WIDTH="30" />
<String CONTENT="Nov." HEIGHT="40" HPOS="724" VPOS="2824" WIDTH="118" />
<SP HEIGHT="39" HPOS="843" VPOS="2825" WIDTH="30" />
<String CONTENT="12;" CS="1" HEIGHT="39" HPOS="874" VPOS="2823" WIDTH="53" />
<SP HEIGHT="35" HPOS="955" VPOS="2835" WIDTH="31" />
<String CONTENT="aff." HEIGHT="39" HPOS="987" VPOS="2824" WIDTH="80" />
<SP HEIGHT="38" HPOS="1068" VPOS="2825" WIDTH="30" />
<String CONTENT="Nov." HEIGHT="39" HPOS="1099" VPOS="2825" WIDTH="115" />
<SP HEIGHT="39" HPOS="1215" VPOS="2825" WIDTH="30" />
<String CONTENT="8;" CS="1" HEIGHT="39" HPOS="1246" VPOS="2825" WIDTH="25" />
<SP HEIGHT="39" HPOS="1298" VPOS="2826" WIDTH="31" />
<String CONTENT="A" HEIGHT="38" HPOS="1330" VPOS="2826" WIDTH="41" />
<SP HEIGHT="39" HPOS="1372" VPOS="2826" WIDTH="24" />
<String CONTENT="77206;" CS="1" HEIGHT="40" HPOS="1397" VPOS="2825" WIDTH="144" />
<SP HEIGHT="46" HPOS="1568" VPOS="2826" WIDTH="32" />
<String CONTENT="Charles" HEIGHT="40" HPOS="1601" VPOS="2826" WIDTH="202" />
<SP HEIGHT="40" HPOS="1804" VPOS="2826" WIDTH="31" />
<String CONTENT="C." HEIGHT="40" HPOS="1836" VPOS="2826" WIDTH="48" />
<SP HEIGHT="39" HPOS="1885" VPOS="2827" WIDTH="29" />
<String CONTENT="Thomas." HEIGHT="41" HPOS="1915" VPOS="2827" WIDTH="225" />
</TextLine>
<TextLine HEIGHT="48" HPOS="222" VPOS="2879" WIDTH="280">
<String CONTENT="(34-39690)" HEIGHT="48" HPOS="222" VPOS="2879" WIDTH="280" />
</TextLine>
<TextLine HEIGHT="68" HPOS="143" STYLEREFS="StyleId-EF47DE41-D4C8-415E-A916-2FED3BB2A572-" VPOS="2965" WIDTH="996">
<String CONTENT="Dandy," HEIGHT="67" HPOS="143" VPOS="2965" WIDTH="225" />
<SP HEIGHT="62" HPOS="369" VPOS="2970" WIDTH="31" />
<String CONTENT="Walter" HEIGHT="56" HPOS="401" VPOS="2967" WIDTH="225" />
<SP HEIGHT="53" HPOS="627" VPOS="2970" WIDTH="31" />
<String CONTENT="Edward," HEIGHT="63" HPOS="659" VPOS="2970" WIDTH="274" />
<SP HEIGHT="60" HPOS="934" VPOS="2973" WIDTH="33" />
<String CONTENT="1886-" HEIGHT="50" HPOS="968" VPOS="2972" WIDTH="171" />
</TextLine>
<TextLine HEIGHT="69" HPOS="209" STYLEREFS="StyleId-EF47DE41-D4C8-415E-A916-2FED3BB2A572-" VPOS="3043" WIDTH="1932">
<String CONTENT="Benign," HEIGHT="69" HPOS="209" VPOS="3043" WIDTH="245" />
<SP HEIGHT="48" HPOS="455" VPOS="3062" WIDTH="28" />
<String CONTENT="encapsulated" HEIGHT="66" HPOS="484" VPOS="3045" WIDTH="402" />
<SP HEIGHT="52" HPOS="887" VPOS="3045" WIDTH="30" />
<String CONTENT="tumors" HEIGHT="48" HPOS="918" VPOS="3050" WIDTH="218" />
<SP HEIGHT="52" HPOS="1137" VPOS="3046" WIDTH="27" />
<String CONTENT="in" HEIGHT="52" HPOS="1165" VPOS="3046" WIDTH="59" />
<SP HEIGHT="47" HPOS="1225" VPOS="3052" WIDTH="30" />
<String CONTENT="the" HEIGHT="51" HPOS="1256" VPOS="3048" WIDTH="95" />
<SP HEIGHT="50" HPOS="1352" VPOS="3049" WIDTH="29" />
<String CONTENT="lateral" HEIGHT="50" HPOS="1382" VPOS="3049" WIDTH="204" />
<SP HEIGHT="50" HPOS="1587" VPOS="3049" WIDTH="30" />
<String CONTENT="ventricles" HEIGHT="53" HPOS="1618" VPOS="3048" WIDTH="300" />
<SP HEIGHT="34" HPOS="1919" VPOS="3067" WIDTH="31" />
<String CONTENT="of" HEIGHT="53" HPOS="1951" VPOS="3047" WIDTH="63" />
<SP HEIGHT="53" HPOS="2015" VPOS="3047" WIDTH="30" />
<String CONTENT="the" HEIGHT="52" HPOS="2046" VPOS="3048" WIDTH="95" />
</TextLine>
<TextLine CS="1" HEIGHT="147" HPOS="139" STYLEREFS="StyleId-EF47DE41-D4C8-415E-A916-2FED3BB2A572-" VPOS="3119" WIDTH="1977">
<String CONTENT="brain;" HEIGHT="69" HPOS="139" VPOS="3119" WIDTH="194" />
<SP HEIGHT="66" HPOS="334" VPOS="3122" WIDTH="29" />
<String CONTENT="diagnosis" HEIGHT="69" HPOS="364" VPOS="3121" WIDTH="292" />
<SP HEIGHT="34" HPOS="657" VPOS="3140" WIDTH="29" />
<String CONTENT="and" HEIGHT="52" HPOS="687" VPOS="3122" WIDTH="113" />
<SP HEIGHT="52" HPOS="801" VPOS="3122" WIDTH="26" />
<String CONTENT="treatment," HEIGHT="64" HPOS="828" VPOS="3127" WIDTH="324" />
<SP HEIGHT="67" HPOS="1153" VPOS="3124" WIDTH="26" />
<String CONTENT="by" HEIGHT="68" HPOS="1180" VPOS="3124" WIDTH="75" />
<SP HEIGHT="68" HPOS="1256" VPOS="3124" WIDTH="23" />
<String CONTENT="Walter" HEIGHT="53" HPOS="1280" VPOS="3124" WIDTH="224" />
<SP HEIGHT="52" HPOS="1505" VPOS="3125" WIDTH="27" />
<String CONTENT="E." HEIGHT="52" HPOS="1533" VPOS="3125" WIDTH="67" />
<SP HEIGHT="52" HPOS="1601" VPOS="3125" WIDTH="29" />
<String CONTENT="Dandy" HEIGHT="69" HPOS="1631" VPOS="3125" WIDTH="213" />
<SP HEIGHT="50" HPOS="1845" VPOS="3144" WIDTH="33" />
<String CONTENT="..." HEIGHT="9" HPOS="1879" VPOS="3169" WIDTH="54" />
<SP HEIGHT="51" HPOS="1934" VPOS="3126" WIDTH="71" />
<String CONTENT="Baltimore," HEIGHT="141" HPOS="139" VPOS="3125" WIDTH="1977" />
</TextLine>
<TextLine HEIGHT="73" HPOS="386" STYLEREFS="StyleId-EF47DE41-D4C8-415E-A916-2FED3BB2A572-" VPOS="3198" WIDTH="1295">
<String CONTENT="The" HEIGHT="52" HPOS="386" VPOS="3199" WIDTH="120" />
<SP HEIGHT="53" HPOS="507" VPOS="3199" WIDTH="25" />
<String CONTENT="Williams" HEIGHT="54" HPOS="533" VPOS="3198" WIDTH="289" />
<SP HEIGHT="50" HPOS="823" VPOS="3202" WIDTH="25" />
<String CONTENT="&amp;" HEIGHT="49" HPOS="849" VPOS="3202" WIDTH="46" />
<SP HEIGHT="53" HPOS="896" VPOS="3200" WIDTH="23" />
<String CONTENT="Wilkins" HEIGHT="54" HPOS="920" VPOS="3200" WIDTH="252" />
<SP HEIGHT="33" HPOS="1173" VPOS="3221" WIDTH="26" />
<String CONTENT="company," HEIGHT="52" HPOS="1200" VPOS="3219" WIDTH="297" />
<SP HEIGHT="63" HPOS="1498" VPOS="3207" WIDTH="32" />
<String CONTENT="1934." HEIGHT="50" HPOS="1531" VPOS="3205" WIDTH="150" />
</TextLine>
<TextLine CS="1" HEIGHT="50" HPOS="212" STYLEREFS="StyleId-EF47DE41-D4C8-415E-A916-2FED3BB2A572-" VPOS="3271" WIDTH="1250">
<String CONTENT="viii," HEIGHT="47" HPOS="212" VPOS="3271" WIDTH="99" />
<SP HEIGHT="46" HPOS="312" VPOS="3272" WIDTH="27" />
<String CONTENT="189" HEIGHT="41" HPOS="340" VPOS="3271" WIDTH="85" />
<SP HEIGHT="47" HPOS="426" VPOS="3272" WIDTH="23" />
<String CONTENT="p." HEIGHT="38" HPOS="450" VPOS="3281" WIDTH="43" />
<SP HEIGHT="38" HPOS="494" VPOS="3272" WIDTH="65" />
<String CONTENT="illus.." HEIGHT="40" HPOS="560" VPOS="3272" WIDTH="141" />
<SP HEIGHT="40" HPOS="702" VPOS="3272" WIDTH="27" />
<String CONTENT="fold," HEIGHT="40" HPOS="730" VPOS="3272" WIDTH="117" />
<SP HEIGHT="37" HPOS="848" VPOS="3275" WIDTH="29" />
<String CONTENT="tables," HEIGHT="44" HPOS="878" VPOS="3273" WIDTH="167" />
<SP HEIGHT="43" HPOS="1046" VPOS="3274" WIDTH="30" />
<String CONTENT="diagrs." HEIGHT="48" HPOS="1077" VPOS="3273" WIDTH="178" />
<SP HEIGHT="38" HPOS="1256" VPOS="3275" WIDTH="58" />
<String CONTENT="23&#189;cm." CS="1" HEIGHT="42" HPOS="1315" VPOS="3273" WIDTH="147" />
</TextLine>
<TextLine CS="1" HEIGHT="49" HPOS="212" VPOS="3327" WIDTH="693">
<String CONTENT="Bibliography;" CS="1" HEIGHT="48" HPOS="212" VPOS="3327" WIDTH="348" />
<SP HEIGHT="38" HPOS="587" VPOS="3338" WIDTH="30" />
<String CONTENT="p." HEIGHT="38" HPOS="618" VPOS="3338" WIDTH="41" />
<SP HEIGHT="37" HPOS="660" VPOS="3328" WIDTH="28" />
<String CONTENT="187-189." HEIGHT="41" HPOS="689" VPOS="3328" WIDTH="216" />
</TextLine>
<TextLine CS="1" HEIGHT="54" HPOS="144" VPOS="3382" WIDTH="1997">
<String CONTENT="&#169;" HEIGHT="51" HPOS="144" VPOS="3382" WIDTH="51" />
<SP HEIGHT="51" HPOS="196" VPOS="3382" WIDTH="31" />
<String CONTENT="Oct." HEIGHT="41" HPOS="228" VPOS="3386" WIDTH="100" />
<SP HEIGHT="38" HPOS="329" VPOS="3388" WIDTH="30" />
<String CONTENT="31," HEIGHT="41" HPOS="360" VPOS="3387" WIDTH="68" />
<SP HEIGHT="40" HPOS="429" VPOS="3388" WIDTH="31" />
<String CONTENT="1934;" HEIGHT="40" HPOS="461" VPOS="3387" WIDTH="139" />
<SP HEIGHT="41" HPOS="601" VPOS="3386" WIDTH="33" />
<String CONTENT="2c." HEIGHT="40" HPOS="635" VPOS="3386" WIDTH="66" />
<SP HEIGHT="29" HPOS="702" VPOS="3397" WIDTH="32" />
<String CONTENT="and" HEIGHT="38" HPOS="735" VPOS="3388" WIDTH="94" />
<SP HEIGHT="38" HPOS="830" VPOS="3388" WIDTH="30" />
<String CONTENT="aff." HEIGHT="38" HPOS="861" VPOS="3387" WIDTH="80" />
<SP HEIGHT="37" HPOS="942" VPOS="3388" WIDTH="31" />
<String CONTENT="Nov." HEIGHT="39" HPOS="974" VPOS="3388" WIDTH="114" />
<SP HEIGHT="36" HPOS="1089" VPOS="3389" WIDTH="32" />
<String CONTENT="15;" CS="1" HEIGHT="36" HPOS="1122" VPOS="3389" WIDTH="53" />
<SP HEIGHT="38" HPOS="1202" VPOS="3390" WIDTH="35" />
<String CONTENT="A" HEIGHT="38" HPOS="1238" VPOS="3390" WIDTH="39" />
<SP HEIGHT="39" HPOS="1278" VPOS="3390" WIDTH="32" />
<String CONTENT="77230;" HEIGHT="47" HPOS="1311" VPOS="3389" WIDTH="168" />
<SP HEIGHT="44" HPOS="1480" VPOS="3392" WIDTH="33" />
<String CONTENT="William" HEIGHT="39" HPOS="1514" VPOS="3391" WIDTH="216" />
<SP HEIGHT="39" HPOS="1731" VPOS="3392" WIDTH="31" />
<String CONTENT="&amp;" HEIGHT="39" HPOS="1763" VPOS="3392" WIDTH="35" />
<SP HEIGHT="40" HPOS="1799" VPOS="3392" WIDTH="32" />
<String CONTENT="Wilkins" HEIGHT="40" HPOS="1832" VPOS="3392" WIDTH="209" />
<SP HEIGHT="29" HPOS="2042" VPOS="3404" WIDTH="30" />
<String CONTENT="&#1089;&#1086;." HEIGHT="28" HPOS="2073" LANG="ru" VPOS="3405" WIDTH="68" />
</TextLine>
<TextLine HEIGHT="49" HPOS="222" VPOS="3443" WIDTH="280">
<String CONTENT="(34-39691)" HEIGHT="49" HPOS="222" VPOS="3443" WIDTH="280" />
</TextLine>
<TextLine HEIGHT="66" HPOS="147" STYLEREFS="StyleId-3E5D4484-2D15-4B5D-88E9-D8A03111D596-" VPOS="3533" WIDTH="743">
<String CONTENT="Davison," HEIGHT="66" HPOS="147" VPOS="3533" WIDTH="272" />
<SP HEIGHT="63" HPOS="420" VPOS="3536" WIDTH="32" />
<String CONTENT="Frank" HEIGHT="53" HPOS="453" VPOS="3535" WIDTH="197" />
<SP HEIGHT="52" HPOS="651" VPOS="3535" WIDTH="28" />
<String CONTENT="Dalby." HEIGHT="64" HPOS="680" VPOS="3534" WIDTH="210" />
</TextLine>
<TextLine HEIGHT="76" HPOS="211" STYLEREFS="StyleId-EF47DE41-D4C8-415E-A916-2FED3BB2A572-" VPOS="3610" WIDTH="1929">
<String CONTENT="Red" HEIGHT="52" HPOS="211" VPOS="3612" WIDTH="121" />
<SP HEIGHT="52" HPOS="333" VPOS="3612" WIDTH="42" />
<String CONTENT="heifer," HEIGHT="67" HPOS="376" VPOS="3610" WIDTH="203" />
<SP HEIGHT="43" HPOS="580" VPOS="3634" WIDTH="40" />
<String CONTENT="a" HEIGHT="33" HPOS="621" VPOS="3634" WIDTH="29" />
<SP HEIGHT="37" HPOS="651" VPOS="3630" WIDTH="43" />
<String CONTENT="story" HEIGHT="62" HPOS="695" VPOS="3616" WIDTH="157" />
<SP HEIGHT="49" HPOS="853" VPOS="3629" WIDTH="40" />
<String CONTENT="of" HEIGHT="53" HPOS="894" VPOS="3611" WIDTH="63" />
<SP HEIGHT="53" HPOS="958" VPOS="3611" WIDTH="40" />
<String CONTENT="men" HEIGHT="34" HPOS="999" VPOS="3631" WIDTH="129" />
<SP HEIGHT="37" HPOS="1129" VPOS="3631" WIDTH="41" />
<String CONTENT="and" HEIGHT="53" HPOS="1171" VPOS="3615" WIDTH="111" />
<SP HEIGHT="52" HPOS="1283" VPOS="3615" WIDTH="43" />
<String CONTENT="cattle" HEIGHT="53" HPOS="1327" VPOS="3615" WIDTH="170" />
<SP HEIGHT="48" HPOS="1498" VPOS="3634" WIDTH="49" />
<String CONTENT="[by]" HEIGHT="67" HPOS="1548" VPOS="3615" WIDTH="109" />
<SP HEIGHT="66" HPOS="1658" VPOS="3616" WIDTH="49" />
<String CONTENT="Frank" HEIGHT="52" HPOS="1708" VPOS="3616" WIDTH="196" />
<SP HEIGHT="54" HPOS="1905" VPOS="3616" WIDTH="43" />
<String CONTENT="Dalby" HEIGHT="68" HPOS="1949" VPOS="3618" WIDTH="191" />
</TextLine>
<TextLine CS="1" HEIGHT="75" HPOS="146" STYLEREFS="StyleId-EF47DE41-D4C8-415E-A916-2FED3BB2A572-" VPOS="3687" WIDTH="2000">
<String CONTENT="Davison;" HEIGHT="67" HPOS="146" VPOS="3689" WIDTH="278" />
<SP HEIGHT="67" HPOS="425" VPOS="3689" WIDTH="49" />
<String CONTENT="introduction" HEIGHT="54" HPOS="475" VPOS="3687" WIDTH="387" />
<SP HEIGHT="53" HPOS="863" VPOS="3689" WIDTH="50" />
<String CONTENT="by" HEIGHT="67" HPOS="914" VPOS="3689" WIDTH="75" />
<SP HEIGHT="66" HPOS="990" VPOS="3690" WIDTH="45" />
<String CONTENT="Kermit" HEIGHT="54" HPOS="1036" VPOS="3690" WIDTH="228" />
<SP HEIGHT="51" HPOS="1265" VPOS="3693" WIDTH="49" />
<String CONTENT="Roosevelt;" HEIGHT="66" HPOS="1315" VPOS="3693" WIDTH="329" />
<SP HEIGHT="65" HPOS="1645" VPOS="3694" WIDTH="51" />
<String CONTENT="illustrated" HEIGHT="54" HPOS="1697" VPOS="3694" WIDTH="325" />
<SP HEIGHT="53" HPOS="2023" VPOS="3696" WIDTH="48" />
<String CONTENT="by" HEIGHT="66" HPOS="2072" VPOS="3696" WIDTH="74" />
</TextLine>
<TextLine HEIGHT="70" HPOS="144" STYLEREFS="StyleId-EF47DE41-D4C8-415E-A916-2FED3BB2A572-" VPOS="3767" WIDTH="1696">
<String CONTENT="Frank" HEIGHT="52" HPOS="144" VPOS="3767" WIDTH="192" />
<SP HEIGHT="53" HPOS="337" VPOS="3767" WIDTH="29" />
<String CONTENT="Wallace." HEIGHT="52" HPOS="367" VPOS="3768" WIDTH="269" />
<SP HEIGHT="50" HPOS="637" VPOS="3768" WIDTH="75" />
<String CONTENT="New" HEIGHT="52" HPOS="713" VPOS="3768" WIDTH="137" />
<SP HEIGHT="51" HPOS="851" VPOS="3768" WIDTH="33" />
<String CONTENT="York," HEIGHT="63" HPOS="885" VPOS="3768" WIDTH="181" />
<SP HEIGHT="63" HPOS="1067" VPOS="3768" WIDTH="34" />
<String CONTENT="Coward-McCann," HEIGHT="69" HPOS="1102" VPOS="3768" WIDTH="552" />
<SP HEIGHT="63" HPOS="1655" VPOS="3774" WIDTH="34" />
<String CONTENT="1934." HEIGHT="51" HPOS="1690" VPOS="3774" WIDTH="150" />
</TextLine>
<TextLine HEIGHT="50" HPOS="206" VPOS="3839" WIDTH="873">
<String CONTENT="214" HEIGHT="40" HPOS="206" VPOS="3840" WIDTH="86" />
<SP HEIGHT="48" HPOS="293" VPOS="3841" WIDTH="27" />
<String CONTENT="p." HEIGHT="37" HPOS="321" VPOS="3852" WIDTH="43" />
<SP HEIGHT="41" HPOS="365" VPOS="3840" WIDTH="28" />
<String CONTENT="incl." HEIGHT="41" HPOS="394" VPOS="3840" WIDTH="110" />
<SP HEIGHT="40" HPOS="505" VPOS="3840" WIDTH="27" />
<String CONTENT="front.," HEIGHT="47" HPOS="533" VPOS="3840" WIDTH="163" />
<SP HEIGHT="37" HPOS="697" VPOS="3851" WIDTH="29" />
<String CONTENT="plates." HEIGHT="49" HPOS="727" VPOS="3839" WIDTH="172" />
<SP HEIGHT="41" HPOS="900" VPOS="3840" WIDTH="59" />
<String CONTENT="21" HEIGHT="39" HPOS="960" VPOS="3840" WIDTH="56" />
<String CONTENT="cm" HEIGHT="23" HPOS="1020" STYLE="superscript" VPOS="3841" WIDTH="45" />
<String CONTENT="." HEIGHT="9" HPOS="1069" VPOS="3871" WIDTH="10" />
</TextLine>
<TextLine CS="1" HEIGHT="53" HPOS="146" VPOS="3892" WIDTH="1994">
<String CONTENT="&#169;" HEIGHT="51" HPOS="146" VPOS="3892" WIDTH="50" />
<SP HEIGHT="51" HPOS="197" VPOS="3892" WIDTH="32" />
<String CONTENT="Nov." HEIGHT="39" HPOS="230" VPOS="3898" WIDTH="117" />
<SP HEIGHT="39" HPOS="348" VPOS="3898" WIDTH="32" />
<String CONTENT="15," HEIGHT="40" HPOS="381" VPOS="3898" WIDTH="69" />
<SP HEIGHT="40" HPOS="451" VPOS="3898" WIDTH="26" />
<String CONTENT="1934;" HEIGHT="42" HPOS="478" VPOS="3897" WIDTH="145" />
<SP HEIGHT="43" HPOS="624" VPOS="3896" WIDTH="34" />
<String CONTENT="2c." HEIGHT="41" HPOS="659" VPOS="3896" WIDTH="65" />
<SP HEIGHT="28" HPOS="725" VPOS="3908" WIDTH="35" />
<String CONTENT="and" HEIGHT="38" HPOS="761" VPOS="3898" WIDTH="95" />
<SP HEIGHT="38" HPOS="857" VPOS="3898" WIDTH="33" />
<String CONTENT="aff." HEIGHT="41" HPOS="891" VPOS="3896" WIDTH="80" />
<SP HEIGHT="40" HPOS="972" VPOS="3897" WIDTH="35" />
<String CONTENT="Nov." HEIGHT="39" HPOS="1008" VPOS="3897" WIDTH="117" />
<SP HEIGHT="39" HPOS="1126" VPOS="3898" WIDTH="33" />
<String CONTENT="30;" CS="1" HEIGHT="40" HPOS="1160" VPOS="3897" WIDTH="57" />
<SP HEIGHT="38" HPOS="1241" VPOS="3899" WIDTH="38" />
<String CONTENT="A" CS="1" />
<SP HEIGHT="39" HPOS="1316" VPOS="3899" WIDTH="35" />
<String CONTENT="77364;" HEIGHT="46" HPOS="1352" VPOS="3899" WIDTH="169" />
<SP HEIGHT="46" HPOS="1522" VPOS="3899" WIDTH="37" />
<String CONTENT="Coward-McCann," HEIGHT="46" HPOS="1560" VPOS="3899" WIDTH="456" />
<SP HEIGHT="41" HPOS="2017" VPOS="3904" WIDTH="32" />
<String CONTENT="inc." HEIGHT="38" HPOS="2050" VPOS="3904" WIDTH="90" />
</TextLine>
<TextLine HEIGHT="50" HPOS="215" VPOS="3953" WIDTH="1400">
<String CONTENT="[Copyright" HEIGHT="49" HPOS="215" VPOS="3954" WIDTH="281" />
<SP HEIGHT="40" HPOS="497" VPOS="3954" WIDTH="26" />
<String CONTENT="is" HEIGHT="39" HPOS="524" VPOS="3954" WIDTH="40" />
<SP HEIGHT="29" HPOS="565" VPOS="3964" WIDTH="29" />
<String CONTENT="claimed" HEIGHT="40" HPOS="595" VPOS="3953" WIDTH="204" />
<SP HEIGHT="39" HPOS="800" VPOS="3954" WIDTH="27" />
<String CONTENT="on" HEIGHT="29" HPOS="828" VPOS="3964" WIDTH="59" />
<SP HEIGHT="39" HPOS="888" VPOS="3953" WIDTH="28" />
<String CONTENT="introduction]" HEIGHT="49" HPOS="917" VPOS="3953" WIDTH="344" />
<SP HEIGHT="47" HPOS="1262" VPOS="3955" WIDTH="73" />
<String CONTENT="(34-39746)" HEIGHT="48" HPOS="1336" VPOS="3955" WIDTH="279" />
</TextLine>
</TextBlock>
</PrintSpace>
</Page>
</Layout>
</alto>