2350 4196
1152 3995 130 50 1008

221 373 200 63 Seiler,
455 373 202 62 Ernst,
693 376 130 49 1889

297 449 356 52 Elektrische
682 448 286 67 zündung,
996 447 142 52 licht
1166 446 115 52 und
1316 445 246 52 anlasser
1595 443 97 52 der
1719 442 492 67 kraftfahrzeuge,

227 520 1982 74 von dr.-ing. E. Seiler … 2. aufl., mit 286 abbildungen. Halle
236 604 222 66 (Saale)
500 604 90 52 W.
624 604 235 68 Knapp,
893 605 150 50 1934.

300 676 99 47 viii,
428 676 86 40 256
539 688 43 36 p.
642 674 141 49 illus.,
813 676 178 48 diagrs.
1050 674 55 40 23½
1139 677 14 20 cm
1186 706 8 8 .

300 733 232 41 Contains
563 733 388 49 bibliographies.

230 786 1813 53 © Mar. 2, 1634; 1c. May 1; A-Foreign 24587; Wilhelm Knapp.
308 848 278 48 (34-22924)

224 949 213 66 Smith,
469 951 198 52 Frank
697 951 70 55 V.

300 1029 132 51 Fire
459 1029 295 50 insurance
780 1028 140 51 sales
949 1026 229 52 manual
1205 1026 111 52 and
1342 1025 170 67 guide
1537 1029 57 47 to
1619 1025 95 52 the
1739 1022 160 53 tariff
1926 1025 148 50 rules
2104 1021 110 54 and

227 1105 160 52 tariff
409 1110 166 63 rates,
598 1106 75 66 by
698 1104 196 53 Frank
917 1106 54 51 V.
1015 1103 205 55 Smith.
1281 1103 116 54 San
1424 1102 320 66 Francisco,
1772 1101 195 67 Calif.,
227 1101 1961 134 Underwriters’
497 1189 210 61 report,
739 1184 107 52 inc.
887 1216 12 33 [
905 1188 16 21 c
926 1184 135 50 1934
1066 1215 12 33 ]

297 1255 743 49 4 p. l., 78 p. diagr. 19½ cm .
232 1310 51 51 ©
310 1314 115 39 July
450 1315 38 40 3,
515 1313 113 39 1934;
681 1313 66 39 2c.
775 1314 93 37 and
896 1312 81 40 aff.
1005 1313 114 45 July
1145 1312 47 39 33;
1254 1311 40 38 A
1321 1310 140 40 74361;
1520 1310 371 40 Underwriters’
1921 1314 174 44 report,
2124 1312 89 40 inc.

309 1370 277 48 (34-22587)

225 1474 403 64 Southworth,
656 1476 138 52 Mrs.
828 1474 290 53 Gertrude
1150 1473 158 64 (Van
1338 1472 207 63 Duyn)

294 1549 310 54 America’s
641 1551 93 51 old
771 1549 179 53 world
985 1548 394 69 background;
1417 1550 97 50 the
1548 1549 188 66 myths
1774 1548 63 52 of
1872 1549 95 53 the
2003 1549 212 54 Greeks

228 1630 110 52 and
372 1629 324 65 Norsemen,
727 1628 95 51 the
852 1632 157 62 story
1040 1627 64 53 of
1136 1628 154 66 early
1321 1644 150 49 man,
1503 1627 113 52 and
1647 1626 96 53 the
1774 1625 221 69 history
2026 1626 64 53 of
2120 1628 95 53 the

226 1708 94 51 old
360 1706 180 52 world
579 1705 151 52 from
768 1705 95 54 the
902 1706 166 51 dawn
1108 1704 63 52 of
1207 1703 349 54 civilization
1595 1703 249 69 through
1882 1704 96 53 the
2017 1705 200 67 period

226 1784 63 53 of
319 1782 375 69 exploration,
724 1783 76 67 by
831 1781 282 55 Gertrude
1201 1801 71 34 Van
1304 1782 176 67 Duyn
1513 1781 369 55 Southworth
1916 1783 112 53 and
2061 1784 151 54 John

228 1863 129 52 Van
403 1862 174 67 Duyn
626 1858 384 56 Southworth.
1088 1858 292 68 Syracuse,
1425 1859 69 52 N.
1543 1859 89 68 Y.,
1677 1860 138 52 New
1863 1860 161 52 York
2075 1864 117 64 [etc.]

226 1939 259 69 Iroquois
515 1936 332 70 publishing
875 1955 294 50 company,
1197 1936 107 54 inc.
1338 1970 12 34 [
1355 1943 18 21 c
1379 1940 135 49 1934
1517 1971 11 33 ]

297 2024 44 35 x,
377 2013 69 49 [2],
479 2013 83 40 563
592 2023 43 37 p.
695 2012 127 39 illus.
852 2010 132 47 (incl.
1016 2009 159 49 maps)
1243 2010 56 41 19½
1331 2014 14 20 cm
1380 2043 8 8 .

233 2067 50 51 ©
319 2072 127 38 June
476 2071 68 45 17,
578 2069 139 47 1934;
753 2069 64 39 2c.
853 2068 95 40 and
981 2068 80 40 aff.
1097 2068 113 47 July
1243 2068 24 39 2;
1332 2069 39 38 A
1407 2068 167 47 74079;
1612 2069 220 47 Iroquois
1866 2069 108 49 pub.
2009 2079 80 39 co.,
2124 2070 91 41 inc.

310 2127 278 48 (34-22553)

224 2229 235 66 Specht,
491 2229 275 65 Richard,
803 2228 321 53 1870-1932.

295 2308 326 52 Beethoven
662 2326 57 34 as
763 2308 69 51 he
873 2307 169 67 lived,
1084 2307 74 68 by
1200 2307 252 53 Richard
1499 2309 239 67 Specht;
1784 2309 312 53 translated
2140 2310 74 68 by

227 2386 209 52 Alfred
470 2386 253 53 Kalisch.
799 2386 137 52 New
969 2386 178 65 York,
1177 2387 77 51 H.
1292 2387 187 54 Smith
1511 2389 45 49 &
1587 2388 65 51 R.
1686 2388 177 56 Haas,
1897 2391 148 49 1933.

305 2461 62 46 ix,
401 2461 69 47 [1],
500 2460 83 39 341
613 2470 40 37 p.
712 2459 142 38 22½cm.

305 2516 372 48 Bibliography:
709 2527 42 36 p.
782 2515 214 40 335-336.

235 2569 51 51 ©
322 2574 100 39 Oct.
456 2573 68 41 26.
557 2572 114 40 1933;
733 2572 64 39 2c.
834 2574 93 37 and
962 2572 80 39 aff.
1077 2572 113 47 July
1222 2573 68 46 25,
1326 2573 139 46 1934;
1503 2574 40 38 A
1576 2574 169 46 73608;
1784 2575 240 39 Harrison
2060 2575 156 40 Smith

305 2632 95 37 and
432 2631 178 38 Robert
642 2630 149 45 Haas,
824 2630 87 38 inc.
984 2628 276 48 (34-27023)

228 2732 274 62 Stewart,
531 2732 228 55 Powell.

302 2810 54 52 A
390 2810 210 67 goodly
633 2827 304 49 company;
976 2828 29 32 a
1039 2810 169 67 guide
1240 2816 58 46 to
1331 2813 238 64 parallel
1604 2813 253 67 reading,
1891 2813 74 67 by
1998 2813 213 53 Powell

235 2885 244 54 Stewart
532 2888 110 51 and
695 2887 245 52 Michael
994 2888 331 67 Bradshaw,
1376 2889 68 67 jr.
1501 2891 60 50 in
1614 2890 407 53 collaboration
2074 2891 138 53 with

233 2965 1978 70 James H. Parke, Mody C. Boatright [and others] … New
235 3041 176 69 York,
451 3042 326 56 Cincinnati
819 3048 135 62 [etc.]
995 3043 303 53 American
1331 3044 147 54 book
1513 3063 277 51 company
1853 3050 149 64 [1934]

304 3125 144 37 xxxv,
478 3114 86 41 300
591 3126 44 36 p.
697 3114 55 40 20½
784 3118 43 21 cm
833 3147 7 8 .

306 3171 1565 51 For the use of students in the English I course. cf. Pref.
236 3225 51 51 ©
318 3230 119 47 Aug.
468 3231 38 44 1,
538 3229 114 40 1934;
709 3229 67 39 2c.
809 3231 94 37 and
934 3229 80 39 aff.
1048 3230 117 47 Aug.
1197 3232 24 38 7;
1281 3232 41 38 A
1352 3233 168 46 74444;
1556 3234 155 39 Amer.
1745 3235 121 37 book
1899 3244 64 30 co.

313 3286 277 47 (34-22540)

227 3371 200 55 Who’s
461 3375 132 53 who
627 3374 61 53 in
720 3374 282 68 America,
1040 3395 27 32 a
1106 3377 391 68 biographical
1534 3379 320 67 dictionary
1891 3380 61 52 of
1988 3380 226 51 notable

297 3451 1919 232 living men and women of the United States. V. 18. 1934-1935 … Edited by Albert Nelson Marquis. Revised and reissued biennially … Chicago. The A. N. Marquis company.
300 3688 147 50 1934.

303 3759 113 39 2749
446 3770 40 36 p.
544 3759 53 39 23½
631 3762 14 20 cm
679 3790 7 6 .

305 3815 231 41 Contains
566 3816 298 47 advertising
894 3819 190 38 matter.

238 3867 51 51 ©
321 3871 125 48 Sept.
477 3872 37 45 6,
546 3871 111 40 1934;
717 3873 65 39 2c.
813 3874 94 38 and
938 3873 79 39 aff.
1052 3874 124 47 Sept.
1208 3876 25 39 8;
1293 3877 38 37 A
1363 3877 167 46 75201;
1563 3878 53 39 A.
1647 3879 54 38 N.
1735 3878 217 48 Marquis
1983 3889 65 30 co.
