2350 4196
1148 4010 133 50 1290

219 388 202 66 Binns,
455 388 234 66 Archie,
726 393 171 49 1899-

294 475 1839 72 ... Lightship. New York. Reynal and Hitchcock [ c 1934]
295 554 603 48 2 p. l., 7-345 p. 21½cm.
226 620 51 51 ©
303 625 117 47 Aug.
449 623 67 41 22.
545 624 113 40 1934;
715 624 65 41 2c.
809 626 119 42 Aug.
957 624 55 38 24;
1071 623 80 41 aff.
1182 624 123 45 Sept.
1333 623 83 44 13;
1447 623 41 36 A
1517 621 169 46 75103;
1717 622 54 38 A.
1800 621 165 41 Binns.
1998 622 210 38 Jackson

292 663 895 65 Heights, L. I., N. Y. ( 34-25912)
217 782 224 67 Brasol,
475 784 173 53 Boris
679 785 134 63 Leo,
850 787 168 50 1885-

291 861 120 51 The
441 861 224 67 mighty
696 861 183 53 three;
915 859 310 53 Poushkin.
1257 858 201 68 Gogol,
1488 856 406 68 Dostoievsky;
1931 876 26 32 a
1994 857 217 53 critical

221 939 231 67 trilogy,
479 938 34 51 by
582 939 167 52 Boris
778 939 200 51 Brasol
1014 981 53 8 ...
1102 936 386 52 introduction
1515 936 74 66 by
1616 935 300 52 Professor
1946 935 265 53 Clarence

220 1014 1471 69 A. Manning. New York, W F. Pavson, 1934.
296 1088 784 50 xviii p., 2 l., 3-295 p. 21½ cm .
230 1158 50 51 ©
315 1162 125 47 Sept.
470 1161 68 41 25.
568 1160 138 47 1934;
739 1160 65 40 2c.
838 1161 87 39 Oct
969 1160 24 36 9;
1054 1159 78 40 aff.
1167 1159 123 47 Sept.
1324 1158 54 39 29;
1439 1160 39 36 A
1508 1156 142 41 75691;
1711 1159 216 39 William
1958 1159 254 46 Farquhar

297 1219 203 46 Payson.
573 1217 276 48 (34-32934)

229 1321 277 64 Braxton,
539 1320 169 53 Allen
743 1322 309 62 Caperton,
1089 1321 322 51 1862-1914.

299 1398 119 53 The
450 1397 265 53 fifteenth
751 1397 375 65 amendment,
1160 1414 70 34 an
1266 1401 236 46 account
1534 1395 62 52 of
1628 1396 73 51 its
1737 1400 343 59 enactment;
229 1394 1962 135 address

428 1475 285 52 delivered
751 1474 194 53 before
984 1474 271 68 Virginia
1290 1478 144 48 state
1472 1474 102 51 bar
1616 1473 336 53 association
1991 1473 91 52 for
2121 1474 95 51 the

231 1572 132 48 year
397 1556 133 49 1903
568 1554 108 67 [by]
713 1553 71 51 A.
817 1552 288 68 Caperton
1137 1553 258 51 Braxton
1431 1594 55 9 ...
1558 1552 307 52 Foreword
1895 1553 75 66 by
231 1552 1960 132 Wyndham

402 1632 69 51 R.
514 1630 286 52 Meredith
848 1673 55 9 ...
986 1630 364 68 Lynchburg,
1391 1630 125 66 Va.,
1561 1629 56 54 J.
1658 1630 66 52 P.
1767 1631 128 51 Bell
1940 1648 277 50 company

233 1713 171 63 [1934]

300 1780 790 50 x, 78 p. front, (port.) 23 cm .
236 1851 50 51 ©
314 1855 118 47 Aug.
460 1855 69 46 14,
557 1853 113 40 1934;
725 1852 67 40 2c.
821 1853 120 47 Aug.
970 1853 54 38 17;
1082 1851 80 41 aff.
1193 1852 115 47 Aug.
1337 1851 56 40 16;
1450 1852 43 38 A
1520 1852 143 40 74564;
1723 1854 140 46 Mary
1892 1854 61 38 M.
1983 1854 233 47 Braxton,

305 1911 252 41 Staunton.
586 1911 86 38 Va.
735 1909 279 49 [Copyright
1042 1909 41 38 is
1113 1909 201 39 claimed
1344 1920 60 28 on
1431 1909 258 49 foreword]
313 1967 278 49 (34-24808)

231 2074 251 62 Brewer,
516 2071 311 64 Leighton.

309 2194 54 8 ...
407 2150 208 52 Riders
650 2147 65 54 of
749 2148 98 53 the
884 2147 119 67 sky.
1096 2149 215 51 Boston
1350 2148 113 52 and
1503 2148 138 52 New
1684 2148 179 66 York,
1904 2149 312 67 Houghton

231 2228 204 52 Mifflin
462 2244 297 50 company,
787 2228 151 50 1934.

305 2299 101 48 viii,
437 2297 84 42 163
551 2308 42 37 p.
653 2298 55 39 21½
742 2300 44 21 cm
789 2330 8 8 .

305 2356 41 37 A
374 2355 251 41 narrative
653 2364 150 38 poem.

240 2425 51 51 ©
320 2429 128 47 Sept.
473 2428 69 47 28,
569 2426 113 42 1934;
737 2427 64 39 2c.
832 2428 93 38 and
953 2427 78 39 aff.
1063 2427 97 40 Oct.
1189 2428 24 39 5;
1269 2429 40 37 A
1335 2428 143 40 76341;
1535 2428 49 40 L.
1614 2430 208 46 Brewer,
1851 2429 116 40 New
1996 2430 144 39 York.

318 2483 277 48 (34-32924)

231 2585 148 67 Bull,
409 2586 254 55 William
693 2587 266 64 Perkins,
995 2589 168 53 1870-

307 2664 174 52 From
511 2663 274 53 medicine
816 2682 133 34 man
979 2670 59 47 to
1068 2665 238 53 medical
1338 2684 161 49 man;
1534 2686 30 33 a
1597 2666 197 53 record
1827 2664 63 55 of
1924 2685 30 33 a
1988 2671 235 62 century

238 2742 112 51 and
378 2761 30 33 a
438 2740 129 53 half
596 2740 64 55 of
687 2759 262 51 progress
979 2742 60 52 in
1067 2743 193 52 health
1292 2743 113 53 and
1435 2743 311 54 sanitation
1778 2762 59 35 as
1867 2742 355 69 exemplified

238 2817 73 70 by
356 2819 419 67 developments
820 2820 61 51 in
923 2820 151 69 Peel,
1118 2820 73 69 by
1234 2821 148 53 Wm.
1428 2821 243 54 Perkins
1718 2820 153 53 Bull.
1954 2821 269 65 Toronto,

240 2894 1979 73 Can., The Perkins Bull foundation, G. J. McLeod, ltd. [ c 1934]
309 2969 134 46 xviii,
485 2969 99 46 222,
633 2968 69 50 [5],
745 2968 215 48 224-457,
1053 2990 10 29 [1]
1106 2980 42 37 p.
1193 2971 108 39 incl.
1345 2971 162 48 front.,
1554 2972 142 47 illus.,
1739 2970 158 48 plates
1925 2971 133 47 (part
2104 2971 111 47 col.)

241 3026 145 44 ports,
417 3025 132 48 (part
593 3025 109 47 col.)
754 3025 202 47 facsim.,
1001 3027 152 46 diagr.
1226 3027 113 41 fold.
1386 3038 124 37 map.
1583 3026 56 42 26
1643 3029 42 22 cm
1691 3060 8 8 .
1783 3027 274 49 (Half-title;
2125 3025 101 41 The

241 3081 871 51 Perkins Bull historical series, [1])
312 3136 285 42 Illustrated
633 3138 345 47 lining-papers;
1041 3141 218 39 addenda
1301 3141 92 39 and
1431 3143 163 38 errata
1633 3141 92 47 slip
1762 3141 212 39 inserted
2012 3140 212 39 between

241 3203 143 37 pages
415 3193 54 51 [2]
500 3196 93 38 and
639 3196 25 39 [3]

317 3249 144 42 “This
498 3250 183 41 edition
720 3250 41 40 is
799 3250 185 41 limited
1025 3254 47 37 to
1112 3250 112 42 1000
1262 3253 156 47 copies
1459 3254 51 39 of
1549 3253 159 40 which
1746 3253 85 41 875
1870 3263 82 30 are
1992 3254 79 39 for
2113 3252 112 41 sale.

241 3306 116 40 This
384 3306 41 41 is
452 3307 201 40 number
677 3306 98 41 398.
835 3306 207 51 [Signed]
1072 3308 69 39 W.
1168 3309 48 39 P.
1244 3309 155 41 Bull.”

312 3361 371 50 “Biographical
714 3364 267 46 appendix”;
1041 3374 43 37 p.
1121 3363 244 51 [393]-416.

308 3417 346 50 Bibliography;
716 3429 44 38 p.
801 3419 245 50 [417]-423.

244 3487 52 51 ©
319 3493 65 38 1c.
412 3492 126 47 Sept.
562 3493 68 39 17.
654 3491 114 40 1934;
819 3492 40 38 A
882 3493 60 38 ad
965 3492 83 40 int.
1074 3492 141 41 19379;
1267 3496 139 45 pubd.
1434 3496 114 38 July
1571 3496 57 39 24;
1680 3498 71 40 W.
1776 3497 51 39 P.
1851 3496 125 40 Bull.
2003 3496 225 38 Toronto.

322 3548 277 49 (34-33319)

244 3650 312 67 Campbell,
589 3653 97 50 Sir
711 3652 287 55 Malcolm.

314 3738 195 55 Salute
540 3747 59 48 to
629 3742 95 52 the
754 3742 155 68 gods.
991 3744 358 64 [Instalment
1383 3750 81 63 10]

323 3828 76 45 (In
431 3824 199 44 London
659 3825 199 51 Sunday
889 3827 242 51 pictorial,
1162 3828 134 53 Sept.
1326 3832 40 49 9,
1399 3832 143 49 1934)

245 3879 51 54 ©
322 3885 62 38 1c.
413 3884 99 40 Oct.
538 3886 38 47 1,
603 3885 140 47 1934;
771 3887 40 38 A
837 3887 60 38 ad
923 3886 85 40 int.
1036 3887 139 40 19504;
1232 3890 142 51 pubd.
1407 3891 123 48 Sept.
1560 3891 51 47 9;
1641 3892 61 38 M.
1731 3889 260 48 Campbell,
2018 3887 208 40 London.
