2350 4196
1095 3985 131 55 1783

179 350 247 66 Hunter,
454 353 266 53 Norman
749 352 263 65 diaries,
1042 357 171 50 1908-

241 425 1902 66 Riot, by N. C. Hunter … London, Jarrolds, limited [1935]
241 501 88 41 286
353 513 42 37 p.
453 501 56 41 19½cm.

174 555 1992 52 © 1c. Dec. 28, 1934; A ad int. 19794; pubd. Nov. 9; N. C. Hunter, Hytlie,
239 617 143 47 Kent,
415 617 234 47 England.
722 617 220 49 (35-866)

173 688 218 67 Irving,
421 691 413 66 Washington,
867 693 324 54 1783-1859.

247 764 116 54 Old
409 765 335 71 Christmas,
788 768 74 67 by
905 766 379 69 Washington
1329 766 231 67 Irving;
1607 783 109 50 pen
1763 765 288 67 drawings
2092 764 71 69 by

180 843 198 54 Albert
406 843 206 55 Dome.
687 844 399 68 Washington,
1119 846 148 50 1934.

241 917 957 49 2 p. l., 3-82 p., 1 l. col. illus. 22 cm .
244 973 1787 49 On half-title: … From the Sketch book of Geoffrey Crayon gent.
245 1030 1924 50 “Six hundred and seventy-five copies of this edition … designed and
174 1089 214 40 directed
417 1089 61 47 by
507 1089 168 41 Lester
705 1091 230 46 Douglas,
966 1090 124 40 have
1119 1090 118 39 been
1265 1089 194 48 printed
1489 1089 152 40 under
1672 1089 81 40 the
1785 1087 305 49 supervision
2120 1088 52 39 of

174 1146 128 39 John
330 1145 153 41 Davis
511 1149 51 37 at
589 1148 83 38 the
697 1147 221 48 printing
942 1147 150 40 house
1118 1146 53 41 of
1199 1146 130 40 Judd
1359 1148 95 38 and
1481 1145 277 48 Detweiler,
1787 1145 106 47 inc.,
1923 1144 52 40 in
175 1144 1979 106 Washington,

385 1203 57 40 D.
474 1203 62 48 O.,
568 1204 276 46 December,
874 1202 128 42 1934.
1063 1202 252 48 Lettering
1342 1204 61 47 by
1431 1203 178 41 Nestor
1638 1201 197 41 Davis.”

177 1256 50 51 ©
257 1261 112 38 Dec.
400 1261 68 46 18,
501 1259 140 49 1934;
675 1260 66 41 2c.
772 1262 94 38 and
897 1260 81 41 aff.
1011 1261 110 39 Dec.
1154 1260 81 47 28;
1268 1261 42 38 A
1339 1259 170 47 77903;
1544 1260 131 40 Judd
1706 1260 37 40 &
1772 1257 275 49 Detweiler,
2081 1258 91 39 inc.

243 1317 283 49 [Copyright
549 1317 45 40 is
618 1318 205 40 claimed
849 1329 63 29 on
936 1317 342 49 illustrations]
1352 1316 221 49 (35-509)

172 1392 275 66 Jackson,
477 1392 191 55 David
696 1393 191 65 Kelly.

241 1468 117 53 Poe
382 1469 114 52 and
519 1469 95 53 the
641 1468 286 55 Southern
951 1469 238 69 literary
1214 1486 337 51 messenger,
1574 1467 77 70 by
1676 1467 196 54 David
1895 1467 75 53 K.
172 1464 1974 149 Jackson;

331 1546 141 53 with
499 1566 30 33 a
560 1545 286 55 foreword
873 1547 74 69 by
976 1547 54 54 J.
1060 1546 78 53 H.
1164 1545 246 70 Whitty.
1475 1545 342 68 Richmond,
1846 1545 128 69 Va.,
2001 1545 170 53 Press

172 1623 64 53 of
260 1625 98 51 the
382 1624 167 52 Dietz
575 1624 265 69 printing
864 1642 98 50 co.,
990 1627 151 50 1934.

247 1695 1258 50 xiii p., 1 l., 120 p. front, (port.) illus. 24½ cm .
245 1752 135 41 With
404 1754 81 40 the
512 1753 297 48 autographs
833 1753 52 40 of
909 1753 213 40 Jackson
1146 1753 94 40 and
1266 1752 205 47 Whitty.

247 1808 94 41 “Of
362 1811 100 39 this
486 1810 184 40 edition
692 1809 85 41 500
801 1810 159 48 copies
981 1811 124 39 have
1129 1810 118 40 been
1270 1810 208 49 printed,
1504 1809 51 40 of
1580 1808 159 41 which
1765 1810 113 46 only
1901 1807 85 41 325
2012 1808 159 48 copies

176 1876 82 30 are
283 1866 79 40 for
387 1866 196 47 general
610 1866 331 41 circulation.”
1002 1866 119 40 This
1147 1876 117 37 copy
1292 1868 86 38 not
1400 1866 276 39 numbered.

245 1921 68 40 “A
344 1923 208 40 selected
585 1923 82 40 list
700 1923 52 40 of
781 1923 137 41 Poe’s
949 1923 355 40 contributions
1334 1924 49 39 to
1418 1924 82 41 the
1535 1921 242 41 Southern
1811 1922 205 51 literary
173 1932 1978 93 messenger
378 1980 50 38 in
463 1978 128 50 1835,
628 1978 128 49 1836,
793 1981 96 39 and
924 1979 142 41 1837”:
1132 1989 43 38 p.
1212 1978 172 49 91-92;
1425 1979 69 39 “A
1530 1979 208 41 selected
1772 1977 394 49 bibliography”:

173 2045 42 37 p.
243 2035 218 41 118-120.

178 2091 50 51 ©
266 2096 117 39 Nov.
423 2094 67 48 20,
531 2093 140 49 1934;
711 2095 66 40 2c.
816 2097 97 38 and
950 2095 80 40 aff.
1071 2097 109 38 Dec.
1219 2096 82 46 28;
1342 2096 43 39 A
1422 2096 169 47 78745;
1634 2097 56 38 D.
1731 2097 59 38 K.
1828 2096 227 47 Jackson,
2095 2096 76 46 jr.,

245 2152 247 48 Gastonia,
520 2153 55 38 N.
602 2151 47 41 C.
721 2152 221 49 (35-622)

173 2225 240 68 Janker,
445 2228 240 65 Robert,
719 2233 171 50 1894-

242 2302 774 70 Rontgenganzaufnahmen
1042 2305 95 52 des
1164 2306 315 52 menschen.
1544 2305 169 52 Total
1741 2305 297 68 Roentgen
2065 2321 105 51 ray

172 2380 204 68 photos
399 2381 64 53 of
483 2400 149 34 man.
681 2382 376 69 Darstellung
1076 2383 96 52 des
1191 2383 295 52 normalen
1509 2382 248 69 skeletts,
1779 2383 184 52 seiner
171 2382 1973 130 ererbten

313 2460 119 52 und
478 2459 363 53 erworbenen
886 2460 484 68 veranderungem
1454 2460 191 54 Views
1693 2460 64 54 of
1805 2461 95 53 the
1947 2461 221 52 normal

172 2535 271 70 skeleton,
468 2537 73 53 its
567 2537 329 68 hereditary
923 2538 113 52 and
1064 2537 265 68 acquired
1359 2539 259 67 changes.
1682 2539 133 53 Von
1844 2539 83 52 dr.
1956 2538 214 53 Robert

173 2612 1996 71 Janker … mit einem geleitwort von prof. dr. E. von Redwitz
235 2691 1936 71 … mit 40 lichtdrucktafeln und einer stereoskoptafel. Leipzig,
172 2770 56 54 J.
255 2770 73 54 A.
357 2771 204 67 Barth,
592 2772 151 50 1934.

244 2842 576 51 17, [80] p. 41 pl. 38½cm.
245 2898 636 42 “Literaturverzeichnis”:
911 2909 44 38 p.
984 2899 68 40 17.

179 2955 1995 52 © Sept. 14, 1934; 1c. Nov. 10; A-Foreign 26144; Johann Ambrosius
245 3016 169 40 Barth.
486 3013 220 50 (35-677)

176 3087 245 57 Joseista
449 3088 209 66 Maria,
686 3088 182 66 sister,
897 3093 172 49 1880-

181 3165 1993 150 Heroes and holidays [by] Sister Josefita Maria … with illustrations by Maginel Wright Barney. New York, Chicago,
175 3323 88 54 W.
295 3323 77 52 H.
407 3321 243 66 Sadlier,
681 3322 400 67 incorporated
1117 3356 13 33 [
1133 3329 19 21 c
1158 3326 150 64 1934]

248 3397 84 46 xii,
361 3396 89 40 270
475 3406 42 37 p.
582 3396 86 40 col.
696 3396 128 39 illus.
884 3393 55 43 19½cm.

180 3449 50 51 ©
258 3454 112 39 Dec.
398 3453 38 46 8,
463 3452 139 48 1934;
632 3453 65 39 2c.
727 3453 111 39 Dec.
867 3452 54 40 19;
980 3452 80 40 aff.
1088 3454 110 39 Dec.
1225 3453 55 40 29;
1339 3454 39 38 A
1407 3453 143 41 77902;
1608 3455 121 39 Wm.
1756 3455 61 38 H.
1851 3454 202 41 Sadlier,
2083 3456 89 38 inc.

256 3509 222 48 (35-579)

180 3585 183 63 Kaye,
391 3583 199 57 Louis.

249 3659 1926 71 Tightened belts, by Louis Kaye … London, Wright &
179 3740 212 50 Brown
450 3740 151 63 [1934]

248 3812 87 40 284
362 3823 43 37 p.
461 3810 56 41 19½cm.

184 3865 1990 53 © 1c. Dec. 22, 1934; A ad int, 19810; pubd. Oct. 26; Noel Norman,
248 3924 278 48 Tasmania,
553 3925 267 40 Australia.
891 3925 220 48 (35-867)
