2350 4196
1107 4013 131 48 1226

193 384 50 51 A
248 393 156 57 vent,
438 385 219 63 Joseph
692 387 236 64 Emory,
965 386 170 53 1878-

269 464 355 52 Excellences
656 467 109 50 and
796 482 183 34 errors
1007 464 58 51 in
1097 464 299 51 classroom
1426 465 411 63 management,
1865 462 71 65 by
1966 463 210 65 Joseph

202 540 1744 67 Emory A vent … Knoxville. Tenn., J. E. A vent, 1934.
271 610 1909 51 xiii p., 1 l., 665 p. diagrs. 19½ cm . (On cover: Teacher education
201 669 162 42 series,
423 671 53 44 v)

276 727 144 39 “This
459 728 40 38 is
539 729 80 37 the
658 728 130 38 third
827 730 187 37 volume
1054 728 49 38 of
1141 738 26 28 a
1208 727 174 45 trilogy
1422 727 46 37 in
1510 725 154 39 which
1704 735 82 28 are
1827 726 216 45 reported
2086 726 91 38 and

203 784 296 46 interpreted
529 785 79 38 the
636 785 292 39 excellences
960 785 90 38 and
1082 795 157 27 errors
1271 784 46 36 in
1350 781 224 47 teaching
1603 792 52 27 as
1687 782 248 39 conceived
1967 783 58 45 by
2100 782 83 39 1.002

205 841 219 39 teachers
456 842 238 38 scattered
729 852 112 29 over
872 842 57 38 45
959 845 152 34 states
1144 841 49 38 of
1226 840 97 38 this
1354 838 439 46 country."—Pref.

274 897 320 40 “References
624 898 79 38 for
735 899 192 38 further
963 898 198 45 reading”
1223 899 50 36 at
1305 897 87 37 end
1429 895 49 38 of
1512 896 115 38 each
1661 896 212 45 chapter.

203 951 48 50 ©
280 955 126 47 Sept.
433 956 67 40 15.
528 954 137 41 1934:
694 956 64 39 2c.
788 955 127 48 Sept.
940 957 80 38 24:
1050 955 79 40 aff.
1160 955 122 46 Sept.
1310 955 49 36 21:
1420 955 39 36 A
1485 953 167 39 75480:
1718 984 5 5 J.
1751 954 50 38 E.
1829 955 168 38 Avent.
271 954 1894 100 Knoxville.
425 1012 147 40 Tenn.
643 1012 277 44 (34-31972)

193 1113 253 66 Banner,
477 1115 230 54 Hubert
739 1117 275 63 Stewart,
1051 1119 166 49 1891-

197 1190 1983 147 Heirs harvest, by Hubert S. Banner … London. Hurst & Blackett, ltd. [1934]
268 1342 86 40 288
385 1353 43 38 p.
488 1342 56 41 19
545 1345 43 21 cm
594 1375 8 8 .

269 1399 209 40 “Second
514 1399 327 47 impression."

204 1452 50 51 ©
282 1457 66 39 1c.
379 1457 126 46 Sept.
533 1458 38 45 8,
597 1455 140 41 1934:
769 1458 40 37 A
837 1457 56 38 ad
926 1457 83 38 int.
1039 1455 166 39 19346;
1238 1456 139 46 pubd.
1408 1456 114 45 July
1551 1456 80 37 13:
1663 1455 60 38 H.
1757 1456 42 38 S.
1831 1456 206 39 Banner.

273 1456 1894 97 London.
450 1512 277 47 (34-31449)

206 1615 234 61 Barton,
474 1616 260 53 Rexford
763 1618 88 52 W.

208 1692 1974 145 World letters, incorporated … Kobe. Nippon, Sept. 14, 1934 … [Kobe,
754 1771 251 67 Nippon,
1043 1772 200 52 World
1283 1774 209 51 letters,
1532 1772 123 64 inc.]
1700 1779 17 19 c
1723 1774 148 49 1934.

269 1856 40 36 p.
354 1845 114 48 [5]-8.
526 1845 126 39 illus.
712 1846 23 36 28
769 1848 43 20 cm
819 1876 5 5 .

272 1901 460 47 “Mimeographed."

203 1953 50 51 ©
312 1969 33 28 1c.
375 1958 101 39 Oct.
503 1958 68 39 20.
598 1957 139 41 1934:
768 1960 38 36 A
834 1960 58 37 ad
922 1959 84 39 int.
1038 1958 133 38 19461:
1235 1958 139 46 pubd.
1408 1958 127 46 Sept.
1564 1959 80 37 14:
1675 1959 113 37 World
1867 1960 182 44 letters,
2079 1958 104 41 inc.,

270 2016 118 37 East
416 2016 201 38 Aurora.
693 2047 6 6 N.
733 2016 47 38 Y.

196 2114 263 67 Bentley,
492 2118 167 53 Isaac
689 2118 286 63 Madison,
1012 2121 166 50 1870-

269 2192 120 52 The
431 2210 122 34 new
598 2192 130 53 field
774 2192 63 54 of
881 2194 363 68 psychology,
1289 2195 94 52 the
1426 2193 422 69 psychological
1899 2192 286 54 functions

199 2270 1987 148 and their government, by Madison Bentley … New York, London, D. Appleton-Century company,
1547 2350 616 66 incorporated [ c 1934]
272 2420 95 41 xvi.
395 2421 84 40 439
508 2432 41 37 p.
607 2422 140 44 illus.,
776 2423 170 47 plates,
976 2423 176 47 diagrs.
1208 2423 54 39 20½c
1296 2427 43 20 m
1346 2457 6 6 .

272 2477 287 41 References
589 2478 220 40 included
841 2481 45 36 in
917 2481 80 37 the
1024 2481 313 46 supplement.

202 2529 50 50 ©
289 2536 126 45 Sept.
447 2535 66 40 15.
547 2534 139 39 1934:
722 2536 64 37 2c.
889 2536 24 36 and
952 2536 78 38 aff.
1069 2536 122 47 Sept.
1226 2537 81 39 18:
1344 2539 37 36 A
1417 2538 166 39 75376:
1622 2539 54 37 D.
1711 2538 440 47 Appleton-Century

269 2601 79 29 co.,
380 2591 89 38 inc.
544 2591 276 45 (34-31433)

193 2691 178 54 Bible.
451 2696 62 51 O.
554 2698 60 50 T.
689 2696 237 52 Psalms.
1001 2698 258 52 Hebrew.
1336 2703 149 49 1934.

199 2771 1982 147 Two thousand hours in the Psalms, by Dr. Marion McH. Hull … Chicago.
815 2851 111 53 Ill.,
959 2851 154 53 John
1148 2852 69 52 A.
1251 2853 251 53 Dickson
1538 2854 333 68 publishing
1905 2870 276 50 company

201 2958 13 33 [
220 2931 17 21 c
243 2928 150 64 1934]

270 2995 24 38 1
321 3005 43 37 p.
425 3026 9 9 l.,
461 2997 95 45 xvi,
586 2997 83 39 563
696 3008 42 36 p.
794 2999 114 39 23cm.

199 3051 1961 107 “I have transliterated the Hebrew into English script … and have interlined it, using largely the King James version."—Introd.
201 3164 49 51 ©
286 3169 117 47 Aug.
439 3171 36 37 7.
511 3170 111 39 1934:
685 3172 72 44 2c,
786 3172 116 44 Aug.
937 3172 46 37 11:
1055 3172 80 40 aff.
1169 3174 117 45 Aug.
1320 3176 51 38 31:
1441 3177 39 37 A
1516 3177 139 39 74733:
1722 3177 125 38 John
1882 3178 51 37 A.
1969 3177 211 38 Dickson

268 3226 107 45 pub.
404 3237 65 28 co.
542 3226 277 45 (34-31770)

240 3325 183 66 Birney,
460 3328 297 64 Hoffman,
798 3332 167 49 1891-

193 3405 1984 149 Forgotten canon [by] Hoffman Birney. Philadelphia. The Penn publishing company [ c 1934]
264 3553 86 41 306
379 3566 42 36 p.
482 3555 54 39 19½
569 3559 14 20 cm
618 3589 7 6 .

196 3607 50 51 ©
279 3612 108 47 Sept
432 3614 66 40 14,
529 3613 137 39 1934:
698 3616 64 37 2c.
793 3616 92 38 and
920 3615 67 38 aff
1032 3616 124 47 Sept.
1185 3620 80 36 26:
1297 3620 39 38 A
1363 3620 170 40 76116:
1567 3622 131 38 Penn
1727 3621 108 47 pub.
1866 3632 65 27 co.

273 3668 276 41 (34-31807)

192 3769 316 64 Bommart,
538 3773 165 54 Jean.

260 3844 77 53 Le
365 3846 223 68 poisson
614 3848 234 70 chinois,
878 3869 102 49 par
1007 3853 145 52 Jean
1181 3855 313 54 Bommart.
1560 3855 186 67 Paris,
1773 3854 283 54 Librairie
2085 3853 95 53 des

191 3919 508 75 Champs-Élysées
742 3930 172 65 [1934]
