2350 4196
1122 4009 131 47 1628

279 460 244 68 English
556 462 110 50 and
699 461 297 54 Canadian
1026 467 203 61 courts,
1259 460 141 52 with
1427 461 299 67 pleadings
1757 461 112 52 and
1899 461 197 67 forms,
2124 462 73 53 by

279 539 95 51 the
399 538 338 68 publishers’
761 538 264 53 editorial
1052 536 146 56 staff.
1262 539 242 53 Volume
1700 582 9 8 XXXV.
1773 537 269 69 Chicago,
277 539 1897 145 Callaghan
520 617 111 51 and
660 633 295 51 company,
986 620 148 51 1934.

279 689 202 45 xxxviii,
542 689 57 39 860
626 700 42 36 p.
724 689 59 40 26c
800 693 27 19 m
831 721 6 7 .

214 756 51 51 ©
298 761 108 38 Dec.
442 759 66 40 26.
544 758 138 42 1934;
716 759 65 40 2c.
816 761 92 38 and
944 760 79 41 aff.
1057 761 110 38 Dec.
1198 760 54 39 31;
1316 761 38 36 A
1387 760 139 38 78773;
1592 758 269 45 Callaghan
1895 759 34 38 &
1961 768 66 31 co.

212 861 329 65 Neumann,
572 861 229 65 Alfred,
836 868 168 47 1895-

279 937 121 53 The
422 954 121 36 new
569 936 205 67 Cæsar,
798 955 29 32 a
852 936 161 53 novel
1039 937 69 67 by
1131 936 205 52 Alfred
1364 936 291 51 Neumann;
1714 936 309 53 translated
2049 936 147 52 from

215 1012 1984 70 the German by Eden & Cedar Paul … London, Hutchinson &
214 1109 96 48 co.,
345 1090 101 53 ltd.
488 1093 171 66 [1934]

282 1162 84 40 584
397 1173 42 37 p.
497 1161 55 39 22½
585 1164 44 20 cm
635 1194 7 7 .

283 1219 254 39 American
559 1219 183 39 edition
775 1219 140 46 (New
941 1218 143 47 York,
1108 1220 52 39 A.
1184 1220 52 38 A.
1264 1218 190 48 Knopf)
1488 1220 88 38 has
1603 1220 132 40 title:
1762 1220 214 39 Another
2003 1220 190 40 Caesar.

213 1290 51 50 ©
325 1304 33 28 1c.
390 1294 117 39 Nov.
536 1292 69 47 24,
635 1291 140 46 1934;
806 1293 42 37 A
877 1293 61 38 ad
967 1292 84 39 int.
1085 1290 140 40 19643;
1287 1292 140 46 pubd.
1462 1292 125 45 Sept.
1619 1292 54 37 29;
1733 1293 171 38 Alfred
1935 1293 50 37 A.
2020 1292 178 47 Knopf,

280 1349 103 47 inc.,
412 1349 116 39 New
556 1349 143 40 York.
770 1347 253 46 (34-40521)

208 1451 146 53 New
400 1452 211 63 Jersey
660 1451 112 52 and
819 1451 263 54 Atlantic
1129 1452 198 65 digest.
1415 1453 136 49 1934
1597 1452 343 51 cumulative
1989 1452 209 52 annual

279 1528 1917 68 pocket part … [for] v. 36. Table of cases digested … St.
277 1609 167 52 Paul,
469 1609 161 52 West
655 1606 336 68 publishing
1018 1624 77 38 co.
1172 1609 151 63 [c1934]

277 1681 55 39 40
363 1692 41 36 p.
460 1680 56 39 25
520 1682 43 20 cm
570 1714 7 7 .

280 1738 119 38 This
437 1738 248 46 pamphlet
726 1737 40 38 is
810 1739 46 36 to
897 1737 58 38 he
995 1736 137 39 fitted
1174 1736 100 40 into
1316 1737 85 38 the
1439 1737 170 46 pocket
1650 1740 50 35 at
1743 1737 80 37 the
1864 1737 121 38 hack
2026 1737 50 39 of
2118 1739 79 37 the

208 1796 192 38 volume
424 1794 50 38 of
500 1794 84 39 the
608 1795 73 37 set
708 1795 47 37 to
784 1792 156 40 which
968 1793 38 39 it
1033 1792 207 47 belongs.

213 1861 50 51 ©
293 1865 115 39 Nov.
441 1865 66 38 27.
541 1862 112 41 1934;
713 1862 64 40 2c.
811 1864 111 38 Dec.
953 1862 54 39 27;
1069 1862 79 41 aff.
1181 1863 110 39 Dec.
1324 1863 81 45 24;
1439 1863 43 38 A
1511 1862 141 39 78724;
1713 1863 134 39 West
1881 1864 106 45 pub.
2019 1872 65 30 co.

211 1965 256 65 Nichols,
497 1964 304 65 Beverley,
834 1970 170 49 1899-

272 2043 57 52 A
383 2042 213 60 village
651 2040 62 53 in
770 2060 31 33 a
859 2041 187 53 valley
1166 2058 34 44 [by]
1266 2042 274 60 Beverley
1600 2041 247 52 Nichols.
1943 2042 255 51 London.

202 2122 55 53 J.
296 2119 156 69 Cape
491 2122 170 64 [1934]

278 2191 1089 51 2 p. l., 7-287 p. incl. front., illus. 20½ cm .
277 2252 128 39 Title
431 2249 226 49 vignette.

306 2308 288 39 "Illustrated
623 2307 61 47 by
710 2307 104 40 Rex
843 2306 275 40 Whistler.”

212 2361 1986 51 © 1c. Nov. 34. 1934; A ad int. 19586; pubd. Oct. 22; B. Nichols, London.
288 2421 278 48 (34-40115)

207 2521 237 66 Onions,
474 2522 215 65 Oliver,
714 2522 196 67 pseud.

280 2600 243 53 Catalan
557 2600 196 66 circus,
788 2599 74 67 by
895 2597 197 56 Oliver
1129 2599 233 54 Onions.
1433 2600 257 65 London,
1763 2642 9 8 I.
1808 2600 310 52 Nicholson
2152 2603 44 49 &

204 2678 256 53 Watson,
488 2677 242 67 limited,
759 2680 149 49 1934.

277 2750 87 40 320
391 2762 40 36 p.
489 2750 57 39 19
548 2752 44 20 cm
597 2784 7 6 .

278 2807 164 40 “First
466 2805 225 42 edition.”

212 2860 1983 51 © 1c. Dec. 1, 1934; A ad int. 19661; pubd. Oct. 4; O. Oliver. Loudon.
289 2918 277 46 (34-40293)

208 3023 252 64 Ornano,
489 3022 257 52 Antoine
772 3020 266 64 Philippe
1064 3021 314 64 Rodolphe,
1408 3026 176 48 comte
1612 3023 34 51 d'.

276 3098 132 52 Life
433 3099 111 51 and
568 3102 151 49 loves
743 3098 63 52 of
829 3099 182 51 Marie
1034 3098 338 57 Walewska,
1395 3099 73 67 by
1496 3100 187 54 Count
1708 3100 319 65 d’Ornano;
2056 3098 139 51 with

209 3180 61 45 13
302 3176 381 53 illustrations
713 3174 298 68 including
1046 3180 61 46 11
1142 3177 251 52 hitherto
1425 3177 398 66 unpublished.
1893 3177 301 54 Montreal,

207 3252 62 56 L.
299 3254 247 66 Carrier,
574 3257 148 49 1934.

279 3325 1376 50 5 p. l., [13]-428 p., 1 l. front., plates, ports. 21½ cm .
213 3379 1983 52 © 1c. Oct. 26. 1934; A ad int. 19545; pubd. Aug. 29; Antoine Philippe
281 3439 259 47 Rodolphe.
568 3442 144 37 count
740 3439 256 40 d’Ornano.
1023 3440 252 39 Montreal.
1347 3439 278 47 (34-39907)

208 3540 240 64 Packer,
479 3540 275 56 Clarence
784 3542 271 53 Edward.

273 3618 361 52 Automobile
666 3619 209 54 service
905 3619 141 65 shop
1076 3626 421 60 management;
1536 3639 31 33 a
1598 3620 230 52 manual
1861 3618 92 53 for
1985 3617 206 52 service

204 3696 1964 293 managers, shop owners, and mechanics engaged in the management and operation of automobile service stations, by C. Edward Packer … and J. A. Ahlers … Chicago. American technical society [ c 1934]
