2350 4196
1074 3996 131 52 1611

193 359 159 61 Orliac,
384 356 267 54 Jehanne
683 359 34 51 d’.

213 432 152 54 Joan
414 433 62 52 of
525 434 116 52 Arc
691 435 111 52 and
848 435 100 51 her
996 432 383 67 companions,
1425 432 74 65 by
1545 431 261 54 Jehanne
1854 430 285 65 d’Orliac;

143 509 332 53 authorized
508 512 344 52 translation
884 511 153 52 from
1069 510 95 53 the
1197 508 223 54 French
1453 509 74 66 by
1559 509 299 53 Elisabeth
1890 508 247 64 Abbott;

145 586 138 52 with
340 591 60 48 13
454 588 382 54 illustrations
889 589 111 52 and
1054 592 28 48 3
1136 604 178 49 maps.
1402 585 429 67 Philadelphia,
1881 585 260 66 London,

141 663 55 54 J.
229 665 65 52 B.
325 664 337 67 Lippincott
692 683 296 49 company,
1020 668 151 49 1934.

211 733 86 41 304
334 746 42 37 p.
436 737 165 48 front.,
705 770 8 14 pl.,
750 740 162 45 ports.,
945 746 127 40 map,
1108 737 153 48 plans.
1322 735 55 40 23
1382 738 43 22 cm
1430 768 8 8 .

215 792 161 41 “First
412 794 227 41 edition.”

146 847 1833 51 © Nov. 2, 1034; 2c. and aff. Nov. 15; A 78117; J. B. Lippincott. co.
224 908 279 49 (34-39711)

144 1011 195 65 Owen,
371 1013 251 62 Russell,
656 1018 171 49 1889-

213 1087 180 55 South
429 1089 63 51 of
524 1090 96 52 the
653 1108 120 39 sun,
808 1090 72 65 by
916 1089 223 53 Russell
1174 1089 191 54 Owen.
1443 1087 146 55 New'
1615 1089 179 67 York,
1829 1092 122 52 The
1984 1091 156 54 John

139 1167 644 69 Day company [ c 1934]
211 1239 85 43 288
329 1251 43 37 p.
433 1240 54 39 21
491 1244 43 20 cm
541 1273 8 8 .

211 1297 311 41 Illustration
551 1309 60 29 on
640 1300 94 46 t.-p.

148 1352 1734 52 © Nov. 15, 1934: 2c. Nov. 15; aff. Nov. 10; A 78107; R. Owen,
1912 1357 117 38 New
216 1357 1910 97 Canaan,
388 1414 147 39 Conn.
604 1413 279 48 (34-40086)

134 1506 213 58 Pacific
370 1515 272 63 reporter.
722 1509 217 55 Second
963 1510 183 52 series.
1224 1510 168 54 Cases
1418 1512 214 65 argued
1658 1512 113 52 and
1794 1511 352 53 determined

215 1587 60 55 in
305 1588 94 53 the
431 1595 188 46 courts
650 1589 63 52 of
743 1591 270 64 Arizona,
1043 1588 343 67 California,
1418 1589 302 58 Colorado,
1751 1590 204 67 Idaho,

214 1591 1906 141 Kansas,
370 1666 297 54 Montana,
718 1668 252 58 Nevada,
1022 1669 138 50 New
1210 1666 242 67 Mexico,
1505 1667 339 68 Oklahoma,
1897 1668 250 68 Oregon,

215 1743 177 69 Utah,
422 1743 398 68 Washington,
849 1745 323 67 Wyoming,
1200 1746 135 52 with
1365 1746 106 65 key
1498 1747 240 51 number
1764 1747 379 56 annotations.

217 1840 49 39 v.
304 1826 66 49 34
402 1822 126 68 (2d)
610 1822 618 69 August-September,
1266 1827 148 49 1934.
1492 1824 82 55 St.
1611 1824 165 67 Paul,
1816 1826 157 53 West
216 1827 1906 142 publishing
457 1920 98 38 co.,
582 1904 149 49 1934.

216 1976 95 42 xvi,
340 1975 113 40 1226
481 1986 42 36 p.
577 1974 55 39 26
636 1977 43 20 cm
687 2009 7 7 .

150 2029 50 51 ©
225 2034 117 38 Nov.
368 2032 69 48 12,
460 2031 140 41 1934:
630 2031 66 40 2c.
724 2032 112 40 Dec.
864 2031 80 46 27;
973 2031 79 40 aff.
1082 2033 110 40 Dec.
1218 2031 81 41 24:
1329 2033 41 38 A
1395 2031 169 49 78709;
1593 2033 138 40 West
1756 2033 108 48 pub.
1892 2044 66 29 co.

148 2121 173 66 Page,
352 2121 255 55 William
640 2123 275 63 Herbert,
951 2126 170 49 1868-
1333 2123 81 51 ed.

220 2203 55 50 A
317 2201 184 66 digest
544 2201 63 50 of
652 2201 75 51 all
770 2200 265 67 reported
1079 2200 275 53 decisions
1397 2200 63 52 of
1502 2202 93 51 the
1640 2210 189 46 courts
1871 2204 64 51 of
1979 2204 168 67 Ohio,

149 2279 152 51 from
327 2279 95 51 the
448 2279 230 52 earliest
703 2278 196 66 period
927 2283 57 46 to
1012 2278 145 54 date.
1219 2277 277 53 Lifetime
1519 2280 82 51 ed.
1668 2281 214 52 Edited

148 2281 1978 142 by William Herbert Page … v. 12. .Taxation to
1541 2358 191 53 Zones.
1800 2359 349 68 Cincinnati,

149 2435 119 52 The
294 2437 86 52 W.
411 2436 76 51 H.
516 2433 303 53 Anderson
847 2451 306 50 company;
1183 2434 418 68 Indianapolis,
1630 2437 119 53 The
147 2439 1977 127 Bobbs-Merrill

269 2530 279 49 company
583 2545 12 33 [c
624 2514 135 51 1934
762 2544 12 33 ]

219 2588 59 44 vi,
310 2586 117 40 1068
454 2596 41 36 p.
555 2584 114 39 26cm.

153 2641 51 51 ©
235 2645 110 38 Dec.
376 2643 68 41 24.
477 2639 139 49 1934;
650 2641 65 39 2c.
748 2643 93 37 and
874 2642 81 41 aff.
986 2643 111 40 Dec.
1129 2642 79 42 26;
1245 2644 38 37 A
1318 2643 168 43 78702;
1518 2645 70 39 W.
1623 2645 60 40 H.
1714 2645 255 41 Anderson
1998 2658 68 32 co.

149 2732 114 52 Par
269 2731 200 64 melee,
499 2730 265 54 Maurice
790 2732 167 62 Farr,
988 2736 169 50 1882-

215 2810 377 66 Bolshevism,
646 2807 231 54 fascism
929 2809 112 51 and
1092 2809 94 53 the
1237 2810 574 58 liberal-democratic
1862 2822 163 63 state,
2076 2820 74 66 by

145 2886 1981 147 Maurice Parmelee … New York, J. Wiley & sons, inc.; London,
305 2966 300 67 Chapman
632 2967 45 49 &
703 2964 160 67 Hall,
889 2963 239 69 limited,
1158 2969 148 49 1934.

223 3042 72 39 xii
320 3052 57 37 p.,
405 3041 26 38 1
494 3071 8 16 l.,
528 3039 89 40 430
640 3050 42 36 p.
742 3038 56 38 21
801 3040 44 20 cm
851 3070 7 8 .
980 3036 130 49 $3.00

155 3095 50 51 ©
237 3100 115 37 Nov.
385 3099 38 41 8,
455 3096 140 41 1934;
628 3095 66 40 2c.
724 3096 117 38 Nov.
873 3096 79 38 12:
986 3094 81 42 aff.
1099 3097 114 39 Nov.
1245 3098 80 41 10;
1362 3100 38 37 A
1434 3100 168 41 77194:
1640 3101 217 42 Maurice
1887 3105 263 43 Parmelee,

222 3157 116 38 New
365 3155 144 39 York.
583 3152 280 49 (34-40068)

157 3244 245 64 Peattie,
434 3242 226 53 Donald
695 3241 256 66 Culross,
987 3247 169 49 1898-

219 3322 169 52 Trees
417 3340 111 48 you
559 3325 153 47 want
740 3325 58 46 to
826 3320 184 66 know,
1039 3320 74 66 by
1142 3323 229 52 Donald
1405 3324 230 55 Culross
1666 3328 237 53 Peattie.

151 3331 1974 121 Illustrations
425 3399 64 51 of
520 3399 96 51 the
648 3402 220 48 eastern
901 3403 144 47 trees
1081 3398 149 54 from
1264 3401 94 52 the
1393 3401 195 53 classic
1621 3404 213 67 “Sylva
1868 3408 62 51 of
1964 3410 182 53 North

149 3478 299 52 America”
471 3477 74 66 by
570 3477 275 51 Francois
869 3476 197 52 Andre
1091 3476 298 68 Michaux;
1422 3479 375 57 illustrations
1823 3484 64 51 of
1912 3494 235 46 western

150 3565 141 44 trees
326 3557 74 66 by
437 3554 171 53 Ethel
642 3555 237 65 Bonney
915 3553 228 67 Taylor.
1218 3556 229 68 Racine,
1482 3559 159 67 Wis.,

1675 3561 298 55 Whitman
150 3566 1973 135 publishing
394 3649 297 50 company,
720 3638 17 20 c
744 3635 148 49 1934.

221 3703 730 65 95 p. col. illus. 8½ × 13 cm .
226 3764 72 40 On
333 3772 167 31 cover:
537 3763 38 37 A
609 3761 290 46 descriptive
933 3760 143 47 guide
1112 3763 46 37 to
1190 3762 84 40 178
1308 3765 126 38 trees
1471 3763 118 41 with
1624 3776 112 29 over
1768 3767 56 42 90
1857 3771 130 39 color
153 3773 1981 87 illustrations.

159 3874 52 52 ©
240 3879 119 46 Aug.
388 3877 39 47 1,
457 3874 140 46 1934;
631 3874 66 40 2c.
730 3874 126 46 Sept.
887 3873 55 40 27;
1003 3873 82 42 aff.
1118 3875 126 46 Sept.
1275 3876 81 42 26;
1389 3878 38 37 A
1458 3878 169 43 76159;
1661 3881 250 41 Whitman
1943 3887 94 40 pub
2085 3899 52 28 co

237 3932 278 52 (34-39897)
