2350 4196
1107 4053 99 55 741

264 484 519 49 2 p. l., 198 p. 20 cm .
261 542 235 40 Cover-title.

261 599 116 38 This
402 599 247 48 pamphlet
676 600 39 38 is
740 602 48 37 to
813 601 55 39 be
892 600 137 39 fitted
1055 600 102 38 into
1182 599 80 40 the
1288 599 171 47 pocket
1484 600 51 39 at
1562 600 80 38 the
1668 599 121 40 back
1815 600 50 40 of
1891 600 81 39 the
1997 601 190 40 volume

190 656 50 37 of
268 656 81 39 the
374 658 73 37 set
473 658 48 38 to
548 656 157 40 which
731 657 39 39 it
798 657 208 46 belongs.

194 722 50 52 ©
284 727 117 46 July
437 727 39 46 2,
517 727 140 42 1934;
699 728 65 38 2c.
806 727 115 47 July
961 728 52 40 7;
1055 725 82 41 aff.
1176 725 115 48 July
1332 726 52 45 5;
1426 726 40 38 A
1506 724 170 48 73309;
1718 725 217 42 William
1975 726 212 41 Edward

263 784 236 45 Baldwin,
534 785 274 39 Cleveland.

187 901 278 63 Graham,
494 901 242 55 Willard
764 902 54 55 J.

258 979 204 52 Public
504 978 199 69 utility
745 979 324 66 valuation;
1113 977 406 70 reproduction
1561 983 118 48 cost
1723 996 58 34 as
1824 997 32 34 a
1899 978 149 52 basis
2091 978 93 53 for

187 1056 386 69 depreciation
610 1058 112 51 and
754 1056 280 55 rate-base
1066 1055 459 68 determination,
1557 1056 75 68 by
1662 1055 253 56 Willard
1949 1057 58 54 J.

187 1052 1974 154 Graham. Chicago, Ill., The University of Chicago press [ c 1934]
260 1205 81 50 vii,
394 1206 54 41 95
498 1218 44 39 p.
603 1206 55 40 23
663 1209 42 21 cm
711 1239 8 9 .
808 1206 300 50 (Half-title:
1158 1206 194 43 Studies
1404 1208 49 40 in
1501 1206 222 43 business
1773 1207 410 48 administration,

186 1264 90 43 vol.
360 1296 10 16 IV,
398 1276 74 28 no.
503 1264 50 49 3)

258 1321 374 50 Bibliography:
668 1334 43 37 p.
742 1322 157 42 89-95.

190 1389 50 52 ©
270 1395 116 46 Apr.
415 1394 69 45 24,
517 1394 141 46 1934;
691 1394 68 39 2c.
792 1394 126 40 June
948 1395 53 45 4;
1036 1393 83 40 aff.
1152 1394 125 40 June
1309 1394 52 46 6;
1397 1396 40 37 A
1470 1393 172 49 72661;
1678 1395 282 49 University
1992 1397 53 40 of
257 1393 1911 111 Chicago,
413 1449 223 50 Chicago.
709 1450 279 49 (34-16132)

180 1570 183 66 Hellé,
395 1570 220 54 André.

314 1646 1859 73 … La croisière des enfants. Paris, Berger-Levrault [ c 1933 ]
256 1719 771 54 47, [1] p. col. illus. 32 x 25 cm.
187 1787 1997 131 © Oct. 20, 1933; 1c. Jan. 17, 1934; A- Foreign 23426; Éditions Berger-Levrault. (34-16702)
181 1981 363 66 Hochbaum,
578 1982 285 57 Elfrieda.

257 2058 238 54 Passion
534 2059 112 52 and
686 2064 265 63 pageant,
987 2059 73 68 by
1102 2057 265 54 Elfrieda
1408 2057 370 67 Hochbaum;
1818 2057 142 55 with
187 2053 1968 154 drawings

337 2132 1577 77 by Dorothy Cornell. Boston, B. Humphries, inc. [c1933]
250 2209 57 40 78
338 2220 43 37 p.
441 2208 128 42 illus.
630 2209 54 40 21
689 2212 44 21 cm
738 2241 8 8 .

252 2268 40 37 A
328 2264 253 44 collection
617 2267 52 39 of
704 2269 157 39 travel
898 2267 236 42 sketches.

524 2325 261 47 CONTENTS.—Bruges.
803 2346 58 6 —
879 2324 180 40 Berlin.
1076 2348 58 4 —
1151 2324 346 41 Wolkenstein.
1515 2348 56 4 —
1591 2325 335 42 Dinkelsbiihl.
1946 2348 57 4 —
182 2321 1980 113 Strasbourg.

184 2439 50 52 ©
281 2444 109 39 Dec.
438 2443 38 46 6,
524 2442 139 47 1933;
712 2442 65 40 2c.
825 2441 127 41 June
997 2443 66 45 11,
1110 2441 138 48 1934;
1298 2441 81 41 aff.
1427 2443 113 47 May
1585 2443 82 46 31;
1718 2443 38 38 A
1802 2442 171 47 72712;
2023 2443 157 40 Bruce

250 2500 310 49 Humphries,
593 2501 90 38 inc.
757 2497 280 51 (34-16150)

174 2619 173 51 Iowa.
421 2618 278 67 Supreme
733 2622 174 49 court.

246 2691 1932 77 Reports of cases at law and in equity determined … May
176 2774 109 52 and
320 2773 330 69 September
676 2779 191 62 terms,
898 2776 147 50 1933.
1122 2773 70 55 U.
1223 2773 66 55 G.
1318 2775 293 67 Whitney,
1640 2779 271 63 reporter,
1978 2790 49 34 v.
2059 2776 116 48 216.

174 2851 113 53 Des
315 2853 238 66 Moines,
581 2853 120 53 The
732 2850 159 56 State
920 2851 62 54 of
1011 2853 156 51 Iowa
1201 2885 12 34 [
1219 2860 17 19 c
1243 2856 135 48 1934
1382 2885 11 33 ]

248 2937 43 35 x,
321 2926 113 38 1542
461 2936 43 38 p.
560 2926 190 39 facsim.
806 2926 55 39 23
866 2928 43 20 cm
916 2959 7 7 .

181 2976 1882 59 © May 22, 1934; 2c. June 26; aff. July 2; A 73500; State of Iowa.
171 3103 196 62 Jones,
398 3101 219 65 Joseph
651 3101 249 65 Marion,
936 3103 166 51 1908-

247 3179 185 53 Tariff
469 3178 357 67 retaliation;
864 3179 415 69 repercussions
1315 3180 63 52 of
1414 3180 95 53 the
1545 3178 471 70 Hawley-Smoot
2052 3177 123 66 bill,

175 3257 72 68 by
275 3257 216 68 Joseph
519 3258 79 52 M.
627 3257 192 67 Jones,
847 3257 70 68 jr.
980 3256 426 70 Philadelphia,
1436 3256 336 70 University
1804 3255 62 56 of
177 3250 1971 143 Pennsylvania

391 3352 184 52 press;
622 3335 257 67 London,
924 3335 75 53 H.
1047 3335 265 68 Milford,
1359 3335 229 56 Oxford
1634 3334 319 69 university
1998 3353 174 50 press,

174 3416 151 50 1934.

241 3497 114 37 xp.,
385 3487 23 39 1
457 3517 22 17 l.,
506 3486 85 40 352
618 3498 43 37 p.
722 3486 55 40 23½cm.

244 3543 347 51 Bibliography:
652 3556 44 37 p.
728 3542 216 42 320-332.

176 3596 50 52 ©
259 3602 113 46 May
403 3601 67 46 28,
504 3600 113 41 1934;
677 3601 66 41 2c.
777 3601 95 41 and
905 3600 83 43 aff.
1019 3602 125 39 June
1175 3602 52 47 6;
1263 3603 39 40 A
1334 3602 170 47 72640;
1543 3603 280 47 University
1857 3605 52 37 of
244 3599 1906 104 Pennsylvania
419 3668 147 39 press.
641 3657 279 50 (34-16128)

167 3775 331 64 Kentucky.
574 3778 181 65 Laws,
784 3782 257 60 statutes,
1072 3784 98 46 etc.

237 3853 311 53 Baldwin’s
595 3854 305 67 Kentucky
945 3858 238 51 statutes
1229 3855 227 66 service,
1504 3858 151 63 1934,
1700 3852 465 71 supplementing

168 3928 269 55 Carroll’s
473 3931 304 60 Kentucky
814 3936 237 49 statutes
1089 3933 109 52 and
1235 3934 163 53 codes
1433 3932 63 53 of
1530 3933 266 65 practice,
1831 3931 333 69 containing
