2350 4196
1178 4001 69 49 24

193 362 298 66 Hallesby,
521 364 101 53 Ole
651 362 321 65 Christian,
1003 362 169 53 1879-

267 436 1910 64 Conscience, by O. Hallesby … translated by Clarence J.
193 518 249 67 Carlsen,
470 535 62 37 m.
560 537 52 33 a.
675 517 397 67 Minneapolis,
1096 515 199 66 Minn.,
1320 515 310 67 Augsburg
1655 514 333 69 publishing
2010 514 171 53 house

200 598 170 65 [1933]

263 667 85 39 157
388 677 42 37 p.
500 666 57 39 20½
589 669 43 20 cm
638 699 7 7 .

266 724 161 40 “First
465 723 223 41 edition.’’

199 782 1985 50 © Dec. 18, 1933 ; 2c. and aff. Jan. 2, 1934; A 67792; Augsburg pub. house.
274 841 249 49 (34-1088)

199 929 246 64 Harper,
533 946 146 47 Henry
707 930 272 62 Howard,
1012 928 170 53 1871-

270 1009 118 51 The
432 1008 255 66 heritage
732 1008 64 51 of
839 1007 121 52 Bob
1004 1007 330 51 Hardwick.
1421 1008 163 65 (Rev.
1631 1008 111 65 ed.)
1828 1009 54 51 A
1925 1009 260 65 personal

200 1086 286 51 narrative
515 1085 64 51 of
607 1084 244 55 colorful
881 1090 191 48 events
1101 1085 110 51 and
1240 1084 212 52 human
1482 1085 369 66 experiences,
1880 1086 73 65 by
1985 1086 199 54 Henry

200 1161 1926 69 Howard Harper; with illustrations by Haydon Jones …
202 1240 184 53 Cedar
414 1241 238 66 Rapids,
681 1242 102 64 la.,
812 1240 241 53 Printed
1081 1240 75 66 by
1184 1240 95 52 the
1309 1241 186 51 Torch
1526 1256 173 50 press,
1731 1243 148 49 1933.

276 1312 86 40 275
389 1324 40 36 p.
491 1313 162 40 front.,
684 1314 169 46 plates.
916 1312 53 40 23½
1019 1315 27 19 m
1053 1343 7 8 .

276 1369 261 40 Published
566 1369 49 39 in
643 1369 106 39 1911
784 1370 153 38 under
964 1369 133 38 title:
1131 1368 98 39 Bob
1257 1368 278 40 Hardwick.

205 1424 50 50 ©
283 1429 109 38 Dec.
420 1428 67 41 21,
516 1427 111 40 1933
648 1438 7 29 :
684 1427 66 39 2c.
778 1427 108 38 Dec.
915 1427 81 39 26:
1028 1426 80 40 aff.
1137 1426 106 38 Jan.
1273 1425 67 40 12.
1369 1425 139 46 1934;
1539 1427 39 36 A
1607 1424 168 43 69004;
1807 1425 58 39 H.
1896 1425 59 38 H.
1985 1425 205 47 Harper,

274 1485 194 38 Boston.
541 1484 248 47 (31-1045)

204 1572 262 64 Hettich,
499 1574 217 52 Ernest
746 1572 270 64 Leopold,
1048 1577 167 48 1897-

275 1649 54 51 A
358 1649 170 68 study
561 1650 58 50 in
653 1648 223 55 ancient
905 1648 381 69 nationalism,
1319 1650 92 50 the
1443 1649 300 66 testimony
1777 1647 63 52 of
1870 1646 325 67 Euripides,

204 1724 1987 71 by Ernest L. Hettich … Williamsport, Penna., The Bayard
206 1809 358 63 press [ c 1933]
276 1877 585 48 2 p. l. , 7-71 p. 20½ cm .
275 1936 170 38 Issued
477 1936 101 38 also
611 1945 53 29 as
696 1934 151 40 thesis
889 1935 108 46 (PH.
1061 1968 7 8 D.
1083 1935 333 45 )—Columbia
1451 1935 284 45 university.

278 1992 439 47 “Bibliographical
756 1990 167 41 note”:
965 2003 43 37 p.
1052 1992 67 40 71.

210 2050 1716 50 © July 11, 1933 ; 2c. and aff Dec. 29; A 67881; Bayard press.
286 2110 218 48 (34-986)

209 2185 242 65 Hinton,
484 2185 250 53 Edward
764 2184 237 65 Wilcox,
1034 2189 169 49 1868-

281 2264 227 52 Illinois
545 2262 133 52 civil
714 2264 247 66 practice
1000 2267 102 48 act.
1179 2264 416 67 Stenographic
1633 2270 194 61 report
1864 2264 62 51 of
1961 2266 236 50 lectures

213 2342 166 67 given
414 2344 60 50 in
508 2344 137 49 Law
678 2342 101 51 447
814 2347 59 46 at
902 2342 95 50 the
1032 2342 335 66 University
1401 2342 226 67 college,
1663 2342 260 67 October,
212 2344 1963 130 November,

213 2420 1960 145 December, 1933, by Edward W. Hinton … pt. 1, 2. Chicago.
399 2497 1592 67 Ill., University of Chicago bookstore [ c 1933—1934]
282 2575 25 37 2
338 2582 40 28 v.
437 2571 55 38 22
495 2574 16 19 cm
545 2601 6 6 .

282 2628 406 46 Mimeographed.

284 2683 1676 49 CONTENTS.—pt. l. Lectures I to VI.—pt. 2, Lectures VII to XII.
214 2737 1987 53 pt. l. © Dec. l. 1933; 2c. and aff. Dec. 4; pt. 2. © Jan. 16. 1934; 2c.
284 2800 107 37 Jan.
420 2798 80 40 26:
531 2798 79 38 aff.
640 2798 106 38 Jul.
776 2796 54 39 29
850 2809 6 27 :
887 2799 40 36 A
955 2797 155 47 67357,
1140 2797 141 39 69247
1300 2809 7 27 :
1340 2799 281 46 University
1650 2799 50 39 of
1728 2799 221 47 Chicago,
1981 2799 221 47 Chicago.

215 2892 262 48 Indiana.
551 2892 277 61 Supreme
862 2892 174 49 court.

288 2955 1913 76 Reports of cases decided … with tables of cases reported
220 3045 110 50 and
362 3043 164 55 cited,
558 3046 237 47 statutes
828 3042 147 53 cited
1009 3042 109 51 and
1151 3039 315 55 construed,
1499 3038 110 51 and
1643 3057 72 34 an
1743 3038 187 51 index.
1999 3036 205 51 Emma

220 3124 76 49 M.
334 3123 154 64 May,
525 3117 198 55 official
760 3126 282 60 reporter;
1081 3121 147 51 Paul
1260 3120 69 51 Y.
1364 3113 243 70 Wycoff,
1641 3114 276 67 Marjorie
1950 3114 75 51 H.
220 3111 1959 140 Wilcox.

380 3200 168 64 Mary
593 3200 63 49 E.
706 3196 196 67 Spain,
946 3197 309 51 assistants,
1331 3213 50 34 v.
1425 3197 116 50 203.
1617 3194 173 51 From
1835 3191 243 54 October
2122 3192 83 63 29,

222 3280 150 56 1931,
404 3282 56 47 to
493 3277 140 64 July
664 3279 83 50 29,
781 3277 148 49 1932.
1006 3273 415 67 Indianapolis,
1449 3275 149 51 Wm.
1632 3274 65 49 B.
1732 3269 260 53 Burford
221 3268 1962 154 printing
346 3373 96 47 co.,
472 3356 148 48 1933.

287 3427 170 39 xxxiii.
491 3427 82 38 746
604 3437 43 36 p.
705 3425 55 39 22½
794 3428 43 19 cm
843 3458 6 5 .

223 3481 50 50 ©
304 3486 116 45 Aug.
451 3483 68 46 23,
549 3482 138 39 1933;
721 3481 64 39 2c.
818 3483 94 37 and
943 3481 78 39 aff.
1055 3482 107 38 Jan.
1191 3480 68 46 12,
1291 3480 139 46 1934;
1464 3480 41 38 A
1535 3478 167 46 67959;
1739 3478 137 39 State
1905 3476 51 39 of
1986 3475 220 44 Indiana,

290 3539 347 47 Indianapolis.

222 3613 280 64 Johnson,
533 3615 220 50 Robert
784 3613 384 62 Underwood,
1202 3616 170 48 1853-

290 3690 352 62 Aftermath,
682 3691 167 64 being
890 3689 92 51 for
1021 3689 93 51 the
1156 3696 140 45 most
1339 3694 129 60 part
1509 3704 190 50 poems
1737 3685 224 51 written
2002 3685 74 65 by
2115 3684 93 50 the

223 3769 202 52 author
456 3769 51 50 in
540 3768 86 51 his
656 3768 126 51 80th
815 3767 106 51 and
954 3770 117 47 81st
1099 3782 176 50 years,
1303 3767 57 50 in
1391 3766 356 65 supplement
1776 3769 57 46 to
1861 3762 87 52 his
1977 3760 233 53 “Poems

222 3836 1989 76 of fifty years”, by Robert Underwood Johnson … New York,
224 3924 116 50 The
372 3930 221 56 author,
627 3925 148 48 1933.
