<alto xmlns="http://www.loc.gov/standards/alto/ns-v3#" xmlns:xlink="http://www.w3.org/1999/xlink" xmlns:xsi="http://www.w3.org/2001/XMLSchema-instance" xsi:schemaLocation="http://www.loc.gov/standards/alto/ns-v3# http://www.loc.gov/alto/v3/alto-3-0.xsd"><Description>
<MeasurementUnit>pixel</MeasurementUnit>
<sourceImageInformation>
<fileName>1934_v1_Part1.pdf</fileName>
</sourceImageInformation>
<OCRProcessing ID="IdOcr">
<ocrProcessingStep>
<processingDateTime>2019-01-10</processingDateTime>
<processingSoftware>
<softwareCreator>ABBYY</softwareCreator>
<softwareName>ABBYY Recognition Server</softwareName>
<softwareVersion>4.0</softwareVersion>
</processingSoftware>
</ocrProcessingStep>
</OCRProcessing>
</Description>
<Styles>
<ParagraphStyle ID="StyleId-FFFFFFFF-FFFF-FFFF-FFFF-FFFFFFFFFFFF-" ALIGN="Left" LEFT="0." RIGHT="0." FIRSTLINE="0."/>
<ParagraphStyle ID="StyleId-521E1FC6-FE7E-43A4-90E6-A9B61626A263-" ALIGN="Right" LEFT="0." RIGHT="0." FIRSTLINE="0." LINESPACE="13.30000019"/>
<ParagraphStyle ID="StyleId-639B624E-F6F5-47B6-BB1D-34E64B53022F-" ALIGN="Left" LEFT="0." RIGHT="0." FIRSTLINE="-27." LINESPACE="13.43999958"/>
<ParagraphStyle ID="StyleId-100905F9-D385-406B-A5BD-ED5B8FD85431-" ALIGN="Left" LEFT="0." RIGHT="0." FIRSTLINE="0."/>
<ParagraphStyle ID="StyleId-7C9F9BA2-EF3A-4B7F-8486-CCC7B7F49B39-" ALIGN="Left" LEFT="0." RIGHT="0." FIRSTLINE="-27." LINESPACE="18.71999931"/>
<ParagraphStyle ID="StyleId-350780E3-60F2-4605-88F5-BB54F9B87091-" ALIGN="Block" LEFT="0." RIGHT="0." FIRSTLINE="-27." LINESPACE="18.71999931"/>
<ParagraphStyle ID="StyleId-90B16C58-D795-4C77-9B89-30378C515D40-" ALIGN="Left" LEFT="0." RIGHT="0." FIRSTLINE="0." LINESPACE="14.39999962"/>
<ParagraphStyle ID="StyleId-17090E09-AFAF-4086-BD9B-4E99FAE6B057-" ALIGN="Right" LEFT="0." RIGHT="0." FIRSTLINE="-27." LINESPACE="14.39999962"/>
<ParagraphStyle ID="StyleId-8B87B633-89DB-4D72-B1FC-26E4ABD680BC-" ALIGN="Left" LEFT="0." RIGHT="0." FIRSTLINE="-27." LINESPACE="18.47999954"/>
<ParagraphStyle ID="StyleId-42DA7417-CA90-4D71-A57B-06556C38D752-" ALIGN="Left" LEFT="0." RIGHT="0." FIRSTLINE="0." LINESPACE="13.30000019"/>
<ParagraphStyle ID="StyleId-D8EE2A7E-42AE-4E35-98DB-F0F935637AA0-" ALIGN="Block" LEFT="0." RIGHT="0." FIRSTLINE="0." LINESPACE="6.599999905"/>
<ParagraphStyle ID="StyleId-33CD3121-D4F5-43B6-BA96-6382D166E6B8-" ALIGN="Left" LEFT="0." RIGHT="0." FIRSTLINE="0." LINESPACE="15.5"/>
<ParagraphStyle ID="StyleId-1CE52AFA-C319-4DD9-B4B1-F0EBFA2B3F0B-" ALIGN="Block" LEFT="0." RIGHT="0." FIRSTLINE="-21." LINESPACE="18.71999931"/>
<ParagraphStyle ID="StyleId-B74F1B65-92F1-49C5-A5FA-D20442F031F2-" ALIGN="Left" LEFT="0." RIGHT="0." FIRSTLINE="0." LINESPACE="17.70006076"/>
<ParagraphStyle ID="StyleId-79E2924A-215C-40B7-B577-7236BFBAA25E-" ALIGN="Center" LEFT="0." RIGHT="0." FIRSTLINE="0." LINESPACE="7.199999809"/>
</Styles>
<Layout>
<Page ID="Page1760" PHYSICAL_IMG_NR="1760" HEIGHT="4196" WIDTH="2350">
<TopMargin HEIGHT="355" WIDTH="2350" VPOS="0" HPOS="0">
</TopMargin>
<LeftMargin HEIGHT="3688" WIDTH="182" VPOS="355" HPOS="0">
</LeftMargin>
<RightMargin HEIGHT="3688" WIDTH="141" VPOS="355" HPOS="2209">
</RightMargin>
<BottomMargin HEIGHT="153" WIDTH="2350" VPOS="4043" HPOS="0">
</BottomMargin>
<PrintSpace HEIGHT="3688" WIDTH="2027" VPOS="355" HPOS="182">
<TextBlock ID="Page1760_Block1" HEIGHT="61" WIDTH="144" VPOS="3982" HPOS="1124" LANG="en-US" STYLEREFS="StyleId-B68B7BA9-2695-4DC4-91E9-9CFEA2B0BCFE-">
<TextLine HEIGHT="49" WIDTH="132" VPOS="3988" HPOS="1130">
<String CONTENT="1760" HEIGHT="49" WIDTH="132" VPOS="3988" HPOS="1130"/>
</TextLine>
</TextBlock>
<TextBlock ID="Page1760_Block2" HEIGHT="3604" WIDTH="2027" VPOS="355" HPOS="182" LANG="en-US" CS="1" STYLEREFS="StyleId-3EB9DD87-5794-40AF-B8EA-E3989C769865-">
<TextLine HEIGHT="48" WIDTH="325" VPOS="473" HPOS="285">
<String CONTENT="288" HEIGHT="41" WIDTH="84" VPOS="473" HPOS="285"/>
<SP HEIGHT="46" WIDTH="26" VPOS="475" HPOS="370"/>
<String CONTENT="p." HEIGHT="36" WIDTH="40" VPOS="485" HPOS="397"/>
<SP HEIGHT="39" WIDTH="57" VPOS="474" HPOS="438"/>
<String CONTENT="20cm." HEIGHT="39" WIDTH="114" VPOS="473" HPOS="496"/>
</TextLine>
<TextLine HEIGHT="49" WIDTH="1331" VPOS="542" HPOS="287">
<String CONTENT="Bibliography" HEIGHT="48" WIDTH="343" VPOS="543" HPOS="287"/>
<SP HEIGHT="36" WIDTH="28" VPOS="555" HPOS="631"/>
<String CONTENT="at" HEIGHT="34" WIDTH="51" VPOS="549" HPOS="660"/>
<SP HEIGHT="36" WIDTH="27" VPOS="547" HPOS="712"/>
<String CONTENT="the" HEIGHT="38" WIDTH="78" VPOS="545" HPOS="740"/>
<SP HEIGHT="29" WIDTH="25" VPOS="554" HPOS="819"/>
<String CONTENT="end" HEIGHT="38" WIDTH="89" VPOS="545" HPOS="845"/>
<SP HEIGHT="38" WIDTH="28" VPOS="545" HPOS="935"/>
<String CONTENT="of" HEIGHT="39" WIDTH="49" VPOS="544" HPOS="964"/>
<SP HEIGHT="38" WIDTH="24" VPOS="544" HPOS="1014"/>
<String CONTENT="some" HEIGHT="29" WIDTH="130" VPOS="554" HPOS="1039"/>
<SP HEIGHT="28" WIDTH="23" VPOS="554" HPOS="1170"/>
<String CONTENT="of" HEIGHT="38" WIDTH="50" VPOS="543" HPOS="1194"/>
<SP HEIGHT="38" WIDTH="28" VPOS="543" HPOS="1245"/>
<String CONTENT="the" HEIGHT="37" WIDTH="80" VPOS="544" HPOS="1274"/>
<SP HEIGHT="28" WIDTH="26" VPOS="553" HPOS="1355"/>
<String CONTENT="chapters." HEIGHT="46" WIDTH="236" VPOS="542" HPOS="1382"/>
</TextLine>
<TextLine HEIGHT="51" WIDTH="1868" VPOS="611" HPOS="218" CS="1">
<String CONTENT="&#169;" HEIGHT="50" WIDTH="50" VPOS="612" HPOS="218"/>
<SP HEIGHT="50" WIDTH="30" VPOS="612" HPOS="269"/>
<String CONTENT="Dec." HEIGHT="37" WIDTH="107" VPOS="617" HPOS="300"/>
<SP HEIGHT="38" WIDTH="31" VPOS="616" HPOS="408"/>
<String CONTENT="3." HEIGHT="38" WIDTH="38" VPOS="616" HPOS="440"/>
<SP HEIGHT="37" WIDTH="32" VPOS="617" HPOS="479"/>
<String CS="1" CONTENT="1934:" HEIGHT="40" WIDTH="109" VPOS="614" HPOS="512"/>
<SP HEIGHT="35" WIDTH="29" VPOS="617" HPOS="649"/>
<String CONTENT="2c." HEIGHT="37" WIDTH="64" VPOS="617" HPOS="679"/>
<SP HEIGHT="27" WIDTH="32" VPOS="627" HPOS="744"/>
<String CONTENT="and" HEIGHT="38" WIDTH="93" VPOS="616" HPOS="777"/>
<SP HEIGHT="38" WIDTH="28" VPOS="616" HPOS="871"/>
<String CONTENT="aff." HEIGHT="39" WIDTH="78" VPOS="614" HPOS="900"/>
<SP HEIGHT="38" WIDTH="34" VPOS="615" HPOS="979"/>
<String CONTENT="Dec." HEIGHT="39" WIDTH="106" VPOS="615" HPOS="1014"/>
<SP HEIGHT="36" WIDTH="33" VPOS="615" HPOS="1121"/>
<String CS="1" CONTENT="15:" HEIGHT="38" WIDTH="50" VPOS="614" HPOS="1155"/>
<SP HEIGHT="36" WIDTH="32" VPOS="615" HPOS="1232"/>
<!-- cceid C86DC8B3-6C64-1014-8713-889FF4349C01 --><String CONTENT="A" HEIGHT="36" WIDTH="39" VPOS="615" HPOS="1265"/>
<SP HEIGHT="37" WIDTH="30" VPOS="614" HPOS="1305"/>
<String CS="1" CONTENT="77697:" HEIGHT="40" WIDTH="140" VPOS="611" HPOS="1336"/>
<SP HEIGHT="37" WIDTH="34" VPOS="613" HPOS="1503"/>
<String CONTENT="Abingdon" HEIGHT="48" WIDTH="251" VPOS="611" HPOS="1538"/>
<SP HEIGHT="36" WIDTH="29" VPOS="623" HPOS="1790"/>
<String CONTENT="press," HEIGHT="37" WIDTH="147" VPOS="622" HPOS="1820"/>
<SP HEIGHT="40" WIDTH="31" VPOS="612" HPOS="1968"/>
<String CONTENT="inc." HEIGHT="38" WIDTH="86" VPOS="612" HPOS="2000"/>
</TextLine>
<TextLine HEIGHT="46" WIDTH="219" VPOS="672" HPOS="295" CS="1">
<String CS="1" CONTENT="(35-241)" HEIGHT="46" WIDTH="219" VPOS="672" HPOS="295"/>
</TextLine>
<TextLine HEIGHT="67" WIDTH="974" VPOS="772" HPOS="217" STYLEREFS="StyleId-82B0EF10-3076-4B96-9A3F-2E73EBA071C9-">
<String CONTENT="Willis," HEIGHT="67" WIDTH="201" VPOS="772" HPOS="217"/>
<SP HEIGHT="63" WIDTH="32" VPOS="776" HPOS="419"/>
<String CONTENT="Frederic" HEIGHT="54" WIDTH="267" VPOS="773" HPOS="452"/>
<SP HEIGHT="52" WIDTH="25" VPOS="775" HPOS="720"/>
<String CONTENT="Arthur," HEIGHT="62" WIDTH="247" VPOS="774" HPOS="746"/>
<SP HEIGHT="56" WIDTH="29" VPOS="780" HPOS="994"/>
<String CONTENT="1895-" HEIGHT="48" WIDTH="167" VPOS="779" HPOS="1024"/>
</TextLine>
<TextLine HEIGHT="69" WIDTH="1916" VPOS="861" HPOS="285" STYLEREFS="StyleId-82B0EF10-3076-4B96-9A3F-2E73EBA071C9-" CS="1">
<String CONTENT="Widening" HEIGHT="66" WIDTH="309" VPOS="864" HPOS="285"/>
<SP HEIGHT="65" WIDTH="44" VPOS="865" HPOS="595"/>
<String CONTENT="horizons" HEIGHT="52" WIDTH="261" VPOS="865" HPOS="640"/>
<SP HEIGHT="43" WIDTH="52" VPOS="885" HPOS="902"/>
<String CS="1" CONTENT="[by]" HEIGHT="65" WIDTH="89" VPOS="864" HPOS="973"/>
<SP HEIGHT="65" WIDTH="51" VPOS="864" HPOS="1063"/>
<String CONTENT="Frederic" HEIGHT="52" WIDTH="267" VPOS="863" HPOS="1115"/>
<SP HEIGHT="52" WIDTH="43" VPOS="862" HPOS="1383"/>
<String CONTENT="A." HEIGHT="50" WIDTH="70" VPOS="862" HPOS="1427"/>
<SP HEIGHT="50" WIDTH="48" VPOS="863" HPOS="1498"/>
<String CONTENT="Willis" HEIGHT="52" WIDTH="189" VPOS="861" HPOS="1547"/>
<SP HEIGHT="33" WIDTH="51" VPOS="880" HPOS="1737"/>
<String CS="1" CONTENT="&#8230;"/>
<SP HEIGHT="53" WIDTH="87" VPOS="862" HPOS="1844"/>
<String CONTENT="Chicago," HEIGHT="65" WIDTH="269" VPOS="861" HPOS="1932"/>
</TextLine>
<TextLine HEIGHT="65" WIDTH="1380" VPOS="941" HPOS="215" STYLEREFS="StyleId-82B0EF10-3076-4B96-9A3F-2E73EBA071C9-" CS="1">
<String CONTENT="Ill.," HEIGHT="55" WIDTH="110" VPOS="941" HPOS="215"/>
<SP HEIGHT="53" WIDTH="26" VPOS="943" HPOS="326"/>
<String CONTENT="The" HEIGHT="51" WIDTH="118" VPOS="942" HPOS="353"/>
<SP HEIGHT="52" WIDTH="30" VPOS="943" HPOS="472"/>
<String CONTENT="University" HEIGHT="65" WIDTH="331" VPOS="941" HPOS="503"/>
<SP HEIGHT="45" WIDTH="28" VPOS="961" HPOS="835"/>
<String CONTENT="of" HEIGHT="51" WIDTH="61" VPOS="941" HPOS="864"/>
<SP HEIGHT="54" WIDTH="28" VPOS="941" HPOS="926"/>
<String CONTENT="Chicago" HEIGHT="64" WIDTH="250" VPOS="941" HPOS="955"/>
<SP HEIGHT="48" WIDTH="24" VPOS="958" HPOS="1206"/>
<String CONTENT="press" HEIGHT="48" WIDTH="156" VPOS="958" HPOS="1231"/>
<SP HEIGHT="46" WIDTH="31" VPOS="958" HPOS="1388"/>
<String CS="1" CONTENT="[c1934]" HEIGHT="63" WIDTH="175" VPOS="941" HPOS="1420"/>
</TextLine>
<TextLine HEIGHT="50" WIDTH="484" VPOS="1026" HPOS="285" STYLEREFS="StyleId-82B0EF10-3076-4B96-9A3F-2E73EBA071C9-">
<String CONTENT="iv," HEIGHT="44" WIDTH="59" VPOS="1028" HPOS="285"/>
<SP HEIGHT="42" WIDTH="28" VPOS="1030" HPOS="345"/>
<String CONTENT="13," HEIGHT="45" WIDTH="66" VPOS="1029" HPOS="374"/>
<SP HEIGHT="29" WIDTH="31" VPOS="1047" HPOS="441"/>
<String CONTENT="[1]" HEIGHT="48" WIDTH="54" VPOS="1028" HPOS="473"/>
<SP HEIGHT="38" WIDTH="28" VPOS="1038" HPOS="528"/>
<String CONTENT="p." HEIGHT="38" WIDTH="40" VPOS="1038" HPOS="557"/>
<SP HEIGHT="37" WIDTH="55" VPOS="1029" HPOS="598"/>
<String CONTENT="19cm." HEIGHT="40" WIDTH="115" VPOS="1026" HPOS="654"/>
</TextLine>
<TextLine HEIGHT="108" WIDTH="1965" VPOS="1094" HPOS="219" CS="1">
<String CONTENT="&#169;" HEIGHT="50" WIDTH="50" VPOS="1096" HPOS="219"/>
<SP HEIGHT="50" WIDTH="31" VPOS="1096" HPOS="270"/>
<String CONTENT="Oct." HEIGHT="39" WIDTH="99" VPOS="1100" HPOS="302"/>
<SP HEIGHT="37" WIDTH="28" VPOS="1101" HPOS="402"/>
<String CONTENT="31." HEIGHT="37" WIDTH="68" VPOS="1101" HPOS="431"/>
<SP HEIGHT="37" WIDTH="30" VPOS="1101" HPOS="500"/>
<String CONTENT="1934:" HEIGHT="39" WIDTH="137" VPOS="1099" HPOS="531"/>
<SP HEIGHT="37" WIDTH="31" VPOS="1101" HPOS="669"/>
<String CONTENT="2c." HEIGHT="36" WIDTH="65" VPOS="1101" HPOS="701"/>
<SP HEIGHT="37" WIDTH="30" VPOS="1099" HPOS="767"/>
<String CS="1" CONTENT="Nov." HEIGHT="25" WIDTH="68" VPOS="1110" HPOS="843"/>
<SP HEIGHT="36" WIDTH="30" VPOS="1099" HPOS="912"/>
<String CONTENT="28:" HEIGHT="38" WIDTH="80" VPOS="1099" HPOS="943"/>
<SP HEIGHT="28" WIDTH="32" VPOS="1109" HPOS="1024"/>
<String CONTENT="aff." HEIGHT="39" WIDTH="79" VPOS="1098" HPOS="1057"/>
<SP HEIGHT="37" WIDTH="31" VPOS="1098" HPOS="1137"/>
<String CS="1" CONTENT="Nov." HEIGHT="28" WIDTH="68" VPOS="1108" HPOS="1214"/>
<SP HEIGHT="37" WIDTH="28" VPOS="1099" HPOS="1283"/>
<String CONTENT="30:" HEIGHT="38" WIDTH="81" VPOS="1098" HPOS="1312"/>
<SP HEIGHT="37" WIDTH="34" VPOS="1097" HPOS="1394"/>
<!-- cceid C86DD06F-6C64-1014-8713-889FF4349C01 --><String CONTENT="A" HEIGHT="37" WIDTH="38" VPOS="1097" HPOS="1429"/>
<SP HEIGHT="37" WIDTH="30" VPOS="1097" HPOS="1468"/>
<String CONTENT="77390:" HEIGHT="39" WIDTH="166" VPOS="1096" HPOS="1499"/>
<SP HEIGHT="39" WIDTH="35" VPOS="1096" HPOS="1666"/>
<String CONTENT="University" HEIGHT="48" WIDTH="280" VPOS="1095" HPOS="1702"/>
<SP HEIGHT="36" WIDTH="31" VPOS="1107" HPOS="1983"/>
<String CONTENT="of" HEIGHT="39" WIDTH="49" VPOS="1097" HPOS="2015"/>
<SP HEIGHT="39" WIDTH="30" VPOS="1096" HPOS="2065"/>
<String CONTENT="Chicago." HEIGHT="108" WIDTH="1900" VPOS="1094" HPOS="284"/>
<SP HEIGHT="40" WIDTH="31" VPOS="1156" HPOS="412"/>
<String CONTENT="Chicago" HEIGHT="46" WIDTH="207" VPOS="1156" HPOS="444"/>
<SP HEIGHT="44" WIDTH="84" VPOS="1155" HPOS="652"/>
<String CONTENT="(35-277)" HEIGHT="44" WIDTH="217" VPOS="1155" HPOS="737"/>
</TextLine>
<TextLine HEIGHT="65" WIDTH="777" VPOS="1258" HPOS="216" STYLEREFS="StyleId-4DB0FACD-3D92-42DB-A3D3-89F9C08D4336-">
<String CONTENT="Wilson," HEIGHT="65" WIDTH="236" VPOS="1258" HPOS="216"/>
<SP HEIGHT="62" WIDTH="25" VPOS="1261" HPOS="453"/>
<String CONTENT="Helen" HEIGHT="51" WIDTH="182" VPOS="1260" HPOS="479"/>
<SP HEIGHT="51" WIDTH="29" VPOS="1260" HPOS="662"/>
<String CONTENT="Van" HEIGHT="51" WIDTH="126" VPOS="1260" HPOS="692"/>
<SP HEIGHT="51" WIDTH="27" VPOS="1260" HPOS="819"/>
<String CONTENT="Pelt." HEIGHT="52" WIDTH="146" VPOS="1259" HPOS="847"/>
</TextLine>
<TextLine HEIGHT="71" WIDTH="1855" VPOS="1345" HPOS="343" STYLEREFS="StyleId-82B0EF10-3076-4B96-9A3F-2E73EBA071C9-" CS="1">
<String CS="1" CONTENT="&#8230;"/>
<SP HEIGHT="51" WIDTH="32" VPOS="1348" HPOS="343"/>
<String CONTENT="A" HEIGHT="51" WIDTH="54" VPOS="1348" HPOS="376"/>
<SP HEIGHT="68" WIDTH="26" VPOS="1348" HPOS="431"/>
<String CONTENT="garden" HEIGHT="68" WIDTH="214" VPOS="1348" HPOS="458"/>
<SP HEIGHT="52" WIDTH="28" VPOS="1348" HPOS="673"/>
<String CONTENT="in" HEIGHT="51" WIDTH="56" VPOS="1348" HPOS="702"/>
<SP HEIGHT="46" WIDTH="28" VPOS="1353" HPOS="759"/>
<String CONTENT="the" HEIGHT="52" WIDTH="93" VPOS="1348" HPOS="788"/>
<SP HEIGHT="52" WIDTH="28" VPOS="1348" HPOS="882"/>
<String CONTENT="house," HEIGHT="65" WIDTH="188" VPOS="1348" HPOS="911"/>
<SP HEIGHT="61" WIDTH="29" VPOS="1352" HPOS="1100"/>
<String CONTENT="the" HEIGHT="52" WIDTH="93" VPOS="1347" HPOS="1130"/>
<SP HEIGHT="34" WIDTH="29" VPOS="1365" HPOS="1224"/>
<String CONTENT="culture" HEIGHT="53" WIDTH="216" VPOS="1346" HPOS="1254"/>
<SP HEIGHT="34" WIDTH="29" VPOS="1364" HPOS="1471"/>
<String CONTENT="of" HEIGHT="53" WIDTH="63" VPOS="1345" HPOS="1501"/>
<SP HEIGHT="53" WIDTH="27" VPOS="1345" HPOS="1565"/>
<String CONTENT="bulbs," HEIGHT="69" WIDTH="181" VPOS="1345" HPOS="1593"/>
<SP HEIGHT="68" WIDTH="29" VPOS="1346" HPOS="1775"/>
<String CONTENT="house" HEIGHT="52" WIDTH="170" VPOS="1346" HPOS="1805"/>
<SP HEIGHT="49" WIDTH="32" VPOS="1364" HPOS="1976"/>
<String CONTENT="plants" HEIGHT="68" WIDTH="189" VPOS="1345" HPOS="2009"/>
</TextLine>
<TextLine HEIGHT="149" WIDTH="1963" VPOS="1422" HPOS="213" STYLEREFS="StyleId-82B0EF10-3076-4B96-9A3F-2E73EBA071C9-" CS="1">
<String CONTENT="and" HEIGHT="52" WIDTH="110" VPOS="1426" HPOS="216"/>
<SP HEIGHT="52" WIDTH="30" VPOS="1426" HPOS="327"/>
<String CONTENT="terrariums," HEIGHT="67" WIDTH="350" VPOS="1425" HPOS="358"/>
<SP HEIGHT="67" WIDTH="30" VPOS="1425" HPOS="709"/>
<String CONTENT="by" HEIGHT="68" WIDTH="74" VPOS="1425" HPOS="740"/>
<SP HEIGHT="68" WIDTH="28" VPOS="1425" HPOS="815"/>
<String CONTENT="Helen" HEIGHT="52" WIDTH="187" VPOS="1425" HPOS="844"/>
<SP HEIGHT="51" WIDTH="29" VPOS="1426" HPOS="1032"/>
<String CONTENT="Van" HEIGHT="51" WIDTH="125" VPOS="1426" HPOS="1062"/>
<SP HEIGHT="50" WIDTH="33" VPOS="1425" HPOS="1188"/>
<String CONTENT="Pelt" HEIGHT="51" WIDTH="129" VPOS="1424" HPOS="1222"/>
<SP HEIGHT="52" WIDTH="30" VPOS="1424" HPOS="1352"/>
<String CONTENT="Wilson." HEIGHT="54" WIDTH="238" VPOS="1422" HPOS="1383"/>
<SP HEIGHT="52" WIDTH="68" VPOS="1423" HPOS="1622"/>
<String CONTENT="New" HEIGHT="52" WIDTH="139" VPOS="1423" HPOS="1691"/>
<SP HEIGHT="51" WIDTH="31" VPOS="1424" HPOS="1831"/>
<String CONTENT="York," HEIGHT="66" WIDTH="180" VPOS="1423" HPOS="1863"/>
<SP HEIGHT="66" WIDTH="29" VPOS="1423" HPOS="2044"/>
<String CONTENT="Leisure" HEIGHT="131" WIDTH="1963" VPOS="1423" HPOS="213"/>
<SP HEIGHT="50" WIDTH="26" VPOS="1504" HPOS="339"/>
<String CONTENT="league" HEIGHT="67" WIDTH="194" VPOS="1504" HPOS="366"/>
<SP HEIGHT="35" WIDTH="28" VPOS="1521" HPOS="561"/>
<String CONTENT="of" HEIGHT="54" WIDTH="64" VPOS="1502" HPOS="590"/>
<SP HEIGHT="52" WIDTH="23" VPOS="1502" HPOS="655"/>
<String CONTENT="America," HEIGHT="66" WIDTH="282" VPOS="1503" HPOS="679"/>
<SP HEIGHT="62" WIDTH="28" VPOS="1507" HPOS="962"/>
<String CONTENT="1934." HEIGHT="49" WIDTH="148" VPOS="1505" HPOS="991"/>
</TextLine>
<TextLine HEIGHT="49" WIDTH="1913" VPOS="1589" HPOS="288" CS="1">
<String CONTENT="1" HEIGHT="36" WIDTH="21" VPOS="1593" HPOS="288"/>
<SP HEIGHT="45" WIDTH="39" VPOS="1593" HPOS="310"/>
<String CONTENT="p." HEIGHT="36" WIDTH="40" VPOS="1602" HPOS="350"/>
<SP/>
<String CS="1" CONTENT="l.,"/>
<SP/>
<String CONTENT="7-112" HEIGHT="39" WIDTH="141" VPOS="1591" HPOS="515"/>
<SP HEIGHT="46" WIDTH="38" VPOS="1591" HPOS="657"/>
<String CONTENT="p." HEIGHT="36" WIDTH="40" VPOS="1601" HPOS="696"/>
<SP HEIGHT="38" WIDTH="68" VPOS="1590" HPOS="737"/>
<String CONTENT="front.," HEIGHT="46" WIDTH="162" VPOS="1590" HPOS="806"/>
<SP HEIGHT="45" WIDTH="40" VPOS="1591" HPOS="969"/>
<String CONTENT="illus." HEIGHT="38" WIDTH="126" VPOS="1591" HPOS="1010"/>
<SP HEIGHT="40" WIDTH="65" VPOS="1589" HPOS="1137"/>
<String CS="1" CONTENT="20&#189;cm." HEIGHT="39" WIDTH="143" VPOS="1589" HPOS="1203"/>
<SP HEIGHT="47" WIDTH="81" VPOS="1590" HPOS="1347"/>
<String CONTENT="(Leisure" HEIGHT="48" WIDTH="222" VPOS="1589" HPOS="1429"/>
<SP HEIGHT="38" WIDTH="38" VPOS="1590" HPOS="1652"/>
<String CONTENT="league" HEIGHT="46" WIDTH="169" VPOS="1590" HPOS="1691"/>
<SP HEIGHT="37" WIDTH="36" VPOS="1591" HPOS="1861"/>
<String CONTENT="little" HEIGHT="40" WIDTH="127" VPOS="1589" HPOS="1898"/>
<SP HEIGHT="40" WIDTH="40" VPOS="1589" HPOS="2026"/>
<String CONTENT="book," HEIGHT="47" WIDTH="134" VPOS="1589" HPOS="2067"/>
</TextLine>
<TextLine HEIGHT="47" WIDTH="179" VPOS="1647" HPOS="216">
<String CONTENT="no." HEIGHT="28" WIDTH="72" VPOS="1659" HPOS="216"/>
<SP HEIGHT="38" WIDTH="26" VPOS="1649" HPOS="289"/>
<String CONTENT="10)" HEIGHT="47" WIDTH="79" VPOS="1647" HPOS="316"/>
</TextLine>
<TextLine HEIGHT="104" WIDTH="1967" VPOS="1714" HPOS="221" CS="1">
<String CONTENT="&#169;" HEIGHT="50" WIDTH="50" VPOS="1714" HPOS="221"/>
<SP HEIGHT="50" WIDTH="32" VPOS="1714" HPOS="272"/>
<String CONTENT="Aug." HEIGHT="47" WIDTH="114" VPOS="1718" HPOS="305"/>
<SP HEIGHT="37" WIDTH="31" VPOS="1719" HPOS="420"/>
<String CONTENT="15," HEIGHT="40" WIDTH="67" VPOS="1718" HPOS="452"/>
<SP HEIGHT="39" WIDTH="29" VPOS="1719" HPOS="520"/>
<String CONTENT="1934:" HEIGHT="38" WIDTH="139" VPOS="1718" HPOS="550"/>
<SP HEIGHT="37" WIDTH="33" VPOS="1718" HPOS="690"/>
<String CONTENT="2c." HEIGHT="38" WIDTH="63" VPOS="1718" HPOS="724"/>
<SP HEIGHT="27" WIDTH="33" VPOS="1729" HPOS="788"/>
<String CONTENT="and" HEIGHT="38" WIDTH="93" VPOS="1718" HPOS="822"/>
<SP HEIGHT="38" WIDTH="31" VPOS="1718" HPOS="916"/>
<String CONTENT="aff." HEIGHT="40" WIDTH="79" VPOS="1716" HPOS="948"/>
<SP HEIGHT="38" WIDTH="31" VPOS="1717" HPOS="1028"/>
<String CONTENT="Dec." HEIGHT="38" WIDTH="107" VPOS="1717" HPOS="1060"/>
<SP HEIGHT="37" WIDTH="33" VPOS="1718" HPOS="1168"/>
<String CONTENT="15:" HEIGHT="39" WIDTH="78" VPOS="1716" HPOS="1202"/>
<SP HEIGHT="37" WIDTH="32" VPOS="1717" HPOS="1281"/>
<!-- cceid C86DD7CD-6C64-1014-8713-889FF4349C01 --><String CONTENT="A" HEIGHT="37" WIDTH="38" VPOS="1717" HPOS="1314"/>
<SP HEIGHT="37" WIDTH="32" VPOS="1717" HPOS="1353"/>
<String CONTENT="78572:" HEIGHT="39" WIDTH="166" VPOS="1716" HPOS="1386"/>
<SP HEIGHT="37" WIDTH="35" VPOS="1717" HPOS="1553"/>
<String LANG="fi" CONTENT="H." HEIGHT="37" WIDTH="57" VPOS="1717" HPOS="1589"/>
<SP HEIGHT="38" WIDTH="33" VPOS="1716" HPOS="1647"/>
<String CONTENT="V." HEIGHT="37" WIDTH="49" VPOS="1716" HPOS="1681"/>
<SP HEIGHT="36" WIDTH="34" VPOS="1717" HPOS="1731"/>
<String CONTENT="Wilson." HEIGHT="40" WIDTH="196" VPOS="1715" HPOS="1766"/>
<SP HEIGHT="38" WIDTH="34" VPOS="1717" HPOS="1963"/>
<String CS="1" CONTENT="Moorestown." HEIGHT="96" WIDTH="1876" VPOS="1717" HPOS="312"/>
<SP HEIGHT="37" WIDTH="30" VPOS="1775" HPOS="429"/>
<String CS="1" CONTENT="N." HEIGHT="6" WIDTH="6" VPOS="1805" HPOS="505"/>
<SP HEIGHT="38" WIDTH="31" VPOS="1775" HPOS="512"/>
<String CS="1" CONTENT="J." HEIGHT="38" WIDTH="25" VPOS="1775" HPOS="544"/>
<SP HEIGHT="39" WIDTH="64" VPOS="1779" HPOS="592"/>
<String CONTENT="(35-136)" HEIGHT="40" WIDTH="218" VPOS="1774" HPOS="657"/>
</TextLine>
<TextLine HEIGHT="138" WIDTH="1957" VPOS="1876" HPOS="219" STYLEREFS="StyleId-4DB0FACD-3D92-42DB-A3D3-89F9C08D4336-" CS="1">
<String CONTENT="Woman&#8217;s" HEIGHT="51" WIDTH="295" VPOS="1878" HPOS="219"/>
<SP HEIGHT="51" WIDTH="25" VPOS="1878" HPOS="515"/>
<String CONTENT="institute" HEIGHT="54" WIDTH="274" VPOS="1876" HPOS="541"/>
<SP HEIGHT="36" WIDTH="27" VPOS="1894" HPOS="816"/>
<String CONTENT="of" HEIGHT="52" WIDTH="61" VPOS="1877" HPOS="844"/>
<SP HEIGHT="52" WIDTH="27" VPOS="1877" HPOS="906"/>
<String CONTENT="domestic" HEIGHT="52" WIDTH="281" VPOS="1877" HPOS="934"/>
<SP HEIGHT="36" WIDTH="24" VPOS="1893" HPOS="1216"/>
<String CONTENT="arts" HEIGHT="49" WIDTH="129" VPOS="1880" HPOS="1241"/>
<SP HEIGHT="36" WIDTH="23" VPOS="1893" HPOS="1371"/>
<String CONTENT="and" HEIGHT="52" WIDTH="111" VPOS="1877" HPOS="1395"/>
<SP HEIGHT="53" WIDTH="29" VPOS="1877" HPOS="1507"/>
<String CONTENT="sciences," HEIGHT="64" WIDTH="276" VPOS="1876" HPOS="1537"/>
<SP HEIGHT="63" WIDTH="28" VPOS="1877" HPOS="1814"/>
<String CONTENT="inc.," HEIGHT="62" WIDTH="126" VPOS="1877" HPOS="1843"/>
<SP HEIGHT="61" WIDTH="27" VPOS="1878" HPOS="1970"/>
<String CONTENT="Scranton," HEIGHT="136" WIDTH="1888" VPOS="1878" HPOS="288"/>
<SP HEIGHT="56" WIDTH="26" VPOS="1958" HPOS="400"/>
<String CONTENT="Pa." HEIGHT="50" WIDTH="98" VPOS="1958" HPOS="427"/>
</TextLine>
<TextLine HEIGHT="66" WIDTH="1918" VPOS="2031" HPOS="285" STYLEREFS="StyleId-82B0EF10-3076-4B96-9A3F-2E73EBA071C9-">
<String CONTENT="First" HEIGHT="51" WIDTH="155" VPOS="2032" HPOS="285"/>
<SP HEIGHT="45" WIDTH="43" VPOS="2038" HPOS="441"/>
<String CONTENT="steps" HEIGHT="61" WIDTH="151" VPOS="2036" HPOS="485"/>
<SP HEIGHT="52" WIDTH="41" VPOS="2032" HPOS="637"/>
<String CONTENT="in" HEIGHT="50" WIDTH="56" VPOS="2032" HPOS="679"/>
<SP HEIGHT="51" WIDTH="47" VPOS="2032" HPOS="736"/>
<String CONTENT="dressmaking:" HEIGHT="66" WIDTH="418" VPOS="2031" HPOS="784"/>
<SP HEIGHT="51" WIDTH="42" VPOS="2032" HPOS="1203"/>
<String CONTENT="Essential" HEIGHT="53" WIDTH="285" VPOS="2031" HPOS="1246"/>
<SP HEIGHT="51" WIDTH="43" VPOS="2033" HPOS="1532"/>
<String CONTENT="stitches" HEIGHT="52" WIDTH="230" VPOS="2032" HPOS="1576"/>
<SP HEIGHT="33" WIDTH="43" VPOS="2051" HPOS="1807"/>
<String CONTENT="and" HEIGHT="51" WIDTH="111" VPOS="2032" HPOS="1851"/>
<SP HEIGHT="52" WIDTH="44" VPOS="2032" HPOS="1963"/>
<String CONTENT="seams," HEIGHT="44" WIDTH="195" VPOS="2051" HPOS="2008"/>
</TextLine>
<TextLine HEIGHT="67" WIDTH="1984" VPOS="2108" HPOS="218" STYLEREFS="StyleId-82B0EF10-3076-4B96-9A3F-2E73EBA071C9-">
<String CONTENT="Easy" HEIGHT="65" WIDTH="152" VPOS="2109" HPOS="218"/>
<SP HEIGHT="46" WIDTH="34" VPOS="2128" HPOS="371"/>
<String CONTENT="garment" HEIGHT="60" WIDTH="260" VPOS="2114" HPOS="406"/>
<SP HEIGHT="46" WIDTH="34" VPOS="2114" HPOS="667"/>
<String CONTENT="making," HEIGHT="67" WIDTH="249" VPOS="2108" HPOS="702"/>
<SP HEIGHT="64" WIDTH="34" VPOS="2109" HPOS="952"/>
<String CONTENT="Individualizing" HEIGHT="67" WIDTH="492" VPOS="2108" HPOS="987"/>
<SP HEIGHT="61" WIDTH="34" VPOS="2114" HPOS="1480"/>
<String CONTENT="tissue-paper" HEIGHT="66" WIDTH="379" VPOS="2109" HPOS="1515"/>
<SP HEIGHT="47" WIDTH="36" VPOS="2127" HPOS="1895"/>
<String CONTENT="patterns." HEIGHT="59" WIDTH="270" VPOS="2115" HPOS="1932"/>
</TextLine>
<TextLine HEIGHT="56" WIDTH="1981" VPOS="2185" HPOS="219" STYLEREFS="StyleId-82B0EF10-3076-4B96-9A3F-2E73EBA071C9-">
<String CONTENT="Scranton," HEIGHT="55" WIDTH="295" VPOS="2185" HPOS="219"/>
<SP HEIGHT="54" WIDTH="45" VPOS="2186" HPOS="515"/>
<String CONTENT="Pa.," HEIGHT="55" WIDTH="117" VPOS="2186" HPOS="561"/>
<SP HEIGHT="54" WIDTH="44" VPOS="2187" HPOS="679"/>
<String CONTENT="The" HEIGHT="53" WIDTH="118" VPOS="2186" HPOS="724"/>
<SP HEIGHT="53" WIDTH="43" VPOS="2186" HPOS="843"/>
<String CONTENT="Womans" HEIGHT="52" WIDTH="270" VPOS="2186" HPOS="887"/>
<SP HEIGHT="51" WIDTH="42" VPOS="2187" HPOS="1158"/>
<String CONTENT="institute" HEIGHT="50" WIDTH="259" VPOS="2187" HPOS="1201"/>
<SP HEIGHT="32" WIDTH="44" VPOS="2205" HPOS="1461"/>
<String CONTENT="of" HEIGHT="51" WIDTH="63" VPOS="2186" HPOS="1506"/>
<SP HEIGHT="50" WIDTH="43" VPOS="2186" HPOS="1570"/>
<String CONTENT="domestic" HEIGHT="52" WIDTH="271" VPOS="2186" HPOS="1614"/>
<SP HEIGHT="33" WIDTH="43" VPOS="2205" HPOS="1886"/>
<String CONTENT="arts" HEIGHT="45" WIDTH="115" VPOS="2193" HPOS="1930"/>
<SP HEIGHT="32" WIDTH="44" VPOS="2206" HPOS="2046"/>
<String CONTENT="and" HEIGHT="52" WIDTH="109" VPOS="2186" HPOS="2091"/>
</TextLine>
<TextLine HEIGHT="65" WIDTH="448" VPOS="2263" HPOS="215" STYLEREFS="StyleId-82B0EF10-3076-4B96-9A3F-2E73EBA071C9-" CS="1">
<String CONTENT="sciences" HEIGHT="53" WIDTH="238" VPOS="2263" HPOS="215"/>
<SP HEIGHT="44" WIDTH="34" VPOS="2284" HPOS="454"/>
<String CS="1" CONTENT="[c1934]" HEIGHT="49" WIDTH="155" VPOS="2266" HPOS="508"/>
</TextLine>
<TextLine HEIGHT="49" WIDTH="1908" VPOS="2347" HPOS="291" CS="1">
<String CONTENT="vi." HEIGHT="40" WIDTH="57" VPOS="2348" HPOS="291"/>
<SP HEIGHT="40" WIDTH="38" VPOS="2348" HPOS="349"/>
<String CONTENT="39." HEIGHT="41" WIDTH="69" VPOS="2347" HPOS="388"/>
<SP HEIGHT="27" WIDTH="42" VPOS="2368" HPOS="458"/>
<String CONTENT="[1]." HEIGHT="47" WIDTH="70" VPOS="2349" HPOS="501"/>
<SP HEIGHT="42" WIDTH="37" VPOS="2347" HPOS="572"/>
<String CONTENT="31," HEIGHT="41" WIDTH="69" VPOS="2347" HPOS="610"/>
<SP HEIGHT="28" WIDTH="44" VPOS="2368" HPOS="680"/>
<String CS="1" CONTENT="[1]." HEIGHT="29" WIDTH="69" VPOS="2367" HPOS="725"/>
<SP HEIGHT="38" WIDTH="37" VPOS="2349" HPOS="795"/>
<String CONTENT="49." HEIGHT="41" WIDTH="69" VPOS="2347" HPOS="833"/>
<SP HEIGHT="28" WIDTH="42" VPOS="2368" HPOS="903"/>
<String CS="1" CONTENT="[1]" HEIGHT="28" WIDTH="8" VPOS="2368" HPOS="991"/>
<SP HEIGHT="37" WIDTH="41" VPOS="2359" HPOS="1000"/>
<String CONTENT="p." HEIGHT="35" WIDTH="39" VPOS="2359" HPOS="1042"/>
<SP HEIGHT="38" WIDTH="60" VPOS="2348" HPOS="1082"/>
<String CONTENT="illus.," HEIGHT="41" WIDTH="139" VPOS="2348" HPOS="1143"/>
<SP HEIGHT="39" WIDTH="39" VPOS="2350" HPOS="1283"/>
<String CONTENT="diagrs." HEIGHT="47" WIDTH="176" VPOS="2349" HPOS="1323"/>
<SP HEIGHT="38" WIDTH="61" VPOS="2349" HPOS="1500"/>
<String CS="1" CONTENT="20&#189;cm." HEIGHT="39" WIDTH="142" VPOS="2349" HPOS="1562"/>
<SP/>
<String CS="1" CONTENT="([Its" HEIGHT="47" WIDTH="112" VPOS="2349" HPOS="1783"/>
<SP HEIGHT="38" WIDTH="39" VPOS="2349" HPOS="1896"/>
<String CONTENT="Course" HEIGHT="38" WIDTH="177" VPOS="2349" HPOS="1936"/>
<SP HEIGHT="38" WIDTH="41" VPOS="2349" HPOS="2114"/>
<String CONTENT="in" HEIGHT="37" WIDTH="43" VPOS="2349" HPOS="2156"/>
</TextLine>
<TextLine HEIGHT="49" WIDTH="926" VPOS="2404" HPOS="216" CS="1">
<String CONTENT="dressmaking" HEIGHT="49" WIDTH="336" VPOS="2404" HPOS="216"/>
<SP HEIGHT="39" WIDTH="26" VPOS="2414" HPOS="553"/>
<String CONTENT="and" HEIGHT="38" WIDTH="93" VPOS="2405" HPOS="580"/>
<SP HEIGHT="38" WIDTH="31" VPOS="2405" HPOS="674"/>
<String CS="1" CONTENT="designing]" HEIGHT="48" WIDTH="251" VPOS="2404" HPOS="706"/>
<SP HEIGHT="45" WIDTH="62" VPOS="2406" HPOS="972"/>
<String CS="1" CONTENT="(D)" HEIGHT="45" WIDTH="64" VPOS="2404" HPOS="1078"/>
</TextLine>
<TextLine HEIGHT="107" WIDTH="1982" VPOS="2471" HPOS="222" CS="1">
<String CONTENT="&#169;" HEIGHT="51" WIDTH="53" VPOS="2471" HPOS="222"/>
<SP HEIGHT="51" WIDTH="31" VPOS="2471" HPOS="276"/>
<String CS="1" CONTENT="Nov." HEIGHT="25" WIDTH="69" VPOS="2486" HPOS="352"/>
<SP HEIGHT="36" WIDTH="36" VPOS="2476" HPOS="422"/>
<String CONTENT="11." HEIGHT="38" WIDTH="65" VPOS="2475" HPOS="459"/>
<SP HEIGHT="36" WIDTH="36" VPOS="2477" HPOS="525"/>
<String CONTENT="1934:" HEIGHT="38" WIDTH="137" VPOS="2475" HPOS="562"/>
<SP HEIGHT="37" WIDTH="38" VPOS="2475" HPOS="700"/>
<String CONTENT="2c." HEIGHT="38" WIDTH="63" VPOS="2475" HPOS="739"/>
<SP HEIGHT="27" WIDTH="37" VPOS="2486" HPOS="803"/>
<String CONTENT="and" HEIGHT="37" WIDTH="92" VPOS="2476" HPOS="841"/>
<SP HEIGHT="37" WIDTH="36" VPOS="2476" HPOS="934"/>
<String CONTENT="aff." HEIGHT="39" WIDTH="79" VPOS="2473" HPOS="971"/>
<SP HEIGHT="36" WIDTH="36" VPOS="2475" HPOS="1051"/>
<String CS="1" CONTENT="Nov." HEIGHT="27" WIDTH="67" VPOS="2486" HPOS="1134"/>
<SP HEIGHT="36" WIDTH="36" VPOS="2476" HPOS="1202"/>
<String CONTENT="28;" HEIGHT="43" WIDTH="80" VPOS="2476" HPOS="1239"/>
<SP HEIGHT="43" WIDTH="40" VPOS="2476" HPOS="1320"/>
<!-- cceid C86DDF5A-6C64-1014-8713-889FF4349C01 --><String CONTENT="A" HEIGHT="37" WIDTH="38" VPOS="2476" HPOS="1361"/>
<SP HEIGHT="37" WIDTH="35" VPOS="2476" HPOS="1400"/>
<String CONTENT="78354:" HEIGHT="39" WIDTH="167" VPOS="2476" HPOS="1436"/>
<SP HEIGHT="38" WIDTH="40" VPOS="2476" HPOS="1604"/>
<String CONTENT="International" HEIGHT="41" WIDTH="354" VPOS="2474" HPOS="1645"/>
<SP HEIGHT="37" WIDTH="36" VPOS="2476" HPOS="2000"/>
<String CONTENT="educational" HEIGHT="94" WIDTH="1896" VPOS="2476" HPOS="288"/>
<SP HEIGHT="45" WIDTH="35" VPOS="2533" HPOS="438"/>
<String CONTENT="pub." HEIGHT="46" WIDTH="104" VPOS="2532" HPOS="474"/>
<SP HEIGHT="24" WIDTH="35" VPOS="2544" HPOS="579"/>
<String CONTENT="co" HEIGHT="27" WIDTH="50" VPOS="2543" HPOS="615"/>
<SP HEIGHT="27" WIDTH="21" VPOS="2543" HPOS="666"/>
<String CONTENT="." HEIGHT="7" WIDTH="6" VPOS="2562" HPOS="688"/>
<SP HEIGHT="36" WIDTH="36" VPOS="2533" HPOS="695"/>
<String CONTENT="Scranton," HEIGHT="37" WIDTH="248" VPOS="2533" HPOS="732"/>
<SP HEIGHT="39" WIDTH="33" VPOS="2531" HPOS="981"/>
<String CONTENT="Pa." HEIGHT="38" WIDTH="79" VPOS="2531" HPOS="1015"/>
<SP HEIGHT="27" WIDTH="64" VPOS="2550" HPOS="1095"/>
<String CONTENT="[Copyright" HEIGHT="46" WIDTH="276" VPOS="2532" HPOS="1160"/>
<SP HEIGHT="39" WIDTH="33" VPOS="2532" HPOS="1437"/>
<String CONTENT="is" HEIGHT="37" WIDTH="40" VPOS="2532" HPOS="1471"/>
<SP HEIGHT="27" WIDTH="32" VPOS="2544" HPOS="1512"/>
<String CONTENT="claimed" HEIGHT="39" WIDTH="202" VPOS="2532" HPOS="1545"/>
<SP HEIGHT="38" WIDTH="35" VPOS="2533" HPOS="1748"/>
<String CONTENT="on" HEIGHT="28" WIDTH="57" VPOS="2543" HPOS="1784"/>
<SP HEIGHT="27" WIDTH="36" VPOS="2543" HPOS="1842"/>
<String CONTENT="revised" HEIGHT="39" WIDTH="186" VPOS="2531" HPOS="1879"/>
<SP HEIGHT="38" WIDTH="37" VPOS="2532" HPOS="2066"/>
<String CONTENT="text" HEIGHT="36" WIDTH="100" VPOS="2534" HPOS="2104"/>
</TextLine>
<TextLine HEIGHT="45" WIDTH="727" VPOS="2588" HPOS="287">
<String CONTENT="and" HEIGHT="36" WIDTH="92" VPOS="2590" HPOS="287"/>
<SP HEIGHT="37" WIDTH="34" VPOS="2589" HPOS="380"/>
<String CONTENT="illustrations]" HEIGHT="45" WIDTH="337" VPOS="2588" HPOS="415"/>
<SP HEIGHT="43" WIDTH="72" VPOS="2590" HPOS="753"/>
<String CONTENT="(35-23)" HEIGHT="38" WIDTH="188" VPOS="2588" HPOS="826"/>
</TextLine>
<TextLine HEIGHT="63" WIDTH="659" VPOS="2691" HPOS="219" STYLEREFS="StyleId-4DB0FACD-3D92-42DB-A3D3-89F9C08D4336-">
<String CONTENT="Woodward," HEIGHT="62" WIDTH="360" VPOS="2692" HPOS="219"/>
<SP HEIGHT="63" WIDTH="27" VPOS="2691" HPOS="580"/>
<String CONTENT="Edward." HEIGHT="53" WIDTH="270" VPOS="2691" HPOS="608"/>
</TextLine>
<TextLine HEIGHT="66" WIDTH="1850" VPOS="2766" HPOS="347" STYLEREFS="StyleId-82B0EF10-3076-4B96-9A3F-2E73EBA071C9-" CS="1">
<String CS="1" CONTENT="&#8230;"/>
<SP HEIGHT="49" WIDTH="37" VPOS="2769" HPOS="347"/>
<String CONTENT="There" HEIGHT="52" WIDTH="181" VPOS="2766" HPOS="385"/>
<SP HEIGHT="33" WIDTH="32" VPOS="2785" HPOS="567"/>
<String CONTENT="are" HEIGHT="33" WIDTH="92" VPOS="2785" HPOS="600"/>
<SP HEIGHT="46" WIDTH="30" VPOS="2785" HPOS="693"/>
<String CONTENT="giants." HEIGHT="64" WIDTH="205" VPOS="2767" HPOS="724"/>
<SP HEIGHT="50" WIDTH="67" VPOS="2767" HPOS="930"/>
<String CONTENT="London," HEIGHT="64" WIDTH="255" VPOS="2767" HPOS="998"/>
<SP HEIGHT="63" WIDTH="31" VPOS="2768" HPOS="1254"/>
<String CONTENT="Hutchinson" HEIGHT="52" WIDTH="361" VPOS="2768" HPOS="1286"/>
<SP HEIGHT="49" WIDTH="32" VPOS="2770" HPOS="1648"/>
<String CONTENT="&amp;" HEIGHT="49" WIDTH="44" VPOS="2770" HPOS="1681"/>
<SP HEIGHT="49" WIDTH="29" VPOS="2770" HPOS="1726"/>
<String CONTENT="co.," HEIGHT="46" WIDTH="96" VPOS="2785" HPOS="1756"/>
<SP HEIGHT="61" WIDTH="31" VPOS="2770" HPOS="1853"/>
<String CONTENT="ltd." HEIGHT="52" WIDTH="101" VPOS="2768" HPOS="1885"/>
<SP HEIGHT="31" WIDTH="38" VPOS="2801" HPOS="1987"/>
<String CONTENT="[1934]" HEIGHT="62" WIDTH="171" VPOS="2770" HPOS="2026"/>
</TextLine>
<TextLine HEIGHT="48" WIDTH="626" VPOS="2838" HPOS="286" CS="1">
<String CONTENT="3" HEIGHT="37" WIDTH="25" VPOS="2839" HPOS="286"/>
<SP HEIGHT="47" WIDTH="32" VPOS="2839" HPOS="312"/>
<String LANG="fr" CONTENT="p." HEIGHT="35" WIDTH="40" VPOS="2851" HPOS="345"/>
<SP HEIGHT="39" WIDTH="33" VPOS="2839" HPOS="386"/>
<String LANG="fr" CS="1" CONTENT="l"/>
<String CS="1" CONTENT=".," HEIGHT="6" WIDTH="7" VPOS="2871" HPOS="439"/>
<SP HEIGHT="40" WIDTH="32" VPOS="2840" HPOS="462"/>
<String CONTENT="11-287" HEIGHT="39" WIDTH="169" VPOS="2838" HPOS="495"/>
<SP HEIGHT="46" WIDTH="29" VPOS="2840" HPOS="665"/>
<String CONTENT="p." HEIGHT="37" WIDTH="40" VPOS="2849" HPOS="695"/>
<SP HEIGHT="38" WIDTH="61" VPOS="2839" HPOS="736"/>
<String CONTENT="19cm." HEIGHT="39" WIDTH="114" VPOS="2839" HPOS="798"/>
</TextLine>
<TextLine HEIGHT="46" WIDTH="1124" VPOS="2908" HPOS="289">
<String CONTENT="At" HEIGHT="39" WIDTH="59" VPOS="2908" HPOS="289"/>
<SP HEIGHT="38" WIDTH="27" VPOS="2909" HPOS="349"/>
<String CONTENT="head" HEIGHT="39" WIDTH="121" VPOS="2909" HPOS="377"/>
<SP HEIGHT="38" WIDTH="30" VPOS="2909" HPOS="499"/>
<String CONTENT="of" HEIGHT="39" WIDTH="49" VPOS="2908" HPOS="530"/>
<SP HEIGHT="39" WIDTH="27" VPOS="2908" HPOS="580"/>
<String CONTENT="title:" HEIGHT="40" WIDTH="131" VPOS="2908" HPOS="608"/>
<SP HEIGHT="38" WIDTH="34" VPOS="2908" HPOS="740"/>
<String CONTENT="By" HEIGHT="46" WIDTH="68" VPOS="2908" HPOS="775"/>
<SP HEIGHT="45" WIDTH="29" VPOS="2909" HPOS="844"/>
<String CONTENT="Edward" HEIGHT="38" WIDTH="207" VPOS="2909" HPOS="874"/>
<SP HEIGHT="38" WIDTH="31" VPOS="2909" HPOS="1082"/>
<String CONTENT="Woodward." HEIGHT="40" WIDTH="299" VPOS="2909" HPOS="1114"/>
</TextLine>
<TextLine HEIGHT="98" WIDTH="1964" VPOS="2976" HPOS="222" CS="1">
<String CONTENT="&#169;" HEIGHT="50" WIDTH="50" VPOS="2976" HPOS="222"/>
<SP HEIGHT="50" WIDTH="31" VPOS="2976" HPOS="273"/>
<String CS="1" CONTENT="1c"/>
<String LANG="fr" CONTENT="." HEIGHT="7" WIDTH="7" VPOS="3010" HPOS="360"/>
<SP HEIGHT="36" WIDTH="31" VPOS="2981" HPOS="368"/>
<String CONTENT="Dec." HEIGHT="37" WIDTH="107" VPOS="2981" HPOS="400"/>
<SP HEIGHT="35" WIDTH="30" VPOS="2982" HPOS="508"/>
<String CONTENT="8." HEIGHT="35" WIDTH="37" VPOS="2982" HPOS="539"/>
<SP HEIGHT="37" WIDTH="29" VPOS="2980" HPOS="577"/>
<String CONTENT="1934:" HEIGHT="39" WIDTH="138" VPOS="2978" HPOS="607"/>
<SP HEIGHT="35" WIDTH="33" VPOS="2980" HPOS="746"/>
<!-- cceid C86DE6A3-6C64-1014-8713-889FF4349C01 --><String CONTENT="A" HEIGHT="35" WIDTH="37" VPOS="2980" HPOS="780"/>
<SP HEIGHT="36" WIDTH="28" VPOS="2980" HPOS="818"/>
<String CONTENT="ad" HEIGHT="37" WIDTH="59" VPOS="2979" HPOS="847"/>
<SP HEIGHT="38" WIDTH="28" VPOS="2978" HPOS="907"/>
<String CONTENT="int." HEIGHT="38" WIDTH="82" VPOS="2978" HPOS="936"/>
<SP HEIGHT="36" WIDTH="32" VPOS="2980" HPOS="1019"/>
<String CONTENT="19747:" HEIGHT="39" WIDTH="166" VPOS="2978" HPOS="1052"/>
<SP HEIGHT="36" WIDTH="33" VPOS="2989" HPOS="1219"/>
<String CONTENT="pubd." HEIGHT="45" WIDTH="137" VPOS="2980" HPOS="1253"/>
<SP HEIGHT="39" WIDTH="32" VPOS="2980" HPOS="1391"/>
<String CONTENT="Oct." HEIGHT="39" WIDTH="98" VPOS="2980" HPOS="1424"/>
<SP HEIGHT="37" WIDTH="32" VPOS="2981" HPOS="1523"/>
<String CONTENT="12;" HEIGHT="38" WIDTH="79" VPOS="2981" HPOS="1556"/>
<SP HEIGHT="38" WIDTH="34" VPOS="2981" HPOS="1636"/>
<String CONTENT="E." HEIGHT="37" WIDTH="48" VPOS="2981" HPOS="1671"/>
<SP HEIGHT="38" WIDTH="33" VPOS="2981" HPOS="1720"/>
<String CONTENT="Woodward," HEIGHT="43" WIDTH="301" VPOS="2979" HPOS="1754"/>
<SP HEIGHT="42" WIDTH="31" VPOS="2980" HPOS="2056"/>
<String CS="1" CONTENT="Foxearth." HEIGHT="94" WIDTH="1835" VPOS="2980" HPOS="351"/>
</TextLine>
<TextLine HEIGHT="47" WIDTH="1204" VPOS="3035" HPOS="474">
<String CONTENT="nr." HEIGHT="26" WIDTH="67" VPOS="3046" HPOS="474"/>
<SP HEIGHT="36" WIDTH="32" VPOS="3036" HPOS="542"/>
<String CONTENT="Woodley." HEIGHT="43" WIDTH="240" VPOS="3036" HPOS="575"/>
<SP HEIGHT="37" WIDTH="33" VPOS="3036" HPOS="816"/>
<String CONTENT="Berkshire." HEIGHT="38" WIDTH="272" VPOS="3035" HPOS="850"/>
<SP HEIGHT="36" WIDTH="34" VPOS="3037" HPOS="1123"/>
<String CONTENT="England." HEIGHT="46" WIDTH="228" VPOS="3036" HPOS="1158"/>
<SP HEIGHT="43" WIDTH="72" VPOS="3038" HPOS="1387"/>
<String CONTENT="(35-332)" HEIGHT="46" WIDTH="218" VPOS="3036" HPOS="1460"/>
</TextLine>
<TextLine HEIGHT="63" WIDTH="786" VPOS="3136" HPOS="221" STYLEREFS="StyleId-4DB0FACD-3D92-42DB-A3D3-89F9C08D4336-">
<String CONTENT="Workman," HEIGHT="63" WIDTH="333" VPOS="3136" HPOS="221"/>
<SP HEIGHT="62" WIDTH="28" VPOS="3137" HPOS="555"/>
<String CONTENT="Katherine" HEIGHT="53" WIDTH="326" VPOS="3136" HPOS="584"/>
<SP HEIGHT="50" WIDTH="25" VPOS="3139" HPOS="911"/>
<String CONTENT="A." HEIGHT="52" WIDTH="70" VPOS="3139" HPOS="937"/>
</TextLine>
<TextLine HEIGHT="68" WIDTH="1911" VPOS="3212" HPOS="289" STYLEREFS="StyleId-82B0EF10-3076-4B96-9A3F-2E73EBA071C9-">
<String CONTENT="In" HEIGHT="50" WIDTH="70" VPOS="3213" HPOS="289"/>
<SP HEIGHT="45" WIDTH="44" VPOS="3219" HPOS="360"/>
<String CONTENT="the" HEIGHT="51" WIDTH="93" VPOS="3213" HPOS="405"/>
<SP HEIGHT="51" WIDTH="42" VPOS="3213" HPOS="499"/>
<String CONTENT="heart" HEIGHT="52" WIDTH="160" VPOS="3213" HPOS="542"/>
<SP HEIGHT="45" WIDTH="45" VPOS="3219" HPOS="703"/>
<String CONTENT="of" HEIGHT="51" WIDTH="62" VPOS="3213" HPOS="749"/>
<SP HEIGHT="50" WIDTH="48" VPOS="3213" HPOS="812"/>
<String CONTENT="Hindustan" HEIGHT="53" WIDTH="326" VPOS="3212" HPOS="861"/>
<SP HEIGHT="48" WIDTH="49" VPOS="3231" HPOS="1188"/>
<String CONTENT="[by]" HEIGHT="65" WIDTH="107" VPOS="3215" HPOS="1238"/>
<SP HEIGHT="64" WIDTH="50" VPOS="3216" HPOS="1346"/>
<String CONTENT="Katherine" HEIGHT="52" WIDTH="316" VPOS="3216" HPOS="1397"/>
<SP HEIGHT="53" WIDTH="43" VPOS="3215" HPOS="1714"/>
<String CONTENT="A." HEIGHT="51" WIDTH="70" VPOS="3215" HPOS="1758"/>
<SP HEIGHT="51" WIDTH="43" VPOS="3216" HPOS="1829"/>
<String CONTENT="Workman." HEIGHT="54" WIDTH="327" VPOS="3214" HPOS="1873"/>
</TextLine>
<TextLine HEIGHT="69" WIDTH="1634" VPOS="3288" HPOS="220" STYLEREFS="StyleId-82B0EF10-3076-4B96-9A3F-2E73EBA071C9-">
<String CONTENT="Waukesha," HEIGHT="65" WIDTH="336" VPOS="3288" HPOS="220"/>
<SP HEIGHT="63" WIDTH="33" VPOS="3290" HPOS="557"/>
<String CONTENT="Wis.," HEIGHT="65" WIDTH="158" VPOS="3289" HPOS="591"/>
<SP HEIGHT="65" WIDTH="34" VPOS="3289" HPOS="750"/>
<String CONTENT="Metropolitan" HEIGHT="66" WIDTH="411" VPOS="3289" HPOS="785"/>
<SP HEIGHT="33" WIDTH="33" VPOS="3309" HPOS="1197"/>
<String CONTENT="church" HEIGHT="52" WIDTH="207" VPOS="3291" HPOS="1231"/>
<SP HEIGHT="52" WIDTH="38" VPOS="3292" HPOS="1439"/>
<String CONTENT="assn." HEIGHT="34" WIDTH="142" VPOS="3311" HPOS="1478"/>
<SP HEIGHT="32" WIDTH="41" VPOS="3325" HPOS="1621"/>
<String CONTENT="[c1934]" HEIGHT="61" WIDTH="191" VPOS="3296" HPOS="1663"/>
</TextLine>
<TextLine HEIGHT="48" WIDTH="824" VPOS="3360" HPOS="288">
<String CONTENT="238" HEIGHT="40" WIDTH="84" VPOS="3360" HPOS="288"/>
<SP HEIGHT="48" WIDTH="27" VPOS="3360" HPOS="373"/>
<String CONTENT="p." HEIGHT="36" WIDTH="40" VPOS="3372" HPOS="401"/>
<SP HEIGHT="29" WIDTH="60" VPOS="3371" HPOS="442"/>
<String CONTENT="col." HEIGHT="39" WIDTH="85" VPOS="3361" HPOS="503"/>
<SP HEIGHT="40" WIDTH="30" VPOS="3360" HPOS="589"/>
<String CONTENT="front.," HEIGHT="42" WIDTH="160" VPOS="3360" HPOS="620"/>
<SP HEIGHT="40" WIDTH="30" VPOS="3362" HPOS="781"/>
<String CONTENT="illus." HEIGHT="40" WIDTH="125" VPOS="3361" HPOS="812"/>
<SP HEIGHT="36" WIDTH="63" VPOS="3363" HPOS="938"/>
<String CONTENT="19cm." HEIGHT="38" WIDTH="110" VPOS="3362" HPOS="1002"/>
</TextLine>
<TextLine HEIGHT="48" WIDTH="678" VPOS="3417" HPOS="293">
<String CONTENT="Illustrated" HEIGHT="38" WIDTH="279" VPOS="3417" HPOS="293"/>
<SP HEIGHT="37" WIDTH="39" VPOS="3418" HPOS="573"/>
<String CONTENT="lining-papers." HEIGHT="48" WIDTH="358" VPOS="3417" HPOS="613"/>
</TextLine>
<TextLine HEIGHT="55" WIDTH="1978" VPOS="3483" HPOS="223" CS="1">
<String CONTENT="&#169;" HEIGHT="50" WIDTH="50" VPOS="3483" HPOS="223"/>
<SP HEIGHT="50" WIDTH="26" VPOS="3483" HPOS="274"/>
<String CONTENT="Aug." HEIGHT="43" WIDTH="113" VPOS="3488" HPOS="301"/>
<SP HEIGHT="36" WIDTH="30" VPOS="3488" HPOS="415"/>
<String CONTENT="1." HEIGHT="36" WIDTH="34" VPOS="3488" HPOS="446"/>
<SP HEIGHT="36" WIDTH="28" VPOS="3488" HPOS="481"/>
<String CONTENT="1934:" HEIGHT="37" WIDTH="134" VPOS="3488" HPOS="510"/>
<SP HEIGHT="35" WIDTH="28" VPOS="3489" HPOS="645"/>
<String CONTENT="2c." HEIGHT="37" WIDTH="64" VPOS="3489" HPOS="674"/>
<SP HEIGHT="26" WIDTH="25" VPOS="3499" HPOS="739"/>
<String CS="1" CONTENT="and" HEIGHT="26" WIDTH="23" VPOS="3499" HPOS="765"/>
<SP HEIGHT="37" WIDTH="27" VPOS="3488" HPOS="857"/>
<String CONTENT="aff." HEIGHT="38" WIDTH="78" VPOS="3487" HPOS="885"/>
<SP HEIGHT="36" WIDTH="30" VPOS="3489" HPOS="964"/>
<String CONTENT="Dec." HEIGHT="36" WIDTH="107" VPOS="3489" HPOS="995"/>
<SP HEIGHT="37" WIDTH="26" VPOS="3488" HPOS="1103"/>
<String CONTENT="17:" HEIGHT="38" WIDTH="76" VPOS="3488" HPOS="1130"/>
<SP HEIGHT="37" WIDTH="28" VPOS="3489" HPOS="1207"/>
<!-- cceid C86DEFC6-6C64-1014-8713-889FF4349C01 --><String CONTENT="A" HEIGHT="37" WIDTH="38" VPOS="3489" HPOS="1236"/>
<SP HEIGHT="38" WIDTH="26" VPOS="3489" HPOS="1275"/>
<String CS="1" CONTENT="77667:" HEIGHT="38" WIDTH="139" VPOS="3490" HPOS="1302"/>
<SP HEIGHT="37" WIDTH="32" VPOS="3492" HPOS="1469"/>
<String CONTENT="Metropolitan" HEIGHT="47" WIDTH="343" VPOS="3491" HPOS="1502"/>
<SP HEIGHT="28" WIDTH="24" VPOS="3502" HPOS="1846"/>
<String CONTENT="church" HEIGHT="40" WIDTH="176" VPOS="3490" HPOS="1871"/>
<SP HEIGHT="38" WIDTH="27" VPOS="3491" HPOS="2048"/>
<String CONTENT="assn." HEIGHT="30" WIDTH="125" VPOS="3499" HPOS="2076"/>
</TextLine>
<TextLine HEIGHT="39" WIDTH="217" VPOS="3544" HPOS="301">
<String CONTENT="(35-598)" HEIGHT="39" WIDTH="217" VPOS="3544" HPOS="301"/>
</TextLine>
<TextLine HEIGHT="62" WIDTH="489" VPOS="3646" HPOS="219" STYLEREFS="StyleId-4DB0FACD-3D92-42DB-A3D3-89F9C08D4336-" CS="1">
<String CONTENT="Yvelise," HEIGHT="62" WIDTH="249" VPOS="3646" HPOS="219"/>
<SP HEIGHT="62" WIDTH="30" VPOS="3646" HPOS="469"/>
<String CONTENT="Jean" HEIGHT="51" WIDTH="144" VPOS="3646" HPOS="500"/>
<SP HEIGHT="50" WIDTH="31" VPOS="3647" HPOS="645"/>
<String CS="1" CONTENT="d'." HEIGHT="50" WIDTH="31" VPOS="3647" HPOS="677"/>
</TextLine>
<TextLine HEIGHT="59" WIDTH="1418" VPOS="3722" HPOS="287" STYLEREFS="StyleId-82B0EF10-3076-4B96-9A3F-2E73EBA071C9-" CS="1">
<String LANG="en-US" CS="1" CONTENT="Nella." HEIGHT="51" WIDTH="176" VPOS="3722" HPOS="287"/>
<SP HEIGHT="48" WIDTH="71" VPOS="3725" HPOS="464"/>
<String LANG="en-US" CONTENT="Paris." HEIGHT="54" WIDTH="179" VPOS="3724" HPOS="536"/>
<SP HEIGHT="53" WIDTH="29" VPOS="3725" HPOS="716"/>
<String LANG="en-US" CONTENT="La" HEIGHT="49" WIDTH="77" VPOS="3725" HPOS="746"/>
<SP HEIGHT="50" WIDTH="35" VPOS="3725" HPOS="824"/>
<String LANG="en-US" CONTENT="Renaissance" HEIGHT="52" WIDTH="369" VPOS="3725" HPOS="860"/>
<SP HEIGHT="51" WIDTH="31" VPOS="3726" HPOS="1230"/>
<String LANG="fr" CONTENT="du" HEIGHT="50" WIDTH="75" VPOS="3726" HPOS="1262"/>
<SP HEIGHT="49" WIDTH="29" VPOS="3730" HPOS="1338"/>
<String LANG="fr" CONTENT="livre," HEIGHT="54" WIDTH="158" VPOS="3726" HPOS="1368"/>
<SP HEIGHT="45" WIDTH="33" VPOS="3736" HPOS="1527"/>
<String LANG="en-US" CONTENT="1933." HEIGHT="49" WIDTH="144" VPOS="3732" HPOS="1561"/>
</TextLine>
<TextLine HEIGHT="50" WIDTH="1153" VPOS="3795" HPOS="294">
<String LANG="en-US" CONTENT="1" HEIGHT="35" WIDTH="11" VPOS="3797" HPOS="294"/>
<SP HEIGHT="35" WIDTH="36" VPOS="3797" HPOS="306"/>
<String LANG="en-US" CONTENT="v." HEIGHT="25" WIDTH="38" VPOS="3807" HPOS="343"/>
<SP HEIGHT="44" WIDTH="67" VPOS="3796" HPOS="382"/>
<String LANG="fr" CONTENT="(Biblioth&#232;que" HEIGHT="47" WIDTH="357" VPOS="3795" HPOS="450"/>
<SP HEIGHT="37" WIDTH="25" VPOS="3798" HPOS="808"/>
<String LANG="fr" CONTENT="d'Eve," HEIGHT="40" WIDTH="158" VPOS="3795" HPOS="834"/>
<SP HEIGHT="27" WIDTH="32" VPOS="3808" HPOS="993"/>
<String LANG="en-US" CONTENT="romans" HEIGHT="28" WIDTH="189" VPOS="3808" HPOS="1026"/>
<SP HEIGHT="28" WIDTH="29" VPOS="3809" HPOS="1216"/>
<String LANG="fr" CONTENT="choisis)" HEIGHT="46" WIDTH="201" VPOS="3799" HPOS="1246"/>
</TextLine>
<TextLine HEIGHT="53" WIDTH="1977" VPOS="3861" HPOS="223" CS="1">
<String CONTENT="&#169;" HEIGHT="50" WIDTH="50" VPOS="3861" HPOS="223"/>
<SP HEIGHT="50" WIDTH="32" VPOS="3861" HPOS="274"/>
<String CONTENT="Mar." HEIGHT="37" WIDTH="115" VPOS="3866" HPOS="307"/>
<SP HEIGHT="36" WIDTH="30" VPOS="3866" HPOS="423"/>
<String CONTENT="10." HEIGHT="38" WIDTH="66" VPOS="3866" HPOS="454"/>
<SP HEIGHT="39" WIDTH="30" VPOS="3865" HPOS="521"/>
<String CONTENT="1933:" HEIGHT="38" WIDTH="136" VPOS="3865" HPOS="552"/>
<SP HEIGHT="36" WIDTH="34" VPOS="3867" HPOS="689"/>
<String CS="1" CONTENT="1c"/>
<String LANG="fr" CONTENT="." HEIGHT="7" WIDTH="6" VPOS="3896" HPOS="780"/>
<SP HEIGHT="38" WIDTH="30" VPOS="3866" HPOS="787"/>
<String CONTENT="July" HEIGHT="46" WIDTH="115" VPOS="3866" HPOS="818"/>
<SP HEIGHT="44" WIDTH="28" VPOS="3868" HPOS="934"/>
<String CONTENT="18:" HEIGHT="38" WIDTH="78" VPOS="3868" HPOS="963"/>
<SP HEIGHT="37" WIDTH="33" VPOS="3868" HPOS="1042"/>
<!-- cceid C86DFB9B-6C64-1014-8713-889FF4349C01 --><String CONTENT="A-Foreign" HEIGHT="47" WIDTH="305" VPOS="3867" HPOS="1076"/>
<SP HEIGHT="37" WIDTH="31" VPOS="3869" HPOS="1382"/>
<String CONTENT="21533:" HEIGHT="40" WIDTH="167" VPOS="3869" HPOS="1414"/>
<SP HEIGHT="37" WIDTH="35" VPOS="3871" HPOS="1582"/>
<String CONTENT="Renaissance" HEIGHT="39" WIDTH="326" VPOS="3870" HPOS="1618"/>
<SP HEIGHT="39" WIDTH="30" VPOS="3870" HPOS="1945"/>
<String LANG="fr" CONTENT="du" HEIGHT="38" WIDTH="63" VPOS="3870" HPOS="1976"/>
<SP HEIGHT="38" WIDTH="28" VPOS="3870" HPOS="2040"/>
<String LANG="fr" CONTENT="livre." HEIGHT="39" WIDTH="131" VPOS="3868" HPOS="2069"/>
</TextLine>
</TextBlock>
</PrintSpace>
</Page>
</Layout>
</alto>