2350 4196
1141 4009 102 44 464

200 463 1988 71 by George Gellhorn … authorized translation made by
199 541 1932 69 L. Kraeer Ferguson … 467 illustrations, mostly in color …
199 618 407 68 Philadelphia
641 625 136 61 [etc.]
811 622 54 53 J.
896 624 65 49 B.
989 621 336 68 Lippincott
1353 640 238 49 company
1665 655 11 32 [
1684 627 16 21 c
1706 625 135 48 1934]

271 694 26 38 2
361 725 8 7 v.
430 693 127 39 illus.
588 692 134 47 (part
753 694 110 46 col.)
903 695 150 46 diagr.
1112 693 59 40 29
1172 697 41 20 cm
1220 727 7 7 .

272 751 160 46 Paged
464 750 351 47 continuously.

204 805 1988 105 “The American edition … contains several chapters supplied by Amreich which do not exist in the German original.”—Introd. to the
202 921 117 47 Eng.
358 921 71 38 ed.

208 975 50 51 ©
288 980 120 38 Mar.
436 977 68 40 23.
532 976 114 40 1934;
703 977 65 40 2c.
797 977 117 39 each
942 978 94 39 and
1065 977 81 40 aff.
1174 977 110 47 Apr.
1315 977 25 39 6;
1397 977 41 39 A
1465 976 169 43 70928;
1667 977 41 39 J.
1739 977 52 39 B.
1821 976 279 48 Lippincott
2124 988 66 29 co.

284 1034 249 48 (34-9240)

202 1120 357 66 Rehberger,
592 1123 225 63 George
848 1124 271 63 Edward,
1153 1124 169 51 1880-

270 1198 380 68 Lippincott’s
680 1199 167 67 quick
876 1199 283 52 reference
1186 1199 146 52 book
1361 1198 92 53 for
1481 1197 275 53 medicine
1787 1200 112 51 and
1928 1217 236 50 surgery:

201 1296 31 34 a
272 1277 242 66 clinical,
554 1277 318 67 diagnostic
912 1278 111 51 and
1061 1276 354 68 therapeutic
1454 1275 185 69 digest
1676 1276 63 53 of
1777 1277 228 67 general
201 1278 1969 144 medicine,
402 1373 237 49 surgery
681 1356 112 51 and
835 1355 93 51 the
969 1354 334 67 specialties,
1344 1354 183 53 culled
1569 1354 346 68 extensively
1956 1357 113 51 and
200 1357 1969 144 intensively
508 1433 152 52 from
689 1434 236 51 modern
954 1433 311 66 literature,
1295 1433 112 52 and
1439 1434 397 66 systematized
1866 1433 75 68 by
1972 1434 220 69 George

203 1508 1990 71 E. Rehberger … 9th ed., rev. Philadelphia and London,
200 1589 54 53 J.
286 1589 66 51 B.
384 1589 337 67 Lippincott
750 1606 278 50 company
1063 1621 11 33 [
1080 1594 18 21 c
1103 1591 150 63 1934]

276 1662 139 49 [1196]
448 1674 42 36 p.
552 1662 84 39 col.
666 1662 162 45 front.,
859 1663 142 45 illus.,
1031 1661 86 40 col.
1147 1661 168 48 plates,
1347 1661 177 47 diagrs.
1585 1661 55 40 27
1643 1663 44 21 cm
1692 1693 8 7 .

273 1719 329 46 Frontispiece
631 1718 206 40 consists
867 1719 50 39 of
946 1719 136 39 three
1111 1718 168 48 plates,
1310 1729 87 28 one
1426 1718 51 40 of
1505 1717 159 40 which
1692 1718 41 39 is
1762 1718 375 47 superimposed.

208 1773 50 51 ©
289 1777 121 39 Mar.
440 1777 68 39 26.
539 1775 114 41 1934;
711 1776 65 39 2c.
808 1777 96 38 and
934 1775 80 40 aff.
1046 1775 111 47 Apr.
1188 1775 51 44 6;
1272 1775 41 38 A
1342 1773 169 43 70927;
1546 1776 41 40 J.
1621 1776 54 39 B.
1707 1776 276 47 Lippincott
2014 1787 67 29 co.

285 1833 249 48 (34-9238)

201 1908 121 52 The
350 1909 299 62 Saturday
676 1907 215 53 review
920 1908 63 52 of
1011 1907 327 56 literature.

270 1984 288 69 Designed
589 1985 94 52 for
713 1985 267 68 reading;
1014 2003 71 33 an
1116 1985 310 68 anthology
1457 1986 199 52 drawn
1687 1986 152 53 from
1869 1988 94 52 the
203 1986 1965 146 Saturday
363 2064 202 51 review
617 2064 62 52 of
727 2064 312 66 literature,
1089 2066 324 64 1924-1934,
1461 2065 74 65 by
1584 2065 95 51 the
1727 2065 211 52 editors
1987 2064 63 53 of
2096 2065 96 54 the

205 2141 1986 71 Saturday review of literature, Henry Seidel Canby … Amy
200 2220 1991 68 Loveman … William Rose Benét … [and others] New York,
201 2299 119 52 The
348 2297 334 54 Macmillan
709 2315 295 50 company,
1035 2301 149 50 1934.

276 2372 133 45 xviii,
438 2372 85 39 614
549 2382 56 37 p.,
633 2372 25 38 1
707 2402 6 6 l.
770 2371 127 40 illus.
953 2370 57 40 20½
1042 2373 44 20 cm
1091 2403 6 7 .

276 2428 369 48 “Biographical
673 2427 165 40 notes”:
895 2438 43 37 p.
966 2426 212 40 607-614.

209 2482 50 51 ©
293 2486 112 47 Apr.
441 2485 67 46 10,
544 2484 113 40 1934;
719 2485 67 39 2c.
822 2485 94 38 and
951 2483 80 41 aff.
1067 2484 112 46 Apr.
1216 2484 53 39 11;
1334 2485 41 38 A
1408 2483 143 42 70984;
1620 2485 243 48 Saturday
1900 2484 176 41 review
2111 2496 65 29 co.,

274 2543 117 39 New
419 2542 144 39 York.
634 2540 249 48 (34-8561)

203 2617 171 64 Snell,
403 2618 127 62 Roy
557 2617 242 63 Judson,
831 2615 169 52 1878-

335 2692 1853 70 … The phantom violin, by Roy J. Snell. Chicago, The
205 2772 728 67 Reilly & Lee co. [ c 1934]
276 2843 1521 48 3 p. l., 11-273 p. 19½ cm . (His Mystery stories for girls)
209 2898 50 51 ©
289 2902 111 47 Apr.
431 2901 67 46 18,
529 2900 114 40 1934;
698 2902 66 38 2c.
795 2901 94 39 and
919 2899 80 40 aff.
1029 2900 111 47 Apr.
1172 2899 79 45 23;
1284 2900 41 38 A
1354 2900 168 44 72125;
1555 2900 159 48 Reilly
1745 2901 37 40 &
1809 2901 92 39 Lee
1931 2911 67 30 co.

285 2957 249 48 (34-9206)

206 3032 1951 144 … Whispers at dawn; or, The eye, by Roy J. Snell. Chicago, The Reilly & Lee co. [ c 1934]
275 3181 1522 49 4 p. l. , 11-247 p. 19½ cm . (His Mystery stories for boys)
209 3236 51 50 ©
289 3240 110 47 Apr.
429 3239 67 46 18,
527 3238 114 40 1934;
699 3239 65 39 2c.
796 3240 92 38 and
920 3237 79 40 aff.
1030 3238 112 46 Apr.
1173 3237 52 40 23;
1285 3238 39 38 A
1354 3238 142 39 72124;
1556 3238 160 47 Reilly
1745 3238 39 40 &
1810 3238 91 40 Lee
1931 3248 66 29 co.

289 3295 248 48 (34-9205)

202 3371 272 62 Stewart,
510 3370 192 51 Frank
734 3371 89 62 H.,
857 3367 170 55 1873-
1237 3369 82 52 ed.

273 3447 174 53 Notes
492 3465 71 34 on
610 3447 93 52 old
752 3448 328 53 Gloucester
1127 3451 223 62 county,
1398 3449 136 50 New
1583 3449 214 64 Jersey.
1874 3445 315 68 Reprinted

205 3524 151 54 from
397 3524 152 53 “The
594 3523 406 55 Constitution’
1007 3523 10 24 5
1058 3526 149 53 June
1249 3523 47 55 7,
1340 3527 131 48 1933
1513 3529 58 47 to
1612 3527 262 62 January
1915 3527 83 63 31,
2040 3526 147 49 1934.

203 3603 238 51 Volume
545 3643 9 10 II.
604 3601 211 52 section
893 3645 7 8 I.
996 3601 296 67 Compiled
1344 3602 110 51 and
1504 3603 189 51 edited
1742 3602 74 67 by
1866 3601 195 52 Frank
2112 3603 74 50 H.

206 3678 1985 67 Stewart … [Woodbury, N. J., Printed by The Constitution
203 3777 295 49 company,
525 3765 19 20 c
549 3760 149 62 1934]

276 3831 57 40 96
359 3842 41 37 p.
457 3831 55 39 23
516 3832 44 21 cm
565 3861 8 7 .

209 3884 51 51 ©
301 3889 120 38 Mar.
460 3887 66 46 15,
566 3886 113 40 1934;
745 3886 66 40 2c.
851 3885 111 47 Apr.
1001 3885 25 38 2;
1094 3884 79 40 aff.
1213 3885 112 47 Apr.
1364 3885 52 40 13;
1485 3885 39 39 A
1563 3885 142 40 72026;
1773 3885 50 39 F.
1864 3885 58 38 H.
1965 3884 221 46 Stewart,

280 3943 287 47 Woodbury,
593 3942 57 40 N.
676 3942 42 38 J.
