2350 4296
1085 4011 97 50 945

141 360 224 66 Alanic,
394 359 306 66 Mathilde,
732 363 170 50 1864-

274 432 1759 72 … Les Danaïdes, roman. [Paris] E. Flammarion [1934]
213 509 461 51 284, [2] p. 18 ½ cra .
147 576 1933 55 © June 7, 1934; 1c. June 21; A- Foreign 24997; Ernest Flammarion.
228 640 278 49 (34-21497)

143 745 223 64 Albert,
396 745 233 54 Arthur
659 744 256 56 Lemuel.

210 816 1870 71 Electrical communication, by Arthur Lemuel Albert …
139 900 138 52 New
313 899 179 67 York,
525 900 55 53 J.
616 900 190 67 Wiley
839 902 46 49 &
918 917 144 48 sons,
1096 896 136 68 inc.;
1269 897 259 67 London,
1566 895 299 68 Chapman
1900 897 46 50 &
1980 894 161 66 Hall,

140 978 239 64 limited,
423 981 151 48 1934.

209 1046 1126 53 ix, 448 p. illus., diagrs. 23 ½ cm . $5.00
212 1107 347 41 “References”
594 1109 51 39 at
678 1108 92 39 end
802 1107 52 40 of
886 1107 119 39 each
1037 1106 213 46 chapter.

145 1176 51 52 ©
227 1181 115 46 July
371 1181 68 46 13,
469 1179 114 40 1934;
641 1181 67 38 2c.
740 1180 115 47 July
886 1180 54 38 14;
1002 1178 81 40 aff.
1116 1177 114 48 July
1259 1179 54 38 17;
1374 1178 40 37 A
1445 1177 144 40 74244;
1648 1177 54 38 A.
1735 1176 50 39 L.
1816 1175 182 47 Albert,
211 1175 1912 109 Corvallis,
398 1238 77 40 Or.
548 1236 277 49 (34-21687)

138 1342 177 64 Arcy,
347 1342 280 56 Maurice.

271 1412 1871 74 … La formule rouge, par Maurice Arcy. Paris, Gallimard
145 1497 171 66 [1934]

210 1565 1297 53 2 p. l., [7]-252 p. 17½ cm . (Collection détective)
211 1624 62 42 At
303 1626 122 40 head
453 1625 53 40 of
531 1625 108 40 title:
698 1624 88 41 Les
815 1624 282 49 puissances
1126 1623 219 41 secrètes.

144 1680 1996 52 © Apr. 1, 1934; 1c. June 21; A-Foreign 24974; Librairie Gallimard.
222 1741 280 48 (34-21860)

141 1844 141 65 Ball,
312 1844 176 56 Elsie.

210 1922 244 53 Friends
486 1928 60 47 at
575 1922 158 53 work
785 1922 92 68 [by]
915 1922 157 52 Elsie
1102 1923 149 51 Ball.
1320 1920 294 69 Prepared
1645 1921 154 51 from
1830 1939 31 33 a
140 1919 1974 134 descriptive
296 2002 215 52 outline
552 2001 311 68 developed
900 2001 75 68 by
1014 2001 330 52 Protestant
1382 1999 296 55 Christian
1719 1998 185 52 forces
1943 1997 63 53 of
2043 1998 96 51 the

140 2079 217 54 United
395 2079 188 55 States
621 2079 113 53 and
771 2078 237 56 Canada
1043 2079 251 68 through
1329 2079 96 54 the
1462 2076 421 55 International
1920 2077 216 52 council

141 2157 64 53 of
253 2157 272 69 religious
574 2157 320 67 education,
944 2157 113 53 and
1105 2157 248 53 released
1400 2162 60 48 to
1508 2157 95 52 the
1653 2156 346 53 constituent
139 2156 1976 132 denominations.

599 2235 1537 68 Leader’s manual … New York, Cincinnati [etc.]
139 2313 243 53 Printed
407 2313 94 54 for
528 2314 95 53 the
652 2313 422 54 International
1101 2314 316 53 committee
1446 2334 70 33 on
1544 2315 381 67 co-operative
142 2314 1971 131 publication

361 2392 63 53 of
455 2392 263 52 vacation
750 2392 211 53 church
992 2392 189 53 school
1215 2393 348 52 curriculum
1594 2393 74 67 by
1698 2394 96 52 the
1826 2393 316 53 Methodist

138 2470 145 53 book
314 2489 236 34 concern
589 2504 12 34 [
607 2476 17 22 c
631 2473 151 66 1934]

212 2545 84 39 184
321 2556 42 36 p.
418 2545 55 38 22
475 2547 46 20 cm
526 2575 8 8 .
593 2545 115 48 [The
734 2544 324 48 co-operative
1085 2544 147 41 series
1261 2545 51 40 of
1339 2545 228 40 vacation
1593 2545 181 41 church
1802 2546 161 39 school
1993 2549 145 47 texts]

215 2601 363 49 “Co-operative
623 2601 229 40 vacation
897 2602 180 39 church
1125 2602 161 40 school
1334 2604 198 38 manual
1578 2603 79 40 for
1703 2602 166 49 junior
1915 2604 225 41 vacation

142 2660 180 38 church
353 2660 163 39 school
548 2658 222 48 groups.”

211 2717 225 39 Includes
465 2715 167 41 music.

215 2773 226 40 Includes
470 2772 391 48 bibliographies.

144 2826 51 51 ©
225 2832 113 45 May
365 2831 39 46 1,
434 2829 140 46 1934;
606 2830 66 40 2c.
702 2831 95 38 and
827 2828 80 40 aff.
940 2830 125 40 June
1093 2829 51 46 5;
1175 2829 40 38 A
1245 2828 142 41 71940;
1447 2831 49 37 E.
1529 2830 124 40 Ball.
1683 2831 117 38 New
1829 2831 142 39 York.

223 2886 278 49 (34-21478)

139 2990 166 63 Barr,
335 2989 222 54 Minnie
585 2990 64 55 P.

211 3064 433 54 Miscellaneous
681 3083 209 50 poems,
1039 3064 222 54 Minnie
1296 3066 66 52 P.
1401 3066 165 51 Barr.
1647 3065 317 69 [Elkridge,
2004 3066 139 66 Md.,

141 3148 16 20 c
164 3146 150 64 1934]

210 3215 56 41 57
296 3228 43 37 p.
403 3216 55 41 20½icm.

146 3272 49 51 ©
228 3277 125 39 June
383 3276 68 46 25,
484 3275 140 46 1934;
658 3275 66 41 2c.
758 3276 94 39 and
885 3275 81 39 aff.
999 3276 115 46 July
1147 3275 80 46 10;
1263 3276 40 38 A
1336 3276 170 40 74168:
1542 3278 62 38 M.
1638 3277 50 40 P.
1723 3277 140 46 Barr,
1898 3276 244 48 Elkridge,

212 3335 95 38 Md.
379 3331 279 50 (34-21491)

142 3438 281 63 Bernays,
457 3438 241 60 Robert,
734 3439 169 49 1902-

214 3511 1929 72 Special correspondent, by Robert Bernays … London, V.
142 3588 290 71 Gollancz,
460 3591 122 67 ltd.,
614 3593 149 50 1934.

214 3664 86 40 352
328 3675 44 37 p.
430 3664 129 40 illus.
620 3662 57 40 20½
709 3665 43 21 cm
758 3695 8 9 .

215 3721 69 38 “A
316 3720 225 48 personal
575 3720 167 39 record
777 3719 51 40 of
862 3729 128 30 some
1025 3718 52 40 of
1109 3720 81 42 the
1225 3729 130 32 more
1391 3720 216 50 exciting
1640 3723 168 40 events
1842 3722 52 40 of
1928 3722 158 40 which
2124 3722 20 38 I

143 3776 122 41 have
296 3777 117 40 been
444 3776 252 40 fortunate
729 3776 187 46 enough
949 3778 50 37 to
1031 3776 57 38 be
1121 3787 28 29 a
1182 3778 258 45 spectator,
1479 3779 219 39 whether
1733 3790 52 29 as
1821 3790 25 28 a
1882 3778 263 48 journalist

144 3843 54 28 or
226 3845 22 28 a
283 3833 250 48 politician
570 3831 513 48 [1931-1934]”—Pref.

149 3888 1997 54 © 1c. June 27, 1934; A ad int. 19107; pubd. Apr. 30; R, Bernays, London.
225 3949 278 48 (34-21635)
