2350 4296
1089 3992 128 51 1689

157 357 292 64 Beamish,
486 358 189 53 Annie
702 358 272 53 O’Meara
1004 357 67 52 de
1108 356 98 52 Vic
1240 355 295 64 Beamish,
1568 361 172 49 1883-

220 435 120 52 The
396 434 185 68 king’s
636 435 211 66 missal,
901 434 34 53 by
1035 434 133 52 Noel
1228 433 67 52 de
1351 433 108 52 Vic
1516 433 284 52 Beamish,
1897 434 254 51 London.

157 513 66 51 H.
255 513 261 64 Jenkins,
546 513 219 52 limited
822 516 149 61 [1934]

221 584 85 38 312
335 594 40 37 p.
437 584 144 40 19½cm.

224 640 160 39 “First
414 641 258 47 printing.”

155 695 1995 51 © 1c. Nov. 17, 1934; A ad in t. 19601; pubd. Sept. 21: A. O. de Vic B.
223 756 240 41 Beamish,
493 756 202 42 Cannes,
726 757 196 38 France.
996 754 278 47 (34-42567)

178 844 255 65 [Bechtle,
466 846 268 53 Walther
770 845 333 64 Wolfgang]
1144 850 168 49 1892-

332 922 1815 66 … Auf, nach der Kokosinsel! Eine seeräubererzählung.
148 1000 292 66 Stuttgart
498 1007 117 60 [etc.]
658 999 186 56 Union
882 1001 264 53 deutsche
1179 999 591 67 Verlagsgesellschaft
1858 1004 149 62 [c1934]

217 1071 629 50 66, [1] p. illus. 20 ½ cm.
219 1128 229 40 Author's
477 1132 162 46 pseud.,
683 1116 131 54 Wolf
846 1131 183 38 Durian.
1072 1133 50 36 at
1149 1131 121 38 head
1299 1131 49 37 of
1375 1131 120 38 title.

155 1185 51 54 ©
245 1191 114 45 May
392 1189 67 41 18,
504 1189 134 40 1934;
679 1190 65 38 1c.
783 1190 117 46 Aug.
938 1189 51 40 6:
1028 1188 309 47 A-Foreign
1376 1188 169 40 25351:
1590 1187 155 41 Union
1784 1190 231 38 deutsche
222 1200 1913 94 verlagsgesellschaft.
730 1246 278 46 (34-41821)

156 1335 203 55 Beebe,
390 1334 245 55 Charles
664 1335 272 62 William,
969 1338 168 52 1877-

219 1409 1931 71 Half mile down, by William Beebe … with 123 illustrations
156 1487 109 53 and
295 1492 28 48 8
353 1488 217 53 colored
605 1490 194 65 plates.
865 1488 305 53 Published
1201 1487 178 52 under
1405 1488 94 53 the
1527 1488 253 67 auspices
1806 1488 63 52 of
1896 1488 96 53 the
2017 1487 135 53 New

155 1566 161 52 York
360 1567 308 68 zoological
719 1567 227 68 society.
1032 1567 137 52 New
1218 1565 180 68 York,
1449 1566 309 67 Harcourt,
1816 1568 172 51 Brace
2039 1566 106 52 and

151 1662 279 50 company
484 1646 158 51 [c1934]

226 1717 98 46 xix,
353 1717 87 41 344
467 1727 41 38 p.
568 1718 86 38 col.
685 1717 163 45 front.,
876 1718 159 47 plates
1063 1717 136 49 (part
1225 1716 111 47 col.)
1379 1719 161 46 ports.,
1571 1717 178 48 diagrs.
1810 1717 115 39 24cm.

223 1773 111 48 Map
360 1785 58 29 on
446 1775 135 39 front
608 1774 324 48 lining-paper
960 1775 93 40 and
1082 1774 218 47 diagram
1331 1786 57 28 on
1419 1774 122 40 back
1568 1774 336 48 lining-paper.

223 1830 146 41 “This
397 1832 42 39 is
469 1832 80 39 the
577 1831 130 40 third
739 1831 188 40 volume
956 1834 47 37 to
1033 1830 56 41 be
1116 1831 255 47 published
1399 1831 196 47 dealing
1621 1831 121 40 with
1771 1832 380 46 oceanographic

156 1887 1997 44 researches on the life of the waters about Nonsuch, Bermuda … These
152 1944 185 40 studies
373 1945 122 39 have
528 1943 115 41 been
679 1944 189 41 carried
902 1956 60 29 on
996 1944 60 48 by
1089 1945 84 38 Dr.
1206 1944 215 40 William
1458 1944 155 42 Beebe
1651 1947 92 39 and
1783 1945 76 41 his
1895 1946 130 45 staff,
2063 1946 86 38 Mr.

153 1999 126 40 John
320 2000 234 43 Tee-Van,
594 2000 121 41 Miss
754 2000 166 42 Gloria
959 2001 237 40 Hollister
1234 2001 94 40 and
1370 2001 120 41 Miss
1531 2001 198 48 Jocelyn
1769 2002 170 46 Crane,
1981 2004 51 39 of
2073 2003 80 40 the

152 2056 2000 51 Department of tropical research of the Zoological society … The present
156 2114 185 41 volume
383 2113 243 42 describes
669 2115 80 40 the
794 2114 197 41 various
1034 2115 219 40 descents
1299 2117 140 39 made
1484 2116 60 45 by
1590 2116 83 39 Dr.
1719 2115 154 42 Beebe
1920 2120 91 37 and
2064 2118 87 39 Mr.

156 2169 181 41 Barton
366 2171 46 40 in
443 2172 81 39 the
553 2171 114 40 steel
699 2171 96 40 ball
829 2172 172 39 known
1031 2183 54 28 as
1113 2172 79 39 the
1222 2171 561 48 bathysphere.”—Pref.

228 2227 161 41 “First
419 2227 197 41 edition.”

224 2283 232 45 “History
484 2283 52 40 of
562 2284 166 44 diving
753 2284 350 47 bibliography,
1133 2286 57 45 by
1219 2286 197 45 Jocelyn
1446 2286 212 41 Crane”:
1692 2298 38 34 p.
1758 2289 97 37 251.

156 2341 51 50 ©
238 2345 109 40 Dec.
377 2345 38 39 6.
447 2343 138 43 1934;
618 2343 66 41 2c.
716 2345 93 37 and
840 2343 80 39 aff.
953 2345 108 38 Dec.
1095 2344 80 42 10:
1208 2345 37 39 A
1278 2344 168 45 77579;
1480 2347 69 38 W.
1584 2348 167 38 Beebe,
1782 2348 115 39 New
1927 2348 130 39 York

232 2401 279 47 (34-28468)

156 2493 202 58 Bruce,
388 2493 232 52 Arthur
648 2492 273 54 Garfield.

220 2568 294 69 Highway
552 2567 198 69 design
790 2568 112 52 and
940 2568 401 68 construction,
1378 2569 75 69 by
1491 2568 225 54 Arthur
1755 2571 69 54 G.
1863 2570 187 57 Bruce
2091 2615 55 8 ...

159 2651 79 48 1st
267 2648 84 51 ed.
423 2646 300 63 Scranton,
755 2646 120 64 Pa.,
907 2646 421 53 International
1364 2647 270 53 textbook
1666 2666 298 52 company.
2002 2653 149 49 1934.

224 2729 44 38 X,
302 2719 87 41 628
420 2729 29 37 p.
525 2718 114 40 illus
659 2749 8 17 ,
701 2718 116 40 fold.
852 2728 76 37 pl.,
963 2719 103 39 fold.
1114 2728 121 38 map,
1273 2719 179 48 diagrs.
1483 2721 135 47 (part
1652 2721 142 49 fold.)
1838 2721 153 41 forms
2020 2723 136 47 (part

153 2775 2000 53 fold.) 21½cm. (Half-title: International texts in civil engineering, C . E.
150 2832 264 48 O’Rourke,
448 2832 277 48 consulting
751 2832 181 47 editor)

224 2890 128 41 “The
377 2889 226 41 material
629 2899 101 29 was
754 2890 160 39 edited
939 2890 95 40 and
1060 2890 242 47 amplified
1329 2891 59 47 by
1414 2891 255 41 Professor
1695 2894 100 39 Ben
1827 2893 54 41 H.
1911 2894 244 44 Petty.”—

155 2946 125 40 Pref.

222 3001 349 49 Bibliography
601 3003 52 38 at
679 3002 91 39 end
799 3002 52 39 of
874 3002 120 40 each
1023 3003 213 47 chapter.

156 3059 51 50 ©
239 3062 118 47 Aug.
388 3062 69 41 31,
487 3059 139 47 1934;
661 3059 67 41 2c.
761 3062 93 38 and
887 3060 80 40 aff.
1002 3062 102 39 Oct.
1123 3062 67 39 24;
1252 3063 40 38 A
1324 3063 169 44 76720;
1531 3065 359 41 International
1924 3067 230 42 textbook

222 3127 65 32 co.
360 3117 280 48 (34-28088)

153 3207 271 65 Cleinow,
454 3207 212 64 Georg,
697 3207 170 54 1873-

337 3281 1818 67 … Der verlust der Ostmark; die deutschen volksräte des
166 3362 368 66 Bromberger
565 3365 235 63 systems
827 3361 80 52 im
936 3359 207 69 kampf
1171 3379 93 34 um
1295 3360 92 56 die
1415 3363 307 69 erhaltung
1753 3366 99 52 der
1884 3365 269 54 Ostmark

156 3440 146 52 beim
329 3437 176 53 Reich
535 3439 253 64 1918/19.
866 3437 217 67 Berlin,
1107 3437 150 54 Volk
1283 3440 118 53 und
1427 3439 178 55 Reich
1632 3444 212 67 verlag,
1874 3447 147 49 1934.

224 3509 488 49 394 p., 1 l. 24 ½ cm.
156 3567 1996 58 © Jan. 31, 1934; 1c . Sept. 20; A -Foreign 25608; Volk und Reich verlag,
224 3640 39 36 g.
292 3639 56 27 m.
377 3627 40 40 b.
445 3627 44 38 h.
561 3624 279 47 (34-42399)

155 3720 209 63 Cooke,
394 3717 254 64 Shirley.

225 3796 232 65 Woolly
494 3797 165 62 Bear,
697 3793 75 66 by
811 3792 230 67 Shirley
1080 3794 215 57 Cooke;
1336 3794 141 53 with
1514 3795 380 58 illustrations
1932 3802 72 62 by
2044 3803 102 53 Ian

155 3876 209 52 Hassall
481 3871 256 66 London,
764 3869 147 55 Rich
937 3874 47 51 &
1011 3870 228 69 Cowan,
1268 3874 120 63 ltd.,
1416 3877 149 49 1934.
