2350 4196
1111 4013 96 49 101

141 362 138 65 Fox,
308 361 190 65 Ralph
529 358 290 67 Winston,
853 359 167 51 1900-

208 437 199 67 Lenin,
444 456 29 33 a
513 435 337 69 biography,
884 433 75 70 by
996 432 191 68 Ralph
1226 433 136 50 Fox.
1437 430 135 52 New
1615 429 177 55 York.
1829 427 306 71 Harcourt,

141 513 848 72 Brace and company [ c 1934]
205 587 87 41 320
326 598 41 38 p.
431 587 25 39 21
489 589 43 21 cm
537 618 9 9 .

140 646 50 51 ©
220 650 108 41 Jan.
357 647 67 48 25,
453 647 114 40 1934;
624 647 66 39 2c.
720 648 94 38 and
842 644 81 40 aff.
953 644 111 40 Feb.
1094 645 17 37 1;
1176 643 39 40 A
1244 642 169 47 70087;
1449 643 51 38 R.
1532 642 115 48 Fox,
1679 641 209 42 London.

219 704 250 50 (34-2156)

143 809 266 66 Golding,
440 809 197 56 Louis.

210 885 139 54 Five
383 885 187 55 Silver
600 885 310 68 daughters.
1004 891 78 61 pt.
1118 888 46 50 3.

218 961 81 48 (In
329 956 215 52 Argosy,
575 957 133 50 Feb.,
738 957 145 49 1934)

142 1005 1997 64 © 1c. Mar. 3, 1934; A ad int. 18697; pubd. Jan. 5; L. Golding, London.
147 1107 280 65 Graham,
458 1107 242 56 Carroll.

140 1176 1979 156 Border town, by Carroll Graham … New York, The Vanguard press, 1934.
210 1333 623 54 4 p. l., 3-309 p. 19½cm.
216 1391 343 53 Lining-paper
589 1392 279 43 illustrated
899 1394 48 38 in
978 1394 168 38 colors.

147 1440 1995 62 © Jan. 26, 1934; 2c. Feb. 8; aff. Feb. 7; A 69350; Vanguard press, inc.
222 1510 225 48 (34-2146)

146 1613 178 68 Gray,
352 1616 208 53 Mason
589 1612 258 68 DeWitt,
879 1612 326 56 1876-1928.

214 1682 1870 83 Latin for today; second-year course, by Mason D. Gray …
144 1761 1996 79 and Thornton Jenkins … Rev. ed. Boston, New York [etc.]
145 1842 841 76 Ginn and company [ c 1934]
216 1921 85 39 xxi
328 1931 58 39 p.,
416 1922 24 38 1
491 1952 22 17 l.,
545 1920 97 48 545,
671 1918 86 43 206
785 1930 43 37 p.
888 1919 86 42 col.
1003 1920 163 41 front.,
1197 1918 142 47 illus.,
1371 1918 85 41 col.
1488 1928 77 38 pl.,
1598 1927 136 38 maps
1775 1917 136 48 (part
1943 1916 196 49 double)

149 1975 53 41 19½
236 1979 43 21 cm
283 2011 8 8 .

219 2032 223 43 Includes
470 2030 392 51 bibliographies.

149 2088 51 52 ©
246 2093 109 41 Jan.
399 2092 41 47 2,
485 2091 141 47 1934;
672 2091 67 40 2c.
785 2093 95 38 and
926 2090 82 41 aff.
1054 2091 110 40 Jan.
1209 2090 81 47 30;
1339 2091 40 39 A
1425 2090 171 47 70066;
1644 2089 215 41 Frances
1904 2090 51 39 A.
2004 2088 143 48 Gray,

217 2149 278 48 Rochester,
525 2149 54 40 N.
610 2150 66 46 Y.,
708 2150 94 39 and
832 2148 251 41 Thornton
1113 2148 218 48 Jenkins,
1364 2148 207 40 Malden.
1605 2148 146 40 Mass.

227 2206 249 49 (34-2199)

152 2312 323 65 Guenther,
505 2312 156 55 John
691 2313 54 55 J.

150 2380 2000 158 Elementary textbook of chemistry, with laboratory experiments, by John J. Guenther … New York, The Macmillan
151 2563 296 50 company,
479 2549 134 49 1934.

221 2620 82 39 xiv
330 2630 57 38 p.,
417 2620 21 38 1
490 2650 22 16 l.,
542 2618 85 40 274
654 2630 42 36 p.
758 2619 179 48 diagrs.
997 2617 58 41 20½
1086 2621 43 21 cm
1135 2651 8 8 .

224 2676 129 41 “The
390 2676 178 40 author
603 2676 89 39 has
729 2676 93 40 had
862 2675 254 49 primarily
1154 2675 46 40 in
1240 2675 130 40 mind
1409 2676 80 40 the
1527 2675 235 41 demands
1798 2674 138 42 made
1973 2675 61 47 by
2072 2674 83 40 the

153 2736 186 38 several
372 2733 190 41 schools
596 2733 50 39 of
678 2733 204 49 nursing
913 2732 119 42 with
1066 2731 157 42 which
1258 2735 57 37 he
1350 2732 41 40 is
1423 2731 274 42 associated
1729 2732 81 39 for
1840 2742 28 29 a
1903 2740 168 32 course
2103 2731 51 39 in

152 2791 262 47 chemistry
445 2789 157 42 which
633 2790 99 39 will
763 2790 166 39 follow
960 2791 79 38 the
1072 2789 322 41 ‘Curriculum
1424 2789 79 40 for
1533 2788 189 41 schools
1753 2790 50 39 of
158 2785 1998 103 nursing’.”—Pref.

224 2904 348 49 Bibliography:
634 2915 41 37 p.
707 2903 100 42 238.

159 2959 50 51 ©
238 2963 109 41 Jan.
375 2963 69 42 30,
474 2962 113 40 1934;
645 2963 67 39 2c.
740 2963 96 37 and
865 2961 81 40 aff.
976 2960 109 40 Jan.
1115 2962 49 38 31;
1228 2961 40 39 A
1297 2959 171 48 69250;
1500 2960 284 40 Macmillan
1812 2971 67 28 co.

232 3019 250 49 (34-2291)

159 3111 248 65 Herron,
437 3111 253 53 Edward
717 3110 71 57 A.

228 3187 133 54 Life
397 3191 225 50 returns
661 3193 60 48 to
758 3188 109 63 die,
907 3208 30 32 a
975 3189 165 51 novel
1179 3188 74 68 by
1291 3187 256 53 Edward
1589 3187 70 52 A.
1699 3186 245 51 Herron.
2019 3184 138 53 New

169 3264 170 70 York,
367 3265 329 56 Cincinnati
748 3271 120 61 [etc.]
902 3266 279 68 Benziger
1210 3265 276 67 brothers,
1513 3267 150 50 1934.

228 3336 614 53 4 p. l., 3-361 p. 19½ cm .
164 3386 1826 62 © Jan. 24. 1934; 2c. Feb. 5; aff. Feb. 8; A 70165; Benziger bros.
241 3454 250 48 (34-2143)

166 3545 197 65 Hoult,
390 3546 223 57 Norah.

292 3614 1868 82 … Youth can’t be served. New York and London, Harper
165 3703 43 49 &
239 3701 275 67 brothers,
549 3705 150 49 1934.

234 3770 528 55 2 p. l., 347 p. 21cm.
238 3832 160 42 “First
419 3832 227 42 edition.”

171 3886 48 51 ©
256 3891 106 42 Jan.
399 3892 39 45 2,
475 3891 112 40 1934;
652 3892 67 39 2c.
755 3891 108 39 Jan.
898 3893 52 39 4;
991 3890 80 41 aff.
1109 3890 109 41 Feb.
1255 3892 50 44 7;
1345 3891 41 38 A
1421 3889 169 47 70158;
1630 3889 53 40 N.
1722 3889 166 49 Hoult,
1928 3889 233 49 Rathgar,

233 3947 192 44 Dublin,
459 3949 209 40 Ireland.
740 3947 250 42 134-2151)
