2350 4196
1094 4017 98 48 443

174 360 1994 68 Business reference library … Chicago, Toronto, The John
237 438 70 54 A.
339 440 201 52 Hertel
575 460 77 34 co.
693 473 11 33 [
710 446 18 21 c
734 443 149 62 1934]

242 513 25 40 6
295 524 42 29 v.
394 513 128 40 illus.
579 513 53 40 19½
667 516 43 20 cm
716 547 6 7 .

241 569 162 48 Paged
432 569 352 49 continuously.

245 626 263 40 Published
535 627 50 38 in
612 626 116 41 1919
754 628 151 38 under
935 626 106 40 title:
1100 625 206 48 Library
1334 626 50 39 of
1412 627 108 46 law,
1550 625 214 48 banking
1792 626 95 39 and
1916 623 248 45 business;

170 683 49 39 in
255 682 113 40 1921
405 685 153 39 under
594 684 135 40 title:
767 684 129 45 Law,
933 682 212 48 banking
1180 684 95 38 and
1312 681 247 48 business;
1600 681 50 40 in
1686 682 118 40 1929
1838 684 156 38 under
2030 681 106 42 title:

169 740 234 40 Business
431 740 246 40 reference
706 740 211 47 library:
947 740 51 39 in
1026 739 112 41 1981
1169 740 152 39 under
1351 739 107 40 title:
1518 738 233 41 Business
1782 737 259 50 principles
2072 740 95 39 and

169 797 225 47 practice.

241 853 331 41 “Authorities
601 853 278 41 consulted”:
938 865 40 28 v.
1008 854 38 47 1,
1074 853 60 39 2d
1162 852 171 48 prelim.
1375 852 115 40 leaf.

507 922 115 29 CONTENTS.—v.
648 909 38 41 1.
713 910 316 41 Commercial
1052 911 95 38 law
1172 909 94 40 and
1289 912 126 45 legal
1439 909 168 48 forms,
1633 911 59 46 by
1718 910 51 40 F.
1796 911 58 38 H.
1881 911 285 47 Waggoner,

170 968 50 38 E.
252 968 50 38 T.
336 967 101 40 Roe
466 969 94 38 and
592 969 52 39 E.
677 967 52 41 G.
761 967 298 40 Loomis.—v.
1106 966 40 40 2.
1179 966 207 40 General
1417 968 108 45 law,
1558 968 209 46 patents,
1800 967 272 48 insurance,
2106 967 60 48 by

170 1024 49 40 F.
247 1025 58 38 H.
333 1025 283 47 Waggoner,
644 1025 70 39 W.
742 1025 54 39 D.
826 1025 170 46 Eaton,
1027 1025 50 39 E.
1105 1024 51 40 T.
1184 1023 102 40 Roe
1310 1025 97 38 and
1433 1024 51 38 E.
1515 1023 52 40 G.
1595 1023 315 40 Loomis.—v.
1939 1023 42 41 3.
169 1024 1980 105 Banking,
297 1082 162 46 bonds,
496 1081 166 47 credit,
697 1081 291 47 collections,
1022 1082 61 46 by
1116 1081 70 39 W.
1222 1081 55 39 D.
1314 1081 170 41 Eaton,
1522 1080 49 39 F.
1608 1081 60 39 H.
1703 1081 285 47 Waggoner,
2026 1082 52 39 E.
2112 1080 51 40 T.

168 1138 98 39 Roe
293 1139 95 38 and
416 1138 51 41 E.
498 1138 51 40 G.
578 1138 313 40 Loomis.—v.
920 1136 40 42 4.
990 1137 224 46 Finance,
1241 1138 261 47 exchange,
1532 1140 253 45 corporate
1815 1137 350 49 organization,

168 1196 69 39 ed.
268 1196 60 46 by
356 1195 71 40 W.
459 1196 54 38 D.
545 1197 158 38 Eaton
733 1197 96 38 and
858 1195 51 40 F.
941 1196 60 39 H.
1031 1195 395 47 Waggoner.—v.
1454 1192 41 42 5.
1527 1193 234 41 Business
1792 1196 148 39 letter
1968 1193 199 50 writing

167 1253 95 38 and
286 1253 197 38 modern
507 1252 405 48 merchandising,
938 1252 60 47 by
1024 1252 49 40 F.
1101 1252 58 38 H.
1186 1252 395 47 Waggoner.—v.
1608 1249 42 42 6.
1678 1251 365 49 Salesmanship
2069 1254 95 39 and

166 1308 314 49 advertising,
512 1310 61 47 by
604 1309 49 39 F.
687 1310 60 39 H.
779 1311 284 46 Waggoner.

169 1361 1995 53 © Apr. 16, 1934; 2c. each and aff. Apr. 18; A 72093; John A. Hertel co.
240 1419 66 53 [©
340 1423 212 40 revision
584 1425 94 38 and
711 1434 104 28 new
846 1426 194 45 matter]
1113 1422 250 48 (34-9032)

162 1525 323 54 California.
580 1529 183 66 Laws,
790 1532 256 63 statutes,
1077 1533 98 48 etc.

233 1602 377 71 Supplement
637 1604 64 54 of
730 1608 132 48 1933
892 1611 57 46 to
980 1605 296 68 Deering’s
1307 1605 180 54 Codes
1517 1605 111 53 and
1658 1605 246 55 General
1932 1606 138 52 laws
2099 1605 63 54 of

163 1687 131 48 1931
344 1684 112 52 and
501 1689 57 47 to
607 1684 363 54 Treadwell’s
1019 1683 406 59 Constitution,
1472 1683 260 69 showing
1777 1685 94 52 the
1919 1685 243 69 changes

161 1759 270 72 affecting
466 1763 96 51 the
601 1763 182 54 Codes
820 1763 112 52 and
969 1763 244 54 General
1248 1764 138 50 laws
1425 1761 63 53 of
1526 1762 325 56 California
1885 1764 165 52 made
2087 1765 74 67 by

160 1842 94 51 the
287 1841 359 68 Legislature
679 1841 64 52 of
776 1844 151 64 1933,
961 1841 297 68 including
1291 1842 96 51 the
1420 1841 418 68 Agricultural,
1873 1842 140 52 Fish
2048 1843 114 52 and

159 1939 162 49 game
353 1920 112 52 and
490 1919 269 69 military
791 1920 161 53 codes
983 1919 62 53 of
1078 1922 131 51 1933
1241 1920 112 52 and
1384 1921 94 52 the
1510 1922 243 66 changes
1781 1921 165 52 made
1974 1921 62 52 in
2065 1922 96 52 the

159 1999 372 53 constitution
562 1998 63 54 of
657 1997 321 56 California
1012 1998 148 53 since
1190 2000 96 51 the
1315 1999 359 67 publication
1702 1999 63 53 of
1796 2001 365 54 Treadwell’s

160 2077 391 54 Constitution
597 2077 63 52 of
708 2077 326 55 California
1077 2077 59 52 in
1183 2080 160 64 1931;
1393 2078 116 52 also
1555 2079 179 52 tables
1779 2079 259 69 showing
2083 2082 77 52 all

158 2156 239 53 sections
435 2156 62 53 of
535 2156 96 53 the
670 2156 154 55 Code
862 2156 62 53 of
962 2155 135 54 civil
1134 2157 309 67 procedure
1484 2157 112 52 and
1635 2158 93 52 the
1771 2158 170 67 Civil,
1980 2160 180 51 Penal

160 2236 111 51 and
296 2233 270 55 Political
591 2235 161 53 codes
778 2235 128 52 that
929 2236 143 51 have
1096 2235 136 52 been
1260 2236 292 66 amended,
1580 2236 185 52 added
1791 2256 63 34 or
1879 2237 281 68 repealed,

160 2314 111 53 and
302 2314 61 52 in
396 2313 261 54 addition
691 2333 30 33 a
755 2313 420 68 chronological
1207 2314 152 52 table
1392 2314 63 52 of
1486 2315 96 51 the
1617 2314 246 56 General
1895 2318 137 51 laws
162 2336 1972 108 enacted
354 2396 58 47 at
443 2389 96 53 the
570 2390 321 68 legislative
922 2390 209 52 session
1164 2388 64 54 of
1261 2393 152 66 1933,
1444 2392 74 67 by
1551 2390 194 54 James
1779 2392 76 52 H.
1890 2393 268 70 Deering.

163 2467 116 55 San
309 2468 323 68 Francisco,
662 2467 585 69 Bancroft-Whitney
1279 2485 296 53 company,
1609 2472 151 51 1934.

230 2544 130 47 xxiv,
391 2544 118 40 2758
537 2554 41 37 p.
639 2543 54 40 23½
728 2545 43 20 cm
777 2575 8 8 .

163 2597 1994 55 © Apr. 3, 1934; 2c. Apr. 17; aff. Apr. 16; A 72061; Bancroft-Whitney co.
241 2657 251 49 (34-9008)

156 2764 258 62 Cannon,
444 2761 357 64 Alexander,
834 2762 172 50 1896-

228 2841 120 51 The
383 2838 266 54 invisible
684 2838 302 67 influence;
1029 2857 30 33 a
1097 2844 156 62 story
1287 2838 65 53 of
1384 2840 95 52 the
1514 2840 204 67 mystic
1756 2841 220 68 Orient,
2013 2845 139 53 with

159 2917 1931 70 great truths which can never die, by Alexander Cannon …
159 2996 139 53 with
341 3015 72 33 an
454 2995 389 53 introduction
883 2996 74 66 by
999 2995 209 52 Edwin
1249 2996 61 54 C.
1354 2996 146 52 Hill.
1575 2997 139 52 New
1756 3000 180 64 York,
1978 3001 66 52 E.
2086 3003 64 52 P.

157 3074 223 52 Dutton
407 3077 45 50 &
479 3092 97 48 co.,
604 3073 108 53 inc.
791 3077 151 63 [c1934]

229 3145 98 48 xix,
358 3145 175 41 15-168
563 3157 43 36 p.
667 3145 54 40 19½
755 3147 44 21 cm
805 3177 7 8 .

233 3202 161 41 “First
426 3201 227 41 edition.”

159 3257 1996 55 © Apr. 9. 1934; 2c. and aff. Apr. 10; A 72023: E. P. Dutton & co., inc.
236 3317 250 48 (34-9045)

153 3419 323 65 Chalmers,
505 3418 174 54 Allan
710 3417 250 68 Knight,
996 3420 170 53 1897-

225 3496 121 52 The
406 3495 420 66 commonplace
888 3496 296 68 prodigal;
1248 3497 97 53 the
1405 3500 242 68 tragedy
1711 3500 64 54 of
1836 3501 322 55 ineffective

155 3572 2003 76 prayer, by Allan Knight Chalmers … New York, H. Holt
155 3651 112 52 and
293 3668 281 50 company
608 3681 13 34 [
625 3655 18 21 c
649 3652 151 63 1934]

224 3724 70 39 xii
318 3734 57 38 p.,
402 3724 27 38 2
453 3724 43 46 1.,
522 3721 148 42 3-229
690 3732 44 37 p.
795 3722 144 44 19½cm.

224 3779 238 47 “Prayers
489 3779 50 39 in
566 3779 81 39 the
674 3777 333 42 tabernacle”:
1036 3789 43 38 p.
1112 3778 247 53 [207]-229.

223 3833 564 49 “Acknowledgments”:
818 3835 102 39 leaf
943 3835 40 46 1,
1011 3835 250 49 following
1288 3848 42 35 p.
1361 3838 84 40 xii.

156 3891 2000 58 © Apr. 4, 1934; 2c. and aff. Apr. 12; A 71205; Henry Holt & co., inc.
233 3950 250 49 (34-8969)
