2350 4196
1118 3999 98 48 291

188 500 1993 52 im neuzeitlichen kriege, von H. Pleger. Ü ber den Seekrieg und seine
188 561 274 46 bedeutung
484 559 82 39 für
591 560 75 38 die
689 568 198 39 grossen
910 558 455 48 machtpolitischen
1389 559 424 48 entscheidungen,
1839 570 91 30 von
1952 561 59 40 H.

185 560 1978 98 Pochhammer.
477 616 89 40 Die
600 615 328 47 entwicklung
958 616 86 38 der
1073 615 305 40 chemischen
1408 615 143 42 waffle
1583 617 51 39 in
1667 617 84 39 der
1781 617 399 48 nachkriegszeit,

189 683 91 30 von
321 674 55 40 R.
417 671 622 43 Hanslian.—Staatsform
1081 672 97 40 und
1218 672 291 41 wehrform:
1555 673 298 41 Staatsform
1895 675 97 40 und
187 674 1977 106 wehrform,
367 740 93 30 von

493 730 59 40 K.
588 729 51 42 L.
674 740 93 29 von
802 729 220 41 Oertzen.
1083 728 90 40 Die
1207 729 254 40 landwehr
1495 729 128 49 1813,
1658 740 93 30 von
1785 730 51 41 F.
1876 731 303 42 Stuhlmann.

187 787 91 40 Die
320 788 141 38 heere
502 787 83 39 des
629 784 546 43 nordamerikanischen
1216 785 475 50 Sezessionskrieges,
1735 797 92 30 von
1869 788 53 39 E.
1965 788 215 40 Daniels.

187 844 102 39 Das
328 842 395 41 schweizerische
765 841 332 49 milizsystem,
1137 854 90 28 von
1268 843 55 40 U.
1366 842 122 42 Liss.
1548 844 101 39 Das
1691 844 243 40 russische
186 843 1976 106 wehrsystem,

345 910 92 30 von
464 900 50 40 F.
539 910 92 28 von
655 899 688 48 Cochenhausen.—Anhang:
1370 899 622 42 Wehrwissenschaftliche
186 909 1978 97 neuer-scheinungen
536 955 261 49 1932/1933
834 956 67 48 (p.
925 956 146 41 75-80
1097 960 50 36 at
1176 956 117 48 end)

184 1010 1981 111 © Oct. 11, 1933; 1c. Dec. 14; A-Foreign 22933; Hanseatische verlagsanstalt, a.-g. (34-5715)
183 1148 230 64 Culver,
442 1147 168 55 Jane.

312 1222 1860 69 … So stood I … Boston and New York, Houghton Mifflin
179 1320 297 50 company,
510 1306 151 51 1934.

252 1361 651 64 2 p. l., [3]-261 p. 19½ cm .
182 1429 1939 53 © Mar. 14, 1934; 2c. and aff. Mar. 22; A 69908; J. Culver, New York.
260 1489 251 49 (34-5822.)

180 1565 279 65 Delayen,
497 1566 244 62 Gaston,
782 1567 171 49 1866-

250 1643 325 68 Cleopatra,
614 1644 313 53 translated
970 1642 152 53 from
1164 1643 94 52 the
1297 1644 224 52 French
1561 1642 63 53 of
1663 1643 218 54 Gaston
1921 1642 251 66 Delayen

177 1718 1992 73 by Farrell Symons … New York, E. P. Dutton & co., inc.
182 1833 12 34 [
201 1807 16 20 c
224 1803 150 64 1934]

248 1871 400 49 xiv, 280 p. 21 cm.
252 1928 159 41 “First
443 1928 227 41 edition.”

251 1984 376 50 Bibliography:
659 1996 43 37 p.
732 1984 217 42 279-280.

180 2039 50 51 ©
260 2044 119 39 Mar.
409 2043 67 46 13,
505 2042 139 46 1934;
675 2043 66 39 2c.
770 2043 94 39 and
893 2042 80 40 aff.
1004 2043 120 40 Mar.
1154 2043 80 45 14;
1265 2042 38 38 A
1333 2041 169 46 70656;
1534 2042 52 39 E.
1616 2041 48 40 P.
1695 2042 187 38 Dutton
1911 2039 35 41 &
1973 2050 81 36 co.,
2082 2039 89 39 inc.

256 2100 249 48 (34-5706)

178 2170 1995 70 The education of American ministers … New York, Institute
243 2250 1212 71 of social and religious research [ c 1934]
241 2327 28 38 4
303 2337 41 29 v.
406 2326 194 47 diagrs.,
632 2326 168 39 forms.
860 2325 56 41 23½
949 2328 43 21 cm
999 2357 8 9 .

247 2382 576 48 Vol. IV lithographed.
176 2432 1977 107 “The study … has been made under the joint auspices of the Conference
412 2496 49 41 of
507 2496 288 48 theological
839 2495 285 41 seminaries
1169 2495 47 39 in
1262 2496 81 38 the
1389 2494 176 41 United
1613 2493 162 40 States
1818 2493 94 38 and
1959 2490 212 47 Canada,

173 2555 94 39 and
301 2554 81 39 the
415 2553 235 40 Institute
682 2553 51 41 of
765 2552 149 41 social
947 2553 94 38 and
1077 2551 228 48 religious
1340 2546 604 45 research.”—Foreword.

175 2602 1980 116 CONTENTS. — I. Ministerial education in America, summary and interpretation,
558 2667 60 47 by
666 2667 72 40 W.
785 2667 53 39 A.
887 2668 308 38 Brown.—II.
1242 2665 101 39 The
1388 2661 274 52 profession
1707 2664 50 38 of
1804 2662 82 40 the
1932 2660 238 48 ministry,

173 2726 64 40 its
276 2726 161 39 status
478 2725 94 38 and
613 2724 253 48 problems,
906 2724 62 46 by
1008 2724 61 39 M.
1110 2723 53 39 A.
1203 2722 128 47 May,
1370 2722 49 38 in
1459 2719 351 43 collaboration
1848 2718 119 40 with
2006 2717 71 41 W.
2117 2719 54 39 A.

174 2783 191 46 Brown,
404 2782 51 40 F.
492 2781 57 40 K.
591 2781 369 46 Shuttleworth,
998 2780 43 40 J.
1079 2780 54 39 A.
1171 2778 190 47 Jacobs,
1400 2779 93 38 and
1532 2777 250 40 Charlotte
1819 2776 53 40 V.
1911 2776 259 45 Feeney.—

173 2844 73 35 ill.
282 2840 101 39 The
420 2838 307 40 institutions
765 2838 108 40 that
910 2837 131 40 train
1076 2835 262 47 ministers,
1376 2836 59 47 by
1473 2836 61 39 M.
1571 2835 54 39 A.
1663 2834 126 46 May,
1825 2832 50 40 in
174 2828 1978 110 collaboration
311 2896 119 40 with
466 2896 71 39 W.
573 2895 54 40 A.
665 2895 191 45 Brown,
894 2894 252 40 Charlotte
1181 2894 53 38 V.
1272 2893 201 46 Feeney,
1510 2892 55 40 R.
1603 2892 54 39 B.
1694 2890 344 46 Montgomery,
2075 2886 94 40 and

175 2954 47 39 F.
257 2954 59 39 K.
352 2952 427 41 Shuttleworth.—
783 2956 71 34 iv.
886 2950 314 47 Appendices,
1234 2950 60 46 by
1326 2949 61 40 M.
1423 2949 51 38 A.
1510 2948 112 47 May
1655 2947 93 39 and
1783 2946 51 40 F.
1868 2945 58 39 K.
1961 2943 208 42 Shuttle-

173 3011 168 39 worth.
403 3010 40 39 A
471 3009 128 39 brief
626 3007 338 49 bibliography
1003 3007 67 48 (p.
1098 3005 228 47 275-280)

176 3053 1989 118 v. 1, 2, © Feb. 26, 1934; 2c. each and affs. Feb. 28; v. 3, © Feb. 26; 1c. Feb. 28; 1c. Mar.
877 3112 1288 57 7; v. 4, © Feb. 26; 1c. Feb. 28; 1c. Mar. 8:
243 3183 42 38 A
315 3180 346 41 70599-70602;
698 3179 234 40 Institute
964 3179 50 38 of
1048 3178 146 39 social
1229 3177 94 39 and
1358 3176 229 46 religious
1621 3173 237 40 research.

251 3237 249 50 (34-5799)

175 3312 266 65 Gielgud,
525 3312 54 52 Val
610 3312 223 62 Henry,
866 3312 172 49 1900-

242 3377 1916 80 London calling [by] Val Gielgud and Holt Marvell [pseud.]
236 3454 1926 79 … Garden City, N. Y., Pub. for the Crime club, inc., by
172 3545 354 66 Doubleday,
554 3545 197 51 Doran
778 3547 45 49 &
851 3559 296 50 company,
1176 3544 126 61 inc.,
1332 3543 148 49 1934.

244 3613 833 53 4 p. l., vii-viii p., 2 l., 305 p. 19½cm.
246 3674 197 40 London
474 3673 183 40 edition
698 3670 147 50 (Rich
878 3671 36 40 &
946 3670 192 47 Cowan,
1170 3667 112 47 ltd.)
1323 3668 90 39 has
1446 3667 136 40 title:
1617 3663 159 42 Death
1808 3665 51 38 at
176 3660 1970 120 broadcasting
286 3733 163 38 house.

244 3786 161 41 “First
437 3784 226 43 edition.”

175 3841 50 51 ©
257 3844 107 40 Feb.
397 3845 67 45 28,
496 3843 139 45 1934;
668 3843 66 38 2c.
765 3842 95 39 and
890 3840 83 41 aff.
1005 3841 120 38 Mar.
1157 3840 51 45 1;
1242 3838 40 38 A
1312 3836 169 46 70717;
1514 3836 54 41 V.
1599 3836 60 38 H.
1692 3834 202 46 Gielgud
1927 3832 93 39 and
2052 3830 112 40 Eric

241 3900 296 46 Maschwitz,
574 3899 211 39 London.
859 3896 251 50 (34-5605)
