2350 4196
1051 4063 131 48 1543

127 495 103 67 éd.,
265 514 133 49 rev.,
432 514 110 35 cor.
580 499 50 49 &
669 515 186 50 augm.
892 515 106 49 par
1035 496 299 66 l’autheur,
1370 495 213 52 durant
1616 514 83 33 ses
1738 496 385 67 prédications

129 572 1990 70 à Paris; publié par Fabius Henri on. [v. 1] Tours, Marne;
127 651 181 66 Paris,
336 653 65 52 E.
430 654 171 66 Droz,
629 656 148 49 1934.

198 724 1923 51 5 p. l., [xiii]-xxviii, [30], 600, [12] p., 1 l. illus., port., fold, facsim.
127 783 130 36 14 ½ cm.
201 837 130 40 With
372 838 241 41 facsimile
655 839 339 48 reproduction
1036 838 50 41 of
1125 842 97 45 t.-p.
1264 838 50 41 of
1353 839 82 40 the
1477 838 209 47 original
1727 838 198 47 edition,
1970 839 153 47 Paris,

125 896 113 39 chez
268 895 172 48 Ioseph
472 894 273 50 Cottereav,
823 928 186 8 M.DC.XIX.

199 952 118 40 “Les
346 953 126 39 deux
503 953 213 41 volumes
746 955 58 39 de
833 956 125 38 cette
988 953 182 41 édition
1200 955 108 38 sont
1336 953 190 47 publiés
1554 963 113 29 sous
1696 954 44 38 le
1770 954 268 48 patronage
2067 954 57 39 de

129 1012 42 36 la
203 1009 133 40 Main
366 1012 57 38 de
454 1011 140 39 Saint
624 1012 233 46 François
884 1012 58 39 de
973 1010 162 41 Sales”:
1195 1021 41 28 v.
1266 1011 40 45 1,
1335 1021 43 37 p.
1412 1010 354 50 [xxix]-[xxxii]

200 1067 392 49 “Bibliographie
622 1069 83 39 des
737 1068 209 40 éditions
976 1069 57 39 de
1081 1066 7 15 l’
1112 1066 351 40 ‘Introduction
1495 1067 27 39 à
1552 1069 46 37 la
1629 1065 75 42 vie
1735 1068 183 40 dévote’
1948 1079 178 37 parues

127 1126 64 39 du
234 1125 168 40 vivant
448 1127 57 38 de
552 1125 139 40 Saint
738 1125 231 47 François
1011 1126 57 39 de
1115 1123 147 46 Sales,
1308 1124 240 48 corrigées
1593 1136 59 28 ou
1696 1125 299 48 approuvées
2037 1135 88 39 par

126 1182 236 41 l'auteur”:
425 1193 42 29 v.
499 1184 39 47 1,
571 1194 42 37 p.
647 1183 252 38 xviii-xxi.

201 1239 304 41 “Fac-similé
533 1241 58 39 de
621 1241 121 39 trois
772 1250 146 38 pages
950 1240 57 39 de
1038 1240 47 38 la
1117 1238 201 40 seconde
1349 1238 183 40 édition
1564 1241 59 39 de
1654 1240 113 39 1610
1797 1240 240 49 corrigées
2069 1244 57 37 de

127 1300 45 38 la
207 1298 134 40 Main
375 1299 58 39 de
468 1296 138 41 Saint
642 1297 233 47 François
906 1298 57 39 de
999 1295 163 40 Sales”:
1225 1306 42 29 v.
1300 1296 39 43 1,
1374 1306 43 38 p.
1456 1296 355 51 [xxix]-[xxxii]

129 1352 1728 52 © Jan. 29, 1934; 1c. Apr. 6: A- Foreign 24384; Maison Manie.
207 1412 278 48 (34-29174)
1915 1411 119 41 9942

125 1516 246 66 French,
405 1517 190 64 Allen,
631 1515 172 55 1870-

197 1594 119 53 The
348 1592 126 56 first
501 1612 135 49 year
667 1593 63 52 of
760 1593 95 52 the
886 1591 304 55 American
1222 1593 338 65 revolution,
1591 1594 75 66 by
1698 1594 170 52 Allen
1899 1595 223 53 French

187 1668 1933 71 … Boston and New York, Houghton Mifflin company, 1934.
195 1743 1874 52 4 p. l. , [Vii]-x p., 1 l., 795 p. front. (port.) maps (1 double) 24 ½cm .
197 1805 139 47 Maps
365 1813 59 30 on
453 1801 363 49 lining-papers.

198 1860 93 42 “Of
330 1860 99 40 this
469 1859 111 40 first
616 1858 185 41 edition
844 1867 87 31 one
973 1858 219 40 hundred
1235 1857 159 49 copies
1437 1868 84 30 are
1563 1859 334 47 autographed
1943 1860 59 48 by
2044 1861 82 41 the

125 1919 179 39 author
329 1917 94 40 and
449 1915 305 41 numbered.”
809 1913 119 42 This
954 1925 117 38 copy
1097 1917 84 38 not
1208 1916 278 40 numbered.

195 1973 350 49 Bibliography:
607 1983 43 38 p.
686 1971 247 50 [771]-784.

130 2028 50 51 ©
209 2033 116 38 Nov.
354 2031 38 41 9,
427 2031 107 39 1934;
593 2029 64 40 2c.
687 2031 117 37 Nov.
834 2030 80 40 17;
945 2029 81 39 aff.
1055 2030 115 38 Nov.
1198 2029 80 40 16:
1311 2030 40 37 A
1379 2028 168 41 78159:
1580 2030 52 40 A.
1662 2030 200 42 French,
1895 2031 229 40 Concord.

201 2091 142 39 Mass.
415 2087 279 49 (34-38336)

121 2191 316 65 Germany.
497 2190 718 67 Nationalversammlung,
1243 2193 323 49 1919-1920.

196 2192 1928 132 Untersuchungs-ausschuss

568 2271 98 52 über
738 2269 52 51 die
821 2269 930 66 weltkriegsverantivortlichkeit.

254 2346 1871 68 … The causes of the German collapse in 1918; sections of
122 2428 95 52 the
249 2426 198 54 official
546 2425 332 53 authorized
912 2431 195 61 report
1141 2424 62 53 of
1236 2426 94 51 the
1363 2425 357 53 commission

1758 2425 63 52 of
1854 2427 95 51 the
124 2426 1977 132 German
282 2504 346 54 constituent
655 2504 278 66 assembly
963 2505 108 51 and
1104 2503 64 52 of
1194 2504 95 52 the
1318 2504 250 54 German
1599 2503 324 69 Reichstag,
129 2509 1997 142 1919-1928,

317 2585 95 52 the
450 2582 262 54 selection
754 2582 111 52 and
904 2581 93 53 the
1037 2581 338 53 translation
1417 2581 262 68 officially
1719 2584 291 66 approved
2051 2583 74 67 by

125 2663 91 52 the
256 2662 386 64 commission;
684 2661 236 52 selected
960 2660 73 66 by
1070 2660 192 66 Ralph
1300 2661 256 52 Haswell
1595 2661 173 61 Lutz;
1810 2662 311 52 translated

128 2741 67 66 by
243 2743 85 50 W.
377 2743 59 51 L.
485 2738 314 67 Campbell.
877 2736 280 56 Stanford
1205 2738 350 66 University,
1602 2739 159 54 Calif.,
1844 2739 278 55 Stanford

127 2819 312 66 university
466 2836 181 49 press;
676 2817 259 61 London,
958 2818 76 52 H.
1060 2815 264 68 Milford,
1352 2816 230 55 Oxford
1609 2816 316 68 university
1953 2835 173 50 press,

128 2900 144 51 1934.

200 2971 101 41 xiii,
351 2969 86 40 309
489 2980 41 36 p.
592 2968 54 38 23
649 2969 44 21 cm
700 3000 6 5 .
778 2967 224 48 ([Leland
1057 2966 233 41 Stanford
1341 2968 166 46 junior
1559 2967 285 47 university.
1906 2968 219 49 Library]

132 3028 189 37 Hoover
352 3036 102 28 war
483 3026 184 45 library
697 3022 337 49 publications,
1096 3033 74 30 no.
1200 3023 52 47 4)

133 3081 51 52 ©
216 3086 115 39 Nov.
362 3084 67 42 12,
460 3082 140 42 1934;
631 3081 66 42 2c.
728 3082 116 38 Nov.
876 3082 80 45 21;
991 3081 80 39 aff.
1101 3082 116 39 Nov.
1249 3081 81 47 20;
1363 3082 40 38 A
1434 3082 169 45 77311;
1638 3082 162 40 Board
1835 3084 50 38 of
1918 3086 209 37 trustees

201 3143 52 38 of
281 3144 81 38 the
392 3141 182 39 Leland
610 3139 234 39 Stanford
873 3139 165 45 junior
1069 3137 142 43 univ.,
1247 3138 233 40 Stanford
1514 3139 294 47 University,
1843 3139 144 42 Calif.

211 3197 279 49 (34-38692)

131 3300 166 65 Gibb,
329 3300 255 55 William
612 3297 230 63 Travis,
876 3300 171 50 1862-

129 3375 1935 135 Minor surgery in general practice, by W. Travis Gibb … with 148 illustrations.
901 3453 137 51 New
1072 3453 177 56 York,
1280 3456 64 50 P.
1376 3456 67 50 B.
1472 3454 246 65 Hoeber,
1748 3453 125 67 inc.,
1906 3459 149 49 1934.

198 3530 133 40 xviii.
367 3528 87 40 429
488 3539 41 35 p.
590 3527 128 38 illus.
780 3525 53 39 21
838 3528 43 20 cm
888 3557 7 7 .
960 3525 339 49 [Monographs
1332 3526 79 39 for
1450 3528 81 37 the
1566 3528 194 45 general
1796 3528 333 48 practitioner,

132 3588 150 38 under
309 3587 81 38 the
417 3584 225 40 editorial
673 3581 303 48 supervision
1004 3581 53 40 of
1079 3581 211 40 Thomas
1316 3582 50 40 L.
1396 3583 246 48 Stedman]

136 3642 51 50 ©
220 3645 99 40 Oct.
349 3643 69 42 30,
450 3641 140 40 1934:
623 3640 66 39 2c.
721 3641 95 38 and
848 3637 80 41 aff.
961 3640 116 38 Nov.
1111 3639 51 40 2:
1197 3640 39 38 A
1268 3639 170 47 76862;
1473 3640 120 39 Paul
1628 3641 52 38 B.
1716 3641 203 42 Hoeber,
1954 3642 90 42 inc.

213 3700 279 49 (34-38573)

134 3790 255 64 Gillette,
421 3789 228 63 George
677 3785 263 55 Francis.

133 3862 1966 150 Sequel to The rational non-mystical cosmos … The unitary
291 3946 200 60 theory
523 3960 191 34 versus
746 3940 95 52 the
872 3940 293 67 relativity
1195 3942 216 66 theory.
1481 3942 119 52 The
1631 3944 495 54 Michelson-Mor-
