2350 4196
1173 4001 96 48 896

226 370 1982 71 The insurance bar; a directory of eminent lawyers … and the
298 448 277 55 Selective
606 450 183 68 digest
825 451 66 52 of
921 453 95 50 the
1045 454 111 50 law
1190 452 62 52 of
1286 452 295 53 insurance
1618 453 110 51 and
1763 454 214 51 related
2011 454 197 66 topics.

297 528 96 50 9th
433 530 209 49 annual
682 528 102 67 ed.,
823 531 157 65 July,
1023 533 147 50 1934.
1245 530 213 52 Edited
1495 530 74 65 by
1608 531 66 51 R.
1715 533 88 51 W.
1843 532 363 52 Martindale.

296 602 268 70 Chicago,
592 607 112 66 Ill.,
733 607 120 52 The
882 609 117 50 Bar
1028 609 99 50 list
1150 607 332 67 publishing
1512 626 76 34 co.
1666 611 150 62 [c1934]

297 679 97 45 311,
428 678 110 48 [638]
570 690 41 36 p.
669 678 54 40 23
728 681 14 20 cm

299 735 131 38 Each
458 737 112 44 part
598 736 88 38 has
716 736 179 46 special
924 738 93 45 t.-p.

232 785 51 52 ©
308 791 116 47 July
447 792 67 45 27,
539 791 140 47 1934;
707 793 64 38 2c.
798 793 95 38 and
918 792 81 39 aff.
1024 792 119 47 Aug.
1168 793 50 45 1;
1245 793 40 36 A
1310 791 168 46 73682;
1508 792 98 38 Bar
1632 792 86 39 list
1741 792 108 47 pnb.
1876 802 67 29 co.

252 893 400 54 International
688 896 493 62 correspondence
1219 894 246 64 schools,
1501 897 301 63 Scranton,
1836 897 100 51 Pa.

304 969 47 52 I.
386 969 61 54 C.
481 969 55 54 S.
571 970 237 54 altitude
841 970 112 53 and
986 972 249 50 azimuth
1266 970 176 53 tables
1474 970 92 51 for
1599 971 84 51 air
1717 969 113 53 and
1859 989 90 33 sea
237 971 1951 129 navigation.

434 1046 1718 69 Arrangement of tables designed by Mr. E. B. Collins …
235 1123 1979 70 in collaboration with Captain E. K. Roden … Scranton, Pa.,
236 1202 412 57 International
685 1202 265 54 textbook
986 1221 274 50 company
1304 1237 12 34 [
1322 1209 17 21 c
1344 1205 134 48 1934
1482 1236 13 34 ]

303 1274 24 38 1
355 1284 42 37 p.
461 1305 7 16 l.,
497 1273 53 41 91
580 1285 42 37 p.
678 1274 150 48 diagr.
887 1274 54 40 23½
974 1278 43 20 cm
1023 1307 8 7 .

304 1330 71 41 On
404 1342 164 29 cover:
599 1332 37 40 I.
666 1332 48 41 C.
745 1332 44 40 S.
819 1331 217 40 aviation
1064 1332 206 40 altitude
1299 1333 95 39 and
1422 1332 216 40 azimuth
1669 1334 167 39 tables.

234 1387 51 51 ©
310 1393 114 46 May
445 1392 68 46 15,
537 1391 138 47 1934;
701 1393 64 38 2c.
792 1393 95 37 and
912 1390 78 41 aff.
1017 1392 125 38 June
1165 1391 80 46 30;
1274 1391 40 38 A
1338 1391 168 46 74073;
1534 1392 256 40 Internatl.
1816 1393 230 41 textbook
2070 1402 67 31 co.

314 1448 277 48 (34-19641)

225 1551 198 66 Jacob,
454 1553 215 52 Naomi
699 1551 318 65 Ellington,
1052 1555 168 49 1889-

300 1630 156 53 Four
491 1630 374 61 generations,
899 1631 34 50 by
1008 1629 204 53 Naomi
1247 1630 195 54 Jacob.
1517 1631 138 51 New
1692 1631 177 53 York.
1905 1631 118 51 The
231 1632 1958 127 Macmillan
462 1726 292 49 company,
786 1712 146 50 1934.

304 1782 27 37 4
356 1791 43 37 p.
459 1812 7 16 l.,
493 1781 143 40 3-415
660 1792 42 36 p.
755 1781 55 39 20½
843 1783 44 21 cm
893 1813 7 8 .

235 1834 51 52 ©
314 1840 115 45 July
455 1840 67 44 17,
549 1838 139 46 1934;
717 1838 65 39 2c.
812 1839 94 38 and
934 1837 81 40 aff.
1042 1838 114 47 July
1183 1838 80 46 18;
1292 1839 42 37 A
1359 1837 168 41 73489;

1557 1838 172 39 Naomi
1758 1838 161 46 Jacob,
1950 1838 209 38 London.

317 1894 278 49 (34-20029)

226 1983 282 63 Johnson,
541 1984 242 53 Charles
814 1984 323 63 Spurgeon,
1170 1988 168 48 1893-

231 2058 1963 148 Shadow of the plantation, by Charles S. Johnson … Chicago, Ill., The University of Chicago press [1934]
300 2212 130 39 xxiv.
461 2210 97 46 214,
594 2230 53 29 [1]
680 2220 42 37 p.
781 2212 160 44 front.,
974 2212 167 45 plates,
1173 2210 150 47 diagr.
1384 2209 55 39 22
1443 2213 43 20 cm
1491 2242 7 8 .

302 2266 171 41 Macon
511 2269 189 46 county,
739 2267 249 47 Alabama,
1026 2276 102 30 was
1166 2268 80 38 the
1286 2277 114 29 area
1440 2269 175 38 chosen
1653 2267 78 39 for
1767 2267 99 40 this
1907 2277 187 36 survey,
2159 2266 58 47 cf.

233 2322 184 43 Introd.

238 2378 51 51 ©
320 2383 115 45 July
463 2381 67 47 10,
559 2382 139 41 1934;
728 2382 64 38 2c.
824 2382 114 46 July
968 2381 80 46 16;
1080 2380 80 40 aff.
1191 2382 115 46 July
1335 2382 81 46 13;
1448 2383 40 37 A
1518 2381 167 47 73462;
1719 2380 282 48 University
2032 2382 51 38 of
308 2381 1893 105 Chicago,
463 2438 221 46 Chicago.
757 2437 276 48 (34-19995)

229 2528 238 61 Jordan,
500 2528 242 54 Charles
775 2529 205 63 Grant,
1014 2527 169 53 1867-

302 2606 120 51 The
451 2607 121 50 lure
602 2606 62 52 of
692 2606 96 52 the
817 2606 94 51 old
934 2603 343 70 homestead,
1306 2606 74 66 by
1413 2607 233 54 Charles
1677 2607 67 54 Gr.
1776 2606 238 55 Jordan.
2080 2607 137 50 New

234 2684 160 52 York
428 2690 135 60 [etc.]
600 2684 264 66 Fleming
893 2685 75 53 H.
1001 2683 195 52 Revell
1227 2702 278 49 company
1541 2717 11 33 [
1558 2691 17 20 c
1581 2687 150 62 1934]

305 2757 88 39 286
418 2768 42 36 p.
516 2757 54 39 20
574 2760 43 19 cm
624 2790 6 6 .

239 2810 51 51 ©
324 2815 126 38 June
479 2814 68 45 30,
579 2812 114 40 1934;
753 2813 67 39 2c.
852 2814 94 38 and
978 2811 80 40 aff.
1091 2813 117 46 Aug.
1242 2813 52 46 1;
1329 2814 42 37 A
1402 2813 168 46 74389;
1608 2813 219 46 Fleming
1858 2812 59 39 H.
1952 2812 165 39 Revell
2150 2822 66 30 co.

233 2899 343 52 Kaufmann
612 2899 50 52 &
698 2899 196 62 Fabry
930 2914 100 47 co.,
1067 2898 472 67 photographers,
1577 2898 264 66 Chicago.

312 2974 277 54 Souvenir
614 2974 184 67 views,
825 2973 249 67 Chicago
1100 2973 222 54 world’s
1348 2973 143 66 fair;
1520 2972 391 69 photographs
1932 2972 75 67 by
242 2969 1954 135 Kaufmann
434 3054 45 49 &

506 3052 152 52 Fabry
723 3069 74 33 co.
863 3050 53 51 A
946 3049 249 63 Century
1225 3051 62 51 of
1313 3069 272 43 progress.
1676 3050 248 62 [Chicago]
1975 3056 17 20 c
1998 3050 147 49 1934.

355 3125 28 38 [64]
429 3135 44 36 p.
501 3123 52 40 of
581 3123 126 40 illus.
765 3123 114 40 24.

241 3180 51 51 ©
322 3185 124 38 June
476 3184 66 46 18,
573 3183 138 45 1934;
744 3182 65 39 2c.
840 3184 93 37 and
964 3181 79 39 aff.
1075 3183 124 38 June
1228 3182 81 41 20;
1342 3184 40 37 A
1412 3182 167 47 72880;
1614 3183 119 40 Curt
1762 3182 145 40 Teich
1938 3182 34 38 &
2001 3191 81 36 co.,
2112 3180 105 47 inc.,

309 3240 220 47 Chicago.
601 3238 277 49 (34-19643)

233 3330 238 64 Kidder,
500 3331 193 62 Royce
721 3329 232 54 Annan.

310 3406 160 56 State
506 3406 346 53 inheritance
890 3405 259 53 taxation
1185 3408 112 51 and
1333 3406 307 67 taxability
1679 3405 64 53 of
1778 3410 203 52 trusts;
2023 3404 191 52 future

240 3487 259 51 interests
542 3484 218 52 defined
807 3484 111 51 and
961 3484 338 65 illustrated,
1344 3483 230 68 leading
1617 3483 241 53 Federal
1902 3487 172 48 estate
2119 3488 96 46 tax

239 3581 165 46 cases,
434 3567 149 49 trust
611 3566 319 63 agreement
961 3560 194 67 forms,
1185 3566 218 62 estates,
1432 3563 35 51 by
1536 3563 189 65 Royce
1754 3562 211 51 Annan
1994 3560 222 52 Kidder

300 3637 1418 70 … Chicago, The Foundation press, inc., 1934.
312 3713 135 47 xxiii,
479 3712 84 39 544
591 3722 42 37 p.
693 3711 55 39 25½
781 3714 43 20 cm
830 3743 7 8 .

314 3768 175 40 “Table
516 3769 51 39 of
595 3767 189 41 cases”:
815 3779 41 36 p.
883 3766 216 41 489-515.

314 3825 177 40 “Table
516 3825 50 40 of
592 3822 298 42 references”:
949 3834 43 37 p.
1021 3822 97 41 516.

244 3879 51 51 ©
322 3884 125 38 June
472 3884 38 41 7,
538 3882 138 44 1934;
705 3882 64 38 2c.
798 3882 114 45 July
940 3881 50 40 9;
1022 3880 80 39 aff.
1131 3881 112 46 July
1271 3882 24 38 7;
1353 3882 40 37 A
1419 3882 168 44 73352;
1619 3882 306 39 Foundation
1952 3889 148 39 press,
2129 3880 90 40 inc.

320 3939 276 47 (34-19857)
