2350 4196
1137 4000 133 50 1056

218 372 264 64 Hughes,
517 373 241 64 Rupert,
793 373 170 54 1872-

293 464 119 51 The
456 470 90 45 art
586 464 62 51 of
689 465 162 66 hope,
892 464 74 64 by
1006 465 220 64 Rupert
1266 463 254 65 Hughes.
1621 463 127 51 [Van
1790 462 177 65 Nuys,
2010 460 192 67 Calif.,

221 540 169 53 Delta
419 541 99 67 phi
548 541 227 52 lambda
803 541 261 67 sorority,
1094 548 17 20 c
1117 545 149 62 1933]

295 613 845 49 6 p. l., [15]-108 p. illus. 21 cm .
298 671 128 38 “The
453 673 78 37 art
558 670 51 39 of
635 671 149 47 hope”
821 671 66 46 (p.
917 669 198 50 [15]-46)
1151 671 41 38 is
1218 680 25 27 a
1274 669 180 39 tribute
1481 671 48 36 to
1556 668 173 38 Milton
1756 668 152 45 Berry
1939 668 57 45 by
2024 667 185 47 Rupert

228 728 212 46 Hughes.
501 728 100 38 The
647 728 247 47 publisher
937 728 88 39 has
1069 728 101 38 also
1213 726 224 39 included
1480 724 269 40 additional
1793 724 224 39 material
2063 724 146 40 about

228 785 88 39 Mr.
355 784 196 47 Berry’s
585 785 134 38 work
757 786 95 38 and
890 785 81 38 the
1010 783 352 47 contemplated
1401 782 186 47 project
1626 781 50 39 of
1712 780 77 40 his
1827 792 103 28 new
1970 781 237 40 institute.

252 840 33 46 cf.
316 840 272 47 Prefatory.

574 892 186 45 CONTENTS.—book
799 905 31 33 I.
872 898 100 39 The
1011 903 78 33 art
1127 897 50 39 of
1214 897 133 46 hope,
1388 896 61 46 by
1489 895 185 47 Rupert
1716 890 403 52 Hughes.—book
2199 925 11 8 II.

227 953 264 40 Definition
518 954 50 38 of
592 954 480 47 patho-kinesiology,
1099 955 59 45 by
1185 954 61 39 M.
1275 954 58 39 H.
1362 954 166 45 Berry.
1588 952 100 39 The
1715 962 139 37 scope
1879 952 50 39 of
1956 954 81 37 the
2064 952 146 39 work.

229 1009 121 40 Case
394 1012 165 38 record
603 1013 340 45 photographs.
1006 1010 369 40 Miscellaneous
1417 1010 341 47 photographs.
1777 1032 57 4 —
1850 1005 127 43 book
2021 1015 72 33 Ш.
2138 1010 73 38 An

228 1077 119 36 open
373 1067 146 40 letter
543 1068 58 47 by
629 1069 88 39 Mr.
743 1069 172 39 Milton
940 1068 60 40 H.
1026 1069 165 45 Berry.
1253 1067 99 39 The
1379 1068 234 45 proposed
1640 1077 105 28 new
1773 1066 172 39 Milton
1972 1066 59 40 H.
2057 1067 153 46 Berry

227 1123 224 40 institute
482 1125 78 39 for
591 1125 242 47 paralysis
867 1126 328 38 correctment.
1257 1124 371 46 Miscellaneous
1660 1124 130 40 data.

227 1176 51 52 ©
315 1182 109 40 Dec.
462 1182 66 41 15,
566 1181 138 43 1933;
744 1183 64 38 2c.
848 1183 120 39 Mar.
1006 1183 67 44 15,
1110 1181 138 46 1934;
1288 1181 80 39 aff.
1406 1181 118 47 Aug.
1562 1181 52 47 6;
1656 1182 37 37 A
1732 1181 167 46 74473;
1940 1180 174 40 .Milton
2150 1180 61 40 H.

295 1239 166 46 Berry.
497 1239 299 46 Hollywood,
833 1238 143 41 Calif.
1048 1238 276 48 (34-23837)

223 1338 389 67 Hutchinson,
642 1341 231 64 Woods,
907 1344 171 49 1862-

299 1457 54 10 ...
393 1417 119 51 The
546 1435 122 34 new
704 1417 301 53 handbook
1042 1416 65 53 of
1139 1417 211 67 health,
1387 1417 73 68 by
1495 1417 212 54 Woods
1743 1415 367 54 Hutchinson
2152 1457 55 11 ...

225 1493 1877 71 Boston, New York [etc.] Houghton Mifflin company [ c 1934]
295 1565 1916 50 2 p. l., 432 p. illus. (2 col.) diagrs. 19½ cm . (The Woods Hutchinson
226 1622 164 41 health
418 1624 173 48 series)

298 1678 406 41 “Recommended
740 1680 252 47 readings”
1027 1681 94 39 and
1156 1679 279 40 “Teachers’
1472 1679 297 40 references”
1805 1683 52 37 at
1889 1681 90 39 end
2015 1680 50 39 of
2099 1678 114 40 each

225 1734 211 47 chapter.

228 1789 51 51 ©
309 1794 118 46 July
452 1795 68 45 17,
550 1793 139 40 1934:
720 1793 64 40 2c.
814 1795 117 45 Aug.
960 1796 53 37 4:
1046 1793 80 40 aff.
1156 1795 117 45 Aug.
1303 1795 51 45 3;
1387 1794 41 38 A
1455 1794 169 45 73713;
1657 1795 264 46 Houghton
1949 1793 168 40 Mifflin
2146 1804 64 30 со.

298 1850 281 48 [Copyright
607 1851 41 38 is
680 1851 202 39 claimed
914 1862 59 28 on
1005 1860 104 29 new
1139 1853 191 46 matter]
1407 1849 279 48 (34-24299)

220 1952 281 64 Johnson,
534 1953 224 64 George
786 1954 77 54 M.

292 2029 272 54 Paradise
602 2047 191 50 range,
829 2031 72 66 by
939 2032 221 65 George
1193 2033 79 50 M.
1310 2032 276 53 Johnson.
1661 2032 138 51 New
1835 2031 178 67 York,
2052 2032 66 52 E.
2155 2033 54 53 J.

224 2106 555 68 Clode, inc. [ c 1934]
297 2181 85 39 256
414 2192 42 36 p.
548 2180 25 40 19
577 2183 43 21 cm
626 2213 8 7 .

230 2233 49 50 ©
312 2238 115 38 July
456 2238 69 46 25,
557 2236 139 40 1934:
731 2237 65 41 2c.
829 2239 94 37 and
955 2237 80 39 aff.
1068 2238 117 46 Aug.
1217 2236 81 43 22;
1334 2239 38 37 A
1405 2238 142 40 73960:
1611 2240 208 38 Edward
1854 2239 40 38 J.
1930 2238 158 47 Clode,
2123 2239 88 39 inc.

309 2294 277 49 (34-24350)

223 2397 199 64 Jouve,
456 2398 383 63 Marguerite.

298 2513 54 10 ...
387 2473 286 65 Jeunesse,
702 2491 196 34 roman
933 2515 54 9 ...
1064 2473 200 67 [Paris]
1301 2475 65 51 E.
1398 2475 391 52 Flammarion
1827 2477 171 63 [1934]

293 2543 86 40 284
408 2555 57 37 p.,
495 2546 25 38 1
573 2576 7 7 l.
640 2545 56 39 18½
728 2547 43 21 cm
777 2580 7 7 .

229 2599 1982 52 © June 28. 1934: 1c . July 18: A-Foreign 25234: Ernest Flammarion.
308 2659 277 44 (34-25942)

221 2763 204 62 Kates,
455 2764 232 52 Jerome
720 2765 56 53 S.

293 2837 221 53 Minute
557 2838 199 52 stories
797 2838 64 52 of
903 2838 223 54 famous
1167 2840 304 68 explorers,
1511 2841 75 69 by
1629 2840 229 54 Jerome
1901 2840 56 55 S.
2002 2840 206 67 Kates;

229 2915 132 51 with
396 2916 66 52 73
494 2934 162 48 maps
689 2916 73 67 by
795 2916 95 51 the
925 2916 204 52 author
1163 2917 111 52 and
1306 2920 100 49 321
1442 2918 379 53 illustrations
1855 2918 75 68 by
1962 2916 251 54 Herbert

225 2973 1497 90 S. Kates. New York, Grosset & Dunlap [ c 1934]
295 3068 82 39 155
407 3079 39 36 p.
505 3068 127 38 illus.
662 3067 130 46 (inch
824 3069 160 45 ports.,
1015 3068 160 46 maps)
1237 3069 178 40 20×26½
1446 3073 43 20 cm
1495 3101 8 9 .

228 3120 54 50 ©
310 3125 118 46 Aug.
461 3125 37 39 8.
531 3122 138 39 1934:
705 3124 62 38 2c.
802 3125 93 37 and
928 3124 79 38 aff.
1041 3125 117 44 Aug.
1190 3124 53 39 10;
1306 3127 38 37 A
1378 3126 141 40 73807:
1583 3127 197 40 Grosset
1813 3127 34 39 &
1880 3127 207 46 Dunlap,
2120 3127 88 39 inc.

304 3180 276 47 (34-23804)

243 3281 276 65 [Keating,
552 3282 244 54 Charles
824 3281 273 65 Thomas]
1136 3288 167 49 1890-

222 3357 1963 147 The way to riches, by Thomas LuJean [pseud.] Minneapolis, Minn., С. T. Keating [ c 1934]
290 3507 54 39 91
373 3517 42 37 p.
477 3506 53 40 19½
565 3509 41 21 cm
612 3539 6 7 .

227 3562 50 50 ©
306 3567 115 45 July
449 3567 66 38 17.
545 3564 137 40 1934:
714 3567 63 36 2c.
810 3566 112 45 July
951 3565 48 39 21:
1064 3565 79 40 aff.
1173 3567 114 43 Aug.
1319 3568 15 37 1;
1401 3569 38 37 A
1468 3569 167 39 74374:
1672 3569 198 40 Charles
1901 3570 51 38 T.
1983 3568 224 46 Keating.

304 3622 276 48 (34-24111)

219 3722 316 65 Knoblock,
565 3724 275 52 Kenneth
870 3723 274 65 Thomas,
1178 3731 166 49 1898-

289 3800 54 52 A
376 3800 202 52 winter
607 3800 60 51 in
699 3800 294 67 Mallorca,
1025 3801 74 66 by
1132 3802 72 51 К.
1240 3805 63 51 T.
1338 3804 316 52 Knoblock.
1725 3806 137 52 New
1898 3804 161 53 York
2093 3804 109 52 and

219 3876 255 67 London,
502 3879 231 65 Harper
763 3881 44 49 &
835 3877 275 67 brothers,
1143 3882 147 49 1934.
