2350 4196
1166 3998 96 48 986

221 385 211 63 Morse,
462 384 175 64 Leon,
671 387 168 49 1880-
1052 385 82 51 ed.

295 462 92 52 He
413 480 153 35 came
592 468 57 46 to
678 479 103 48 me,
807 461 74 67 by
907 463 154 50 Leon
1089 462 200 52 Morse.
1367 462 207 64 Dover,
1603 461 68 51 X.
1700 461 95 64 H.,
1825 460 81 54 G.
1922 461 53 53 J.
2006 462 200 50 Foster

225 543 44 49 &
297 556 94 49 co.,
423 543 149 49 1934.

295 612 28 37 4
350 623 41 37 p.
455 642 8 17 l.,
510 611 161 48 [7]-149
696 619 43 37 p.
799 612 25 37 1
853 612 127 38 illus.
1041 610 55 39 20½
1129 613 43 20 cm
1177 643 7 7 .

300 669 128 38 “The
465 668 250 47 following
752 668 174 40 stories
963 669 122 37 have
1122 669 114 37 been
1275 667 196 38 written
1509 667 60 46 by
1607 677 107 28 men
1753 667 93 38 and
1885 676 182 29 women
2106 669 104 37 who

231 726 178 38 believe
440 726 113 45 they
584 726 121 37 have
733 724 151 40 found
916 724 269 47 something
1213 724 119 38 vital
1365 725 46 36 in
1445 722 489 48 religion.“—Introd.

228 779 51 51 ©
313 783 111 46 Apr.
459 783 67 39 15.
559 781 138 47 1934;
733 782 66 39 2c.
835 783 114 46 July
981 782 81 46 20;
1099 781 78 40 aff.
1213 782 114 46 July
1360 781 81 46 23;
1478 781 42 38 A
1550 780 169 47 73585;
1759 781 66 40 St.
1861 781 167 39 John's

296 781 1899 98 Methodist
455 839 255 47 Episcopal
744 840 191 46 church,
972 840 171 45 Dover,
1225 870 7 8 N.
1267 839 59 37 H.
1399 837 279 48 (34-22378)

221 944 279 62 Munday,
529 943 209 53 Albert
767 944 73 54 H.

295 1018 87 52 No
421 1019 160 51 other
617 1019 168 67 gods;
827 1037 28 33 a
894 1020 166 50 novel
1099 1017 63 53 of
1200 1017 457 68 Saskatchewan,
1695 1018 74 67 by
1807 1016 203 53 Albert
225 1017 1965 146 Munday.
414 1096 233 66 Boston,

675 1095 237 53 Meador
939 1096 333 67 publishing
1300 1112 295 51 company,
1626 1097 149 50 1934.

294 1167 84 39 271
408 1179 42 36 p.
511 1167 54 40 19½
599 1170 43 21 cm
647 1200 7 7 .

227 1222 1984 51 © July 16. 1934; 2c. July 14: aff. Aug. 1: A 74408; Albert Munday,
295 1284 224 39 Toronto.
590 1283 278 48 (34-22369)

225 1386 254 65 Newlon,
514 1388 168 52 Jesse
717 1389 236 62 Homer,
994 1390 169 50 1882-

353 1462 1860 68 … Educational administration as social policy, by Jesse
223 1539 1991 70 H. Newlon … New York, Chicago [etc.] C. Scribner’s sons
228 1652 12 34 [
245 1626 18 20 c
268 1622 151 63 1934]

292 1693 83 39 xiv
409 1704 57 36 p.,
503 1693 24 38 1
599 1724 8 15 l.,
642 1692 83 40 301
762 1703 41 37 p.
864 1693 56 39 20
924 1694 42 21 cm
972 1723 7 8 .
1079 1693 71 39 (On
1184 1702 162 30 cover:
1380 1693 182 46 Report
1599 1692 50 39 of
1684 1693 81 39 the
1802 1690 316 42 Commission
2155 1703 57 29 on

227 1752 77 38 the
335 1749 148 40 social
513 1749 199 47 studies,
744 1748 257 40 American
1032 1749 252 39 historical
1316 1748 307 40 association,
1683 1752 65 45 pt.
1883 1749 14 46 VIII)

296 1806 157 41 Series
483 1806 108 40 title
618 1806 50 38 in
696 1809 111 42 part
834 1807 52 38 at
913 1806 123 39 head
1065 1805 50 40 of
1144 1808 95 44 t.-p.

293 1863 374 48 Bibliography:
703 1874 42 36 p.
780 1861 215 41 271-290.

228 1917 1985 51 © July 16. 1934; 2c. July 26; aff. July 24; A 73622: Charles Scribner’s
296 1988 123 29 sons.
492 1975 279 50 (34-22399)

221 2066 266 65 Perkins,
524 2065 293 64 Clarence,
854 2066 168 52 1878-

291 2142 1921 68 Man’s advancing civilization, by Clarence Perkins … New
223 2220 1812 68 York, Chicago [etc.] Band, McNally & company [ c 1934]
294 2295 132 40 xviii.
456 2294 85 40 878
566 2305 42 36 p.
669 2294 126 39 illus.
828 2293 131 47 (incl.
988 2303 149 38 maps,
1167 2293 162 48 plans)
1367 2293 151 49 diagr.
1578 2295 26 38 20½
1667 2297 43 20 cm
1715 2326 7 6 .

297 2350 345 41 “References”
675 2353 51 37 at
756 2352 90 38 end
877 2350 52 40 of
957 2351 118 39 each
1105 2351 118 39 unit.

296 2408 67 39 “A
393 2406 362 48 bibliography”:
818 2418 42 36 p.
893 2407 215 39 844-854.

229 2461 1039 51 © July 30, 1934; 2c. Aug. 3: aff. Aug.
1295 2465 53 37 4:
1379 2465 41 37 A
1448 2465 168 39 73731:
1649 2465 153 39 Rand.
1833 2465 222 45 McNally
2084 2463 35 40 &
2147 2475 65 28 co.

307 2522 277 47 (34-22556)

223 2612 1174 62 Presbyterian church in the U S. A.
297 2689 119 51 The
454 2688 369 54 constitution
859 2688 62 53 of
956 2689 94 51 the
1084 2689 402 52 Presbyterian
1523 2690 209 52 church
1769 2689 59 52 in
1864 2690 93 50 the
1994 2688 215 54 United
232 2765 186 55 States
447 2769 63 51 of
537 2767 281 67 America,

847 2766 1363 68 being … the confession of faith, the larger
231 2846 111 51 and
376 2846 219 51 shorter
630 2845 344 58 catechisms,
1008 2846 95 52 the
1137 2844 152 53 form
1323 2845 63 52 of
1421 2850 385 62 government,
1840 2847 97 49 the
1970 2845 146 51 book
2149 2843 63 53 of

229 2922 314 68 discipline,
570 2925 111 50 and
706 2924 95 51 the
826 2924 284 66 directory
1134 2923 92 51 for
1250 2924 94 51 the
1367 2922 249 68 worship
1642 2923 63 51 of
1731 2923 145 66 God,
1903 2941 58 34 as
1985 2922 223 52 ratified

231 3002 111 50 and
375 3002 244 66 adopted
651 3002 73 66 by
756 3002 95 51 the
884 3003 193 52 Synod
1112 3002 63 50 of
1205 3002 137 50 New
1376 3002 162 51 York
1571 3003 109 51 and
1714 2999 405 68 Philadelphia
2151 3000 57 51 in

290 3078 1917 62 … 1788 and as amended in the years 1805-1934, together with
230 3157 95 53 the
358 3157 446 54 Constitutional
837 3158 121 52 rule
991 3158 244 66 adopted
1268 3157 60 52 in
1364 3161 132 48 1912
1531 3159 110 50 and
1676 3157 226 66 general
1938 3157 147 51 rules
2118 3155 92 52 for

231 3233 377 67 judicatories.
685 3235 423 66 Philadelphia,
1140 3236 140 51 Pub.
1317 3234 93 53 for
1442 3236 91 50 the
1570 3234 146 52 office
1748 3234 63 51 of
1842 3236 93 49 the
1968 3235 242 53 General

231 3312 275 62 assembly
543 3313 74 62 by
656 3313 95 51 the
791 3313 350 65 publication
1179 3316 359 63 department
1576 3312 62 51 of
1676 3314 94 50 the
1806 3312 402 66 Presbyterian

227 3389 175 53 board
432 3389 63 52 of
523 3388 292 56 Christian
843 3391 314 55 education,
1188 3395 147 49 1934.

305 3462 24 38 2
356 3473 42 35 p.
458 3493 7 10 l..
493 3461 128 42 iii-v,
649 3461 142 40 3-532
819 3473 42 36 p.
921 3463 54 39 18½
1008 3465 43 20 cm
1056 3496 7 6 .

234 3515 51 51 ©
317 3520 126 38 June
471 3519 67 41 28,
571 3518 137 40 1934;
741 3518 67 40 2c.
840 3520 115 46 July
987 3521 50 39 5:
1073 3520 80 38 aff.
1185 3521 114 46 July
1331 3521 51 45 3;
1417 3521 41 38 A
1488 3520 169 41 73294:
1692 3518 342 47 Presbyterian
2067 3520 147 39 board

303 3576 51 40 of
382 3574 248 42 Christian
659 3576 266 39 education.
991 3576 278 48 [Copyright
1299 3578 40 37 is
1370 3577 202 39 claimed
1604 3588 59 27 on
1693 3587 104 28 new
1827 3579 177 36 matter]

312 3631 276 48 (34-22376)

229 3721 299 57 Prichard,
557 3725 136 50 Mrs.
726 3722 162 52 Ettie
919 3723 307 57 Stephens.

302 3796 110 53 Old
445 3796 168 66 farm,
642 3816 26 32 a
698 3798 182 66 novel,
908 3798 75 67 by
1011 3798 158 52 Ettie
1199 3798 278 67 Stephens
1505 3798 298 53 Prichard.
1868 3799 138 52 New
2035 3797 179 65 York,

233 3872 250 66 London,
526 3874 70 51 D.
642 3874 573 68 Appleton-Century
1259 3893 294 51 company,
1599 3876 414 67 incorporated,
2060 3878 150 50 1934.
