2350 4196
1113 4008 131 49 1300

276 458 158 48 Paged
468 460 350 47 continuously.

277 514 98 41 The
425 516 204 46 original
681 515 212 49 Century
943 517 270 46 dictionary
1264 526 100 30 was
1414 516 161 39 edited
1624 515 59 47 by
1735 515 212 38 William
1997 513 195 48 Dwight

204 569 239 48 Whitney.

209 639 1983 111 © Oct. 1. 1934; 2c. each Sept. 28; aff. Oct. 4; A 75628; D. Appleton-Century co., inc. [Copyright is claimed on new matter]
287 756 278 47 (34-32921)

205 860 331 63 Nordskog,
568 861 237 52 Andrae
836 861 63 54 B.

280 935 247 69 Spiking
564 937 95 52 the
694 938 161 67 gold:
898 956 77 34 or.
1013 938 148 54 Who
1198 938 201 52 caused
1435 937 95 51 the
1568 936 344 67 depression,
1949 937 111 51 and
2098 936 93 51 the

207 1031 124 49 way
362 1023 112 58 out,
506 1015 75 66 by
609 1015 233 52 Andrae
874 1019 64 49 B.
972 1014 317 69 Nordskog.
1357 1017 110 51 Los
1497 1016 266 65 Angeles,
1797 1013 174 55 Calif.,
204 1012 1963 133 Gridiron
359 1092 336 67 publishing
722 1111 77 36 co.
877 1095 150 64 [c1932]

276 1165 82 38 122
389 1175 55 37 p..
476 1167 25 37 1
551 1196 6 7 l.
617 1166 135 39 front.
795 1166 170 47 (port.)
1032 1166 56 38 20½
1121 1168 14 20 cm
1172 1200 4 6 .

209 1231 1982 52 © June 10. 1932; 2c. and aff. May 21. 1934; A 74890; A. B. Nordskog,
276 1293 91 38 Los
399 1293 216 46 Angeles.
688 1291 276 49 (33-16099)

204 1393 173 65 Page,
410 1392 252 55 William
692 1395 274 63 Herbert,
1000 1397 168 50 1868-
1380 1395 82 52 ed.

275 1473 58 50 A
374 1471 187 67 digest
604 1472 61 52 of
711 1474 75 50 all
832 1473 263 66 reported
1139 1471 274 53 decisions
1458 1471 62 52 of
1564 1472 93 50 the
1704 1478 185 45 courts
1936 1471 60 51 of
2042 1471 150 54 Ohio

205 1548 152 52 from
403 1550 95 50 the
544 1550 226 51 earliest
814 1550 197 67 period
1060 1555 56 45 to
1164 1549 142 52 date.
1384 1549 271 51 Lifetime
1701 1550 82 51 ed.
1861 1548 212 52 Edited
2118 1549 74 65 by

204 1626 1987 147 William Herbert Page … v. 11. Receivers to Taverns. Cincinnati, The W. H. Anderson company: Indianapolis, The
207 1782 978 68 Bobbs-Merrill company [ c 1934]
274 1855 100 40 viii.
405 1856 83 40 862
518 1867 41 36 p.
619 1855 53 39 26
676 1857 43 21 cm
725 1887 7 7 .

209 1909 1870 52 © Oct. 26, 1934; 2c. and aff. Oct. 29; A 76774; W. H. Anderson co.
200 2014 170 65 Pope,
401 2015 158 64 Amy
588 2013 324 64 Elizabeth,
947 2017 169 49 1869-

274 2093 120 51 The
427 2102 87 44 art
549 2094 112 50 and
692 2092 308 67 principles
1033 2090 64 54 of
1126 2092 254 69 nursing,
1412 2093 74 66 by
1518 2095 151 64 Amy
1702 2092 299 53 Elizabeth
2033 2093 156 65 Pope

266 2169 1925 69 … and Virna M. Young … New York, G. P. Putnam’s sons,
207 2251 146 52 1934.

278 2320 82 46 xii,
416 2321 55 40 832
497 2332 42 36 p.
567 2320 108 40 incl.
706 2320 125 40 illus.
861 2319 48 47 (1
937 2320 110 45 col.)
1081 2320 166 40 forms.
1307 2320 54 38 21
1365 2323 45 20 cm
1416 2353 8 8 .

280 2380 156 37 Based
479 2389 59 28 on
580 2377 241 39 Practical
863 2376 213 47 nursing,
1121 2376 56 48 by
1220 2378 136 38 Anna
1402 2377 223 41 Caroline
1668 2378 226 39 Maxwell
1936 2379 94 37 and
2072 2377 119 46 Amy

210 2434 251 41 Elizabeth
490 2435 140 47 Pope.

209 2488 1926 53 © Sept. 7, 1934; 2c. and aff. Sept. 20; A 75435; G. P. Putnam's sons.
285 2549 278 45 (34-32887)

201 2652 262 64 Quarles,
500 2652 223 63 Edwin,
759 2654 321 49 1880-1932.

271 2733 219 51 Poems,
526 2730 75 67 by
637 2729 208 52 Edwin
884 2729 255 61 Quarles.
1232 2731 138 51 New
1409 2731 181 66 York,
1627 2734 147 48 1934.

276 2801 68 47 91,
379 2804 54 47 [1]
465 2811 42 37 p.
566 2801 57 38 24
626 2803 42 21 cm
673 2833 7 7 .

278 2856 1917 52 “Three hundred copies … were printed … by the Pynson printers of
206 2915 116 39 New
347 2915 141 46 York,
521 2913 275 48 September
822 2912 156 41 1934.”

210 2970 1979 52 © Sept. 7. 1934; 2c. and aff. Sept. 8; A 76301; Eleanor Lothian Moore,
275 3031 229 38 Yonkers.
535 3031 54 39 N.
616 3030 52 37 Y.
741 3026 278 49 (34-32920)

199 3132 263 64 Reisner,
497 3133 135 51 Mrs.
670 3130 305 53 Elizabeth
1007 3132 321 63 (Johnson)
1372 3134 80 52 ed.

273 3211 241 51 Parents
545 3212 109 51 and
687 3227 165 49 purse
883 3208 240 68 strings;
1156 3227 30 34 a
1216 3211 348 67 symposium
1594 3213 74 65 by
1701 3218 227 60 parents
1959 3210 62 52 of
206 3209 1957 133 children
380 3291 59 50 in
475 3288 94 51 the
606 3289 223 50 Horace
864 3288 179 51 Mann
1080 3287 214 55 schools
1333 3290 110 51 and
1481 3290 237 51 Lincoln
1758 3290 205 52 school,
2000 3287 186 53 edited

1953 3344 9 10 j

203 3367 74 65 by
315 3364 297 53 Elizabeth
647 3365 255 54 Johnson
939 3364 249 53 Reisner.
1264 3366 136 51 New
1438 3367 177 66 York,
1652 3367 276 52 Teachers
1963 3366 224 66 college,

207 3442 294 54 Columbia
542 3440 329 68 university,
909 3446 147 49 1934.

278 3516 25 39 3
334 3526 40 36 p.
438 3547 7 9 l.,
476 3515 53 39 59
557 3526 41 35 p.
660 3514 113 40 23cm.

210 3569 50 50 ©
296 3574 114 45 July
443 3573 37 41 5,
515 3572 112 39 1934;
689 3571 66 40 2c.
789 3572 119 46 Aug.
941 3570 80 46 24;
1059 3571 81 40 aff.
1175 3574 117 46 Aug.
1326 3574 80 45 27;
1445 3575 38 37 A
1521 3574 166 46 75060;
1725 3575 238 37 Teachers
1999 3573 190 47 college.

277 3629 245 40 Columbia
556 3629 126 39 univ.
754 3626 277 48 (34-32873)

200 3726 342 69 Richmond,
575 3730 290 54 Winifred
901 3729 364 67 Vanderbilt,
1302 3733 170 53 1876-

204 3808 1980 147 An introduction to sex education, by Winifred V. Richmond … New York, Farrar & Rinehart, incorporated [ c 1934]
