2350 4196
0 0 0 0 87
164 365 243 64 Graves,
437 362 269 65 Mildred,
738 363 171 50 1905-

233 426 1927 78 Your home and family, by Mildred Graves … and Marjorie
161 510 1733 72 M. Ott … Boston, Little, Brown, and company, 1934.
230 589 119 48 xxii,
380 589 86 40 352
496 599 43 37 p.
574 587 109 40 incl.
715 586 163 47 front.,
913 585 128 39 illus.
1101 584 115 40 21cm.

233 646 294 49 “Suggested
561 642 301 42 references”
896 646 52 36 at
979 642 91 40 end
1103 641 51 39 of
1185 641 118 39 each
1338 638 120 42 unit.

165 705 50 51 ©
250 709 108 39 Jan.
391 709 39 44 2,
463 706 140 45 1934;
639 705 65 40 2c.
740 705 95 38 and
868 701 79 41 aff.
984 702 109 39 Jan.
1127 701 25 39 5;
1214 700 41 39 A
1317 699 140 46 68764;
1495 699 60 38 M.
1594 698 197 47 Graves,
1828 698 202 45 Albany,
2067 699 93 38 and

232 764 235 46 Marjorie
493 763 61 39 M.
584 763 96 45 Ott,
711 760 342 46 Schenectady,
1082 757 55 41 N.
1166 758 51 38 Y.
1285 756 250 50 (34-2014)

166 851 271 66 Grinker,
463 853 129 63 Roy
615 850 278 65 Richard,
923 841 171 61 1900-

168 921 1971 155 Neurology. by Roy R. Grinker … Springfield, Ill., Baltimore,
365 1007 138 68 Md.,
535 1006 60 55 C.
629 1006 61 54 C.
720 1006 247 52 Thomas
1001 1006 173 67 [1934]

236 1079 64 48 ix,
328 1077 87 42 979
438 1089 58 38 p.,
524 1079 24 38 1
598 1111 8 8 l.
662 1077 143 49 illus.,
833 1077 179 48 diagrs.
1070 1076 145 40 25½cm.

238 1135 161 42 “First
432 1134 227 42 edition.”

238 1192 348 42 “References”
620 1195 52 37 at
704 1193 92 39 end
829 1192 52 39 of
914 1192 118 39 each
1065 1191 214 46 chapter.

169 1252 50 51 ©
249 1256 107 39 Jan.
385 1254 67 47 10,
482 1253 140 41 1934;
652 1253 67 39 2c.
748 1252 107 39 Jan.
885 1251 81 46 22;
998 1261 25 29 a
1030 1250 49 39 ff.
1110 1251 107 39 Jan.
1246 1250 82 46 20;
1360 1250 40 38 A
1458 1250 83 39 69156;
1632 1250 203 40 Charles
1865 1250 48 40 C.
1944 1250 223 38 Thomas.

248 1310 249 50 (34-2083)

170 1402 278 64 Gulliver,
477 1402 220 52 Harold
727 1402 239 62 Strong.

240 1477 378 68 Thackeray’s
661 1476 238 69 literary
946 1476 459 68 apprenticeship;
1481 1495 31 33 a
1555 1475 169 69 study
1770 1475 62 52 of
1875 1476 95 53 the
2013 1476 158 68 early

170 1574 329 51 newspaper
532 1555 112 53 and
675 1555 293 68 magazine
1001 1553 158 53 work
1190 1553 64 53 of
1285 1553 258 53 William
1578 1553 339 68 Makepeace
169 1553 1978 150 Thackeray,

345 1632 299 69 including
669 1633 326 68 previously
1023 1633 285 51 unknown
1337 1650 207 51 poems,
1572 1633 305 52 humorous
1904 1633 267 68 sketches,

174 1718 87 47 art
295 1711 288 66 criticism,
616 1711 112 52 and
763 1711 144 51 book
942 1710 248 67 reviews,
1225 1710 235 68 making
1495 1711 259 53 material
1793 1710 289 55 additions
2117 1717 56 46 to

173 1787 1937 71 the Thackeiay bibliography, by Harold Strong Gulliver …
175 1868 273 54 Valdosta
487 1867 304 69 [Southern
827 1869 311 67 stationery
1174 1867 113 53 and
1318 1868 264 68 printing
1615 1886 295 51 company]
1952 1871 148 49 1934.

241 1938 537 49 4 p. l., 266 p. 23cm.
244 1997 147 40 “This
419 1998 122 39 book
573 1997 48 39 in
651 1997 63 39 its
743 1996 209 48 original
983 1997 126 39 form
1143 2007 97 29 was
1272 2008 24 29 a
1330 1997 332 48 dissertation,
1694 2002 255 45 presented
1982 2001 78 40 for
2092 2001 81 41 the

173 2056 171 47 degree
380 2056 51 39 of
465 2056 166 38 doctor
663 2055 51 39 of
748 2054 288 48 philosophy
1072 2054 49 39 in
1156 2056 118 38 Yale
1310 2056 653 47 university.”—Foreword.

243 2112 347 48 Bibliography:
653 2123 42 37 p.
731 2110 217 42 247-253.

176 2171 50 51 ©
255 2175 108 40 Jan.
391 2174 67 47 17,
485 2173 140 46 1934;
653 2173 66 39 2c.
749 2174 95 37 and
872 2171 79 40 aff.
980 2172 109 39 Jan.
1116 2171 81 47 22;
1228 2173 40 38 A
1296 2171 169 48 69139;
1498 2173 57 39 H.
1588 2174 43 40 S.
1664 2174 229 49 Gulliver,
1924 2176 250 43 Valdosta,

247 2231 82 41 Ga.
403 2229 251 50 (34-2078)

177 2321 151 64 Hall,
357 2320 226 54 Donald
611 2321 175 65 John,
817 2322 172 51 1903-

245 2396 321 53 Romanian
600 2396 236 68 furrow,
867 2396 75 69 by
974 2397 71 52 D.
1078 2396 55 54 J.
1166 2397 170 67 Hall;
1374 2399 140 52 with
1547 2404 346 64 twenty-one
1927 2401 220 53 illustra

176 2476 165 51 tions.
403 2474 259 67 London,
688 2474 272 53 Methuen
987 2477 47 50 &
1060 2493 98 49 co.,
1184 2475 103 53 ltd.
1375 2478 119 66 [1933]

283 2580 7 15 x,
321 2547 85 39 224
434 2558 43 37 p.
537 2547 162 46 front.,
728 2547 172 47 plates,
929 2549 149 46 ports.
1142 2547 146 41 22½cm.

181 2603 1997 54 © 1c. Jan. 6, 1934; A ad. int. 18573; pubd. Nov. 9, 1933; D. J. Hall,
252 2665 276 46 Slaugham.
557 2663 193 41 Sussex,
777 2664 236 46 England.
1077 2663 250 50 (34-2003)

184 2738 181 65 Hays,
392 2740 137 52 Mrs.
556 2737 213 54 Louise
801 2737 377 67 (Frederick)
1215 2744 172 50 1881-

249 2813 246 70 History
541 2813 64 54 of
649 2814 207 53 Macon
904 2820 227 64 county,
1179 2815 268 72 Georgia,
1495 2818 76 70 by
1619 2820 206 54 Louise
1873 2822 310 53 Frederick

180 2891 1710 75 Hays … Atlanta, Ga., Stein printing company, 1933.
254 2964 97 50 803,
383 2965 84 50 [21]
496 2975 43 37 p.
596 2965 148 40 front,
773 2966 171 47 (port.)
981 2966 127 40 illus.
1139 2967 131 48 (incl.
1298 2969 175 48 ports.)
1512 2980 135 37 maps
1684 2971 48 48 (1
1763 2974 241 46 mounted,
2033 2973 143 47 fold.)

181 3020 55 40 24cm

253 3077 160 41 Blank
436 3088 148 38 pages
609 3079 80 40 for
715 3078 205 41 “Notes”
958 3079 112 51 ([21]
1100 3081 52 39 at
1178 3082 116 48 end)

254 3134 226 42 Lettered
508 3146 59 28 on
594 3145 141 30 cover:
791 3134 116 41 Mrs.
937 3136 43 40 J.
1009 3135 53 42 E.
1092 3136 150 50 Hays.

257 3190 289 41 “Published
573 3191 59 47 by
661 3191 80 40 the
771 3193 176 45 county
974 3193 388 41 commissioners
1392 3206 53 29 as
1476 3197 81 39 the
1586 3196 174 41 official
1787 3198 203 47 history,
2021 3200 167 45 April-

185 3245 157 42 1933.”

258 3302 288 41 “Families”:
605 3313 44 37 p.
684 3302 246 50 [482]-661.

260 3358 176 47 “Early
465 3359 268 47 marriages
764 3360 95 39 and
887 3360 154 40 wills”;
1101 3371 43 37 p.
1177 3361 248 50 [662]-685.

260 3414 198 41 “Macon
485 3418 176 43 county
691 3417 320 39 roster—war
1037 3417 213 41 between
1278 3419 81 40 the
1386 3420 183 40 states”:
1628 3431 42 38 p.
1715 3421 220 51 [686]-730;
1995 3425 192 41 “World

190 3481 103 29 war
316 3472 203 40 soldiers
545 3472 128 39 from
699 3470 172 41 Macon
897 3472 205 47 county”:
1159 3484 41 37 p.
1233 3474 248 50 [731]-761.

259 3527 348 48 Bibliography:
668 3538 43 37 p.
742 3527 217 42 781-783.

193 3582 50 51 ©
278 3586 99 41 Oct.
440 3587 39 47 12,
512 3586 141 47 1933;
688 3587 67 40 2c.
789 3587 107 39 Jan.
930 3587 68 47 26,
1032 3587 141 47 1934;
1209 3589 82 40 aff.
1326 3590 107 40 Jan.
1467 3592 82 46 25;
1586 3593 41 38 A
1659 3592 170 48 70011;
1867 3595 47 38 L.
1952 3597 50 40 F.
2038 3598 151 46 Hays.

260 3645 321 44 Montezuma,
613 3643 84 40 Ga.
765 3643 251 48 (34-2000)

201 3720 164 63 Herr,
395 3720 228 53 Horace
653 3721 279 63 Dumont,
966 3724 170 49 1852-

264 3796 235 69 Harvey
533 3797 257 67 Vonore;
828 3816 80 48 or,
943 3798 121 54 The
1099 3800 238 70 making
1371 3802 64 53 of
1472 3823 31 33 a
1538 3804 288 68 minister;
1867 3827 31 33 a
1934 3814 158 64 story
2131 3811 62 52 of

194 3874 95 52 old
325 3875 349 68 Lecompton
715 3876 113 52 and
866 3876 158 69 early
1061 3877 243 69 Kansas,
1341 3881 76 67 by
1454 3881 225 55 Horace
1718 3885 71 52 D.
1829 3886 182 67 Herr;
2055 3890 137 52 with
