<alto xmlns="http://www.loc.gov/standards/alto/ns-v3#" xmlns:xsi="http://www.w3.org/2001/XMLSchema-instance" xsi:schemaLocation="http://www.loc.gov/standards/alto/ns-v3# http://www.loc.gov/alto/v3/alto-3-0.xsd"><Description>
<MeasurementUnit>pixel</MeasurementUnit>
<sourceImageInformation>
<fileName>1934_v1_Part1.pdf</fileName>
</sourceImageInformation>
<OCRProcessing ID="IdOcr">
<ocrProcessingStep>
<processingDateTime>2019-01-10</processingDateTime>
<processingSoftware>
<softwareCreator>ABBYY</softwareCreator>
<softwareName>ABBYY Recognition Server</softwareName>
<softwareVersion>4.0</softwareVersion>
</processingSoftware>
</ocrProcessingStep>
</OCRProcessing>
</Description>
<Styles>
<ParagraphStyle ALIGN="Left" FIRSTLINE="0." ID="StyleId-FFFFFFFF-FFFF-FFFF-FFFF-FFFFFFFFFFFF-" LEFT="0." RIGHT="0." />
<ParagraphStyle ALIGN="Right" FIRSTLINE="0." ID="StyleId-521E1FC6-FE7E-43A4-90E6-A9B61626A263-" LEFT="0." LINESPACE="13.30000019" RIGHT="0." />
<ParagraphStyle ALIGN="Left" FIRSTLINE="-27." ID="StyleId-639B624E-F6F5-47B6-BB1D-34E64B53022F-" LEFT="0." LINESPACE="13.43999958" RIGHT="0." />
<ParagraphStyle ALIGN="Left" FIRSTLINE="0." ID="StyleId-100905F9-D385-406B-A5BD-ED5B8FD85431-" LEFT="0." RIGHT="0." />
<ParagraphStyle ALIGN="Left" FIRSTLINE="-27." ID="StyleId-7C9F9BA2-EF3A-4B7F-8486-CCC7B7F49B39-" LEFT="0." LINESPACE="18.71999931" RIGHT="0." />
<ParagraphStyle ALIGN="Block" FIRSTLINE="-27." ID="StyleId-350780E3-60F2-4605-88F5-BB54F9B87091-" LEFT="0." LINESPACE="18.71999931" RIGHT="0." />
<ParagraphStyle ALIGN="Left" FIRSTLINE="0." ID="StyleId-90B16C58-D795-4C77-9B89-30378C515D40-" LEFT="0." LINESPACE="14.39999962" RIGHT="0." />
<ParagraphStyle ALIGN="Right" FIRSTLINE="-27." ID="StyleId-17090E09-AFAF-4086-BD9B-4E99FAE6B057-" LEFT="0." LINESPACE="14.39999962" RIGHT="0." />
<ParagraphStyle ALIGN="Left" FIRSTLINE="-27." ID="StyleId-8B87B633-89DB-4D72-B1FC-26E4ABD680BC-" LEFT="0." LINESPACE="18.47999954" RIGHT="0." />
<ParagraphStyle ALIGN="Left" FIRSTLINE="0." ID="StyleId-42DA7417-CA90-4D71-A57B-06556C38D752-" LEFT="0." LINESPACE="13.30000019" RIGHT="0." />
<ParagraphStyle ALIGN="Block" FIRSTLINE="0." ID="StyleId-D8EE2A7E-42AE-4E35-98DB-F0F935637AA0-" LEFT="0." LINESPACE="6.599999905" RIGHT="0." />
<ParagraphStyle ALIGN="Left" FIRSTLINE="0." ID="StyleId-33CD3121-D4F5-43B6-BA96-6382D166E6B8-" LEFT="0." LINESPACE="15.5" RIGHT="0." />
<ParagraphStyle ALIGN="Block" FIRSTLINE="-21." ID="StyleId-1CE52AFA-C319-4DD9-B4B1-F0EBFA2B3F0B-" LEFT="0." LINESPACE="18.71999931" RIGHT="0." />
<ParagraphStyle ALIGN="Left" FIRSTLINE="0." ID="StyleId-B74F1B65-92F1-49C5-A5FA-D20442F031F2-" LEFT="0." LINESPACE="17.70006076" RIGHT="0." />
<ParagraphStyle ALIGN="Center" FIRSTLINE="0." ID="StyleId-79E2924A-215C-40B7-B577-7236BFBAA25E-" LEFT="0." LINESPACE="7.199999809" RIGHT="0." />
</Styles>
<Layout>
<Page HEIGHT="4196" ID="Page418" PHYSICAL_IMG_NR="418" WIDTH="2350">
<TopMargin HEIGHT="330" HPOS="0" VPOS="0" WIDTH="2350">
</TopMargin>
<LeftMargin HEIGHT="3669" HPOS="0" VPOS="330" WIDTH="171">
</LeftMargin>
<RightMargin HEIGHT="3669" HPOS="2223" VPOS="330" WIDTH="127">
</RightMargin>
<BottomMargin HEIGHT="197" HPOS="0" VPOS="3999" WIDTH="2350">
<TextBlock HEIGHT="60" HPOS="1137" ID="Page418_Block1" LANG="en-US" STYLEREFS="StyleId-EC16FCE9-E5AA-40AB-AD0E-0078658099F7-" VPOS="4002" WIDTH="112">
<TextLine HEIGHT="48" HPOS="1143" VPOS="4008" WIDTH="100">
<String CONTENT="418" HEIGHT="48" HPOS="1143" VPOS="4008" WIDTH="100" />
</TextLine>
</TextBlock>
</BottomMargin>
<PrintSpace HEIGHT="3669" HPOS="171" VPOS="330" WIDTH="2052">
<TextBlock CS="1" HEIGHT="3669" HPOS="171" ID="Page418_Block2" LANG="en-US" STYLEREFS="StyleId-CDE29711-B4C2-441B-88B7-219E6EEB087C-" VPOS="330" WIDTH="2052">
<TextLine HEIGHT="67" HPOS="198" STYLEREFS="StyleId-1A0E2987-5AEB-485F-8044-C4445329D607-" VPOS="372" WIDTH="1137">
<String CONTENT="Brigham," HEIGHT="65" HPOS="198" VPOS="372" WIDTH="302" />
<SP HEIGHT="61" HPOS="501" VPOS="376" WIDTH="31" />
<String CONTENT="Albert" HEIGHT="54" HPOS="533" VPOS="376" WIDTH="208" />
<SP HEIGHT="52" HPOS="742" VPOS="378" WIDTH="30" />
<String CONTENT="Perry," HEIGHT="61" HPOS="773" VPOS="378" WIDTH="203" />
<SP HEIGHT="56" HPOS="977" VPOS="383" WIDTH="35" />
<String CONTENT="1855-1932." HEIGHT="52" HPOS="1013" VPOS="380" WIDTH="322" />
</TextLine>
<TextLine CS="1" HEIGHT="130" HPOS="189" STYLEREFS="StyleId-7D764F04-0141-4574-9116-DF90426C1205-" VPOS="453" WIDTH="1969">
<String CONTENT="Essentials" HEIGHT="53" HPOS="261" VPOS="453" WIDTH="313" />
<SP HEIGHT="35" HPOS="575" VPOS="471" WIDTH="22" />
<String CONTENT="of" HEIGHT="50" HPOS="598" VPOS="454" WIDTH="62" />
<SP HEIGHT="67" HPOS="661" VPOS="454" WIDTH="23" />
<String CONTENT="geography." HEIGHT="66" HPOS="685" VPOS="455" WIDTH="347" />
<SP HEIGHT="47" HPOS="1033" VPOS="459" WIDTH="61" />
<String CONTENT="1st," HEIGHT="63" HPOS="1095" VPOS="459" WIDTH="99" />
<SP HEIGHT="64" HPOS="1195" VPOS="458" WIDTH="20" />
<String CONTENT="2d" HEIGHT="51" HPOS="1216" VPOS="456" WIDTH="71" />
<SP HEIGHT="52" HPOS="1288" VPOS="456" WIDTH="23" />
<String CONTENT="bk." HEIGHT="52" HPOS="1312" VPOS="456" WIDTH="91" />
<SP HEIGHT="49" HPOS="1404" VPOS="460" WIDTH="60" />
<String CONTENT="By" HEIGHT="64" HPOS="1465" VPOS="460" WIDTH="87" />
<SP HEIGHT="65" HPOS="1553" VPOS="459" WIDTH="25" />
<String CONTENT="Albert" HEIGHT="52" HPOS="1579" VPOS="457" WIDTH="205" />
<SP HEIGHT="50" HPOS="1785" VPOS="460" WIDTH="21" />
<String CONTENT="Perry" HEIGHT="64" HPOS="1807" VPOS="460" WIDTH="180" />
<SP HEIGHT="62" HPOS="1988" VPOS="462" WIDTH="24" />
<String CONTENT="Brigham" HEIGHT="123" HPOS="189" VPOS="460" WIDTH="1969" />
</TextLine>
<TextLine CS="1" HEIGHT="72" HPOS="413" STYLEREFS="StyleId-7D764F04-0141-4574-9116-DF90426C1205-" VPOS="531" WIDTH="1769">
<String CONTENT="&#8230;" CS="1" />
<SP HEIGHT="34" HPOS="413" VPOS="550" WIDTH="38" />
<String CONTENT="and" HEIGHT="51" HPOS="452" VPOS="531" WIDTH="111" />
<SP HEIGHT="54" HPOS="564" VPOS="531" WIDTH="32" />
<String CONTENT="Charles" HEIGHT="53" HPOS="597" VPOS="532" WIDTH="234" />
<SP HEIGHT="49" HPOS="832" VPOS="535" WIDTH="30" />
<String CONTENT="T." HEIGHT="49" HPOS="863" VPOS="535" WIDTH="61" />
<SP HEIGHT="50" HPOS="925" VPOS="533" WIDTH="32" />
<String CONTENT="MacFarlane" HEIGHT="53" HPOS="958" VPOS="533" WIDTH="376" />
<SP HEIGHT="32" HPOS="1335" VPOS="554" WIDTH="35" />
<String CONTENT="&#8230;" CS="1" />
<SP HEIGHT="50" HPOS="1425" VPOS="536" WIDTH="78" />
<String CONTENT="Rev." HEIGHT="51" HPOS="1504" VPOS="536" WIDTH="136" />
<SP HEIGHT="32" HPOS="1641" VPOS="555" WIDTH="33" />
<String CONTENT="ed." HEIGHT="51" HPOS="1675" VPOS="536" WIDTH="83" />
<SP HEIGHT="50" HPOS="1759" VPOS="537" WIDTH="74" />
<String CONTENT="New" HEIGHT="51" HPOS="1834" VPOS="537" WIDTH="137" />
<SP HEIGHT="50" HPOS="1972" VPOS="539" WIDTH="32" />
<String CONTENT="York," HEIGHT="66" HPOS="2005" VPOS="537" WIDTH="177" />
</TextLine>
<TextLine HEIGHT="72" HPOS="192" STYLEREFS="StyleId-7D764F04-0141-4574-9116-DF90426C1205-" VPOS="607" WIDTH="1531">
<String CONTENT="Cincinnati" HEIGHT="54" HPOS="192" VPOS="607" WIDTH="328" />
<SP HEIGHT="66" HPOS="521" VPOS="609" WIDTH="36" />
<String CONTENT="j-ete.]" HEIGHT="60" HPOS="558" VPOS="615" WIDTH="136" />
<SP HEIGHT="63" HPOS="695" VPOS="611" WIDTH="34" />
<String CONTENT="American" HEIGHT="50" HPOS="730" VPOS="611" WIDTH="305" />
<SP HEIGHT="50" HPOS="1036" VPOS="611" WIDTH="29" />
<String CONTENT="book" HEIGHT="52" HPOS="1066" VPOS="611" WIDTH="143" />
<SP HEIGHT="53" HPOS="1210" VPOS="611" WIDTH="28" />
<String CONTENT="company" HEIGHT="49" HPOS="1239" VPOS="630" WIDTH="277" />
<SP HEIGHT="46" HPOS="1517" VPOS="633" WIDTH="36" />
<String CONTENT="[1934]" HEIGHT="63" HPOS="1554" VPOS="616" WIDTH="169" />
</TextLine>
<TextLine CS="1" HEIGHT="49" HPOS="267" VPOS="683" WIDTH="1418">
<String CONTENT="2" HEIGHT="37" HPOS="267" VPOS="683" WIDTH="29" />
<SP HEIGHT="38" HPOS="297" VPOS="683" WIDTH="20" />
<String CONTENT="v." HEIGHT="27" HPOS="318" VPOS="694" WIDTH="41" />
<SP HEIGHT="28" HPOS="360" VPOS="694" WIDTH="54" />
<String CONTENT="col." HEIGHT="38" HPOS="415" VPOS="684" WIDTH="83" />
<SP HEIGHT="39" HPOS="499" VPOS="683" WIDTH="27" />
<String CONTENT="front.," HEIGHT="39" HPOS="527" VPOS="683" WIDTH="162" />
<SP HEIGHT="39" HPOS="690" VPOS="683" WIDTH="26" />
<String CONTENT="illus." HEIGHT="39" HPOS="717" VPOS="683" WIDTH="126" />
<SP HEIGHT="46" HPOS="844" VPOS="684" WIDTH="30" />
<String CONTENT="(part" HEIGHT="46" HPOS="875" VPOS="684" WIDTH="133" />
<SP HEIGHT="38" HPOS="1009" VPOS="685" WIDTH="26" />
<String CONTENT="col.;" HEIGHT="45" HPOS="1036" VPOS="684" WIDTH="112" />
<SP HEIGHT="45" HPOS="1149" VPOS="684" WIDTH="28" />
<String CONTENT="incl." HEIGHT="41" HPOS="1178" VPOS="684" WIDTH="108" />
<SP HEIGHT="29" HPOS="1287" VPOS="696" WIDTH="27" />
<String CONTENT="maps)" HEIGHT="47" HPOS="1315" VPOS="685" WIDTH="161" />
<SP HEIGHT="46" HPOS="1477" VPOS="685" WIDTH="64" />
<String CONTENT="25&#189;" CS="1" HEIGHT="39" HPOS="1542" VPOS="686" WIDTH="55" />
<String CONTENT="cm" HEIGHT="20" HPOS="1630" STYLE="superscript" VPOS="688" WIDTH="44" />
<String CONTENT="." HEIGHT="7" HPOS="1679" VPOS="719" WIDTH="6" />
</TextLine>
<TextLine HEIGHT="48" HPOS="268" VPOS="738" WIDTH="678">
<String CONTENT="Illustrated" HEIGHT="40" HPOS="268" VPOS="738" WIDTH="286" />
<SP HEIGHT="39" HPOS="555" VPOS="739" WIDTH="28" />
<String CONTENT="lining-papers." HEIGHT="48" HPOS="584" VPOS="738" WIDTH="362" />
</TextLine>
<TextLine HEIGHT="44" HPOS="270" VPOS="794" WIDTH="1528">
<String CONTENT="&#8220;A" HEIGHT="39" HPOS="270" VPOS="794" WIDTH="69" />
<SP HEIGHT="38" HPOS="340" VPOS="795" WIDTH="26" />
<String CONTENT="short" HEIGHT="40" HPOS="367" VPOS="794" WIDTH="136" />
<SP HEIGHT="39" HPOS="504" VPOS="795" WIDTH="25" />
<String CONTENT="list" HEIGHT="39" HPOS="530" VPOS="795" WIDTH="86" />
<SP HEIGHT="37" HPOS="617" VPOS="797" WIDTH="26" />
<String CONTENT="of" HEIGHT="39" HPOS="644" VPOS="795" WIDTH="52" />
<SP HEIGHT="39" HPOS="697" VPOS="795" WIDTH="26" />
<String CONTENT="useful" HEIGHT="39" HPOS="724" VPOS="795" WIDTH="161" />
<SP HEIGHT="37" HPOS="886" VPOS="797" WIDTH="32" />
<String CONTENT="references&#8221;" HEIGHT="41" HPOS="919" VPOS="794" WIDTH="298" />
<SP HEIGHT="41" HPOS="1218" VPOS="795" WIDTH="30" />
<String CONTENT="at" HEIGHT="38" HPOS="1249" VPOS="798" WIDTH="51" />
<SP HEIGHT="38" HPOS="1301" VPOS="798" WIDTH="28" />
<String CONTENT="end" HEIGHT="38" HPOS="1330" VPOS="798" WIDTH="90" />
<SP HEIGHT="38" HPOS="1421" VPOS="798" WIDTH="27" />
<String CONTENT="of" HEIGHT="39" HPOS="1449" VPOS="797" WIDTH="52" />
<SP HEIGHT="39" HPOS="1502" VPOS="797" WIDTH="27" />
<String CONTENT="first" HEIGHT="40" HPOS="1530" VPOS="797" WIDTH="106" />
<SP HEIGHT="38" HPOS="1637" VPOS="799" WIDTH="28" />
<String CONTENT="book." HEIGHT="40" HPOS="1666" VPOS="798" WIDTH="132" />
</TextLine>
<TextLine CS="1" HEIGHT="57" HPOS="197" VPOS="847" WIDTH="1985">
<String CONTENT="1st" HEIGHT="39" HPOS="197" VPOS="852" WIDTH="74" />
<SP HEIGHT="40" HPOS="272" VPOS="851" WIDTH="30" />
<String CONTENT="bk.," HEIGHT="46" HPOS="303" VPOS="851" WIDTH="88" />
<SP HEIGHT="51" HPOS="392" VPOS="847" WIDTH="34" />
<String CONTENT="&#169;" HEIGHT="51" HPOS="427" VPOS="847" WIDTH="50" />
<SP HEIGHT="51" HPOS="478" VPOS="847" WIDTH="33" />
<String CONTENT="Mar." HEIGHT="37" HPOS="512" VPOS="853" WIDTH="118" />
<SP HEIGHT="38" HPOS="631" VPOS="852" WIDTH="32" />
<String CONTENT="21," HEIGHT="45" HPOS="664" VPOS="852" WIDTH="68" />
<SP HEIGHT="44" HPOS="733" VPOS="853" WIDTH="32" />
<String CONTENT="1984:" HEIGHT="40" HPOS="766" VPOS="852" WIDTH="139" />
<SP HEIGHT="38" HPOS="906" VPOS="853" WIDTH="34" />
<String CONTENT="2c." HEIGHT="40" HPOS="941" VPOS="853" WIDTH="66" />
<SP HEIGHT="30" HPOS="1008" VPOS="863" WIDTH="32" />
<String CONTENT="and" HEIGHT="38" HPOS="1041" VPOS="854" WIDTH="93" />
<SP />
<String CONTENT="aff." CS="1" />
<SP HEIGHT="37" HPOS="1248" VPOS="856" WIDTH="33" />
<String CONTENT="Mar." HEIGHT="37" HPOS="1282" VPOS="856" WIDTH="121" />
<SP HEIGHT="38" HPOS="1404" VPOS="855" WIDTH="31" />
<String CONTENT="23;" HEIGHT="45" HPOS="1436" VPOS="855" WIDTH="81" />
<SP HEIGHT="45" HPOS="1518" VPOS="855" WIDTH="33" />
<String CONTENT="2d" HEIGHT="39" HPOS="1552" VPOS="855" WIDTH="59" />
<SP HEIGHT="38" HPOS="1612" VPOS="856" WIDTH="31" />
<String CONTENT="bk.," HEIGHT="46" HPOS="1644" VPOS="856" WIDTH="89" />
<SP HEIGHT="51" HPOS="1734" VPOS="852" WIDTH="35" />
<String CONTENT="&#169;" HEIGHT="51" HPOS="1770" VPOS="852" WIDTH="50" />
<SP HEIGHT="51" HPOS="1821" VPOS="852" WIDTH="32" />
<String CONTENT="Apr." HEIGHT="46" HPOS="1854" VPOS="857" WIDTH="113" />
<SP HEIGHT="38" HPOS="1968" VPOS="859" WIDTH="31" />
<String CONTENT="10;" HEIGHT="47" HPOS="2000" VPOS="857" WIDTH="81" />
<SP HEIGHT="45" HPOS="2082" VPOS="859" WIDTH="33" />
<String CONTENT="2c." HEIGHT="38" HPOS="2116" VPOS="859" WIDTH="66" />
</TextLine>
<TextLine HEIGHT="55" HPOS="272" VPOS="907" WIDTH="1912">
<String CONTENT="and" HEIGHT="38" HPOS="272" VPOS="909" WIDTH="94" />
<SP HEIGHT="38" HPOS="367" VPOS="909" WIDTH="34" />
<String CONTENT="aff." HEIGHT="38" HPOS="402" VPOS="908" WIDTH="79" />
<SP HEIGHT="37" HPOS="482" VPOS="909" WIDTH="33" />
<String CONTENT="Apr." HEIGHT="46" HPOS="516" VPOS="909" WIDTH="112" />
<SP HEIGHT="37" HPOS="629" VPOS="909" WIDTH="34" />
<String CONTENT="13" HEIGHT="39" HPOS="664" VPOS="908" WIDTH="53" />
<SP HEIGHT="40" HPOS="718" VPOS="908" WIDTH="18" />
<String CONTENT=":" HEIGHT="29" HPOS="737" VPOS="919" WIDTH="7" />
<SP HEIGHT="38" HPOS="745" VPOS="910" WIDTH="36" />
<String CONTENT="A" HEIGHT="36" HPOS="782" VPOS="910" WIDTH="41" />
<SP HEIGHT="39" HPOS="824" VPOS="909" WIDTH="32" />
<String CONTENT="69995," HEIGHT="49" HPOS="857" VPOS="907" WIDTH="155" />
<SP HEIGHT="45" HPOS="1013" VPOS="911" WIDTH="34" />
<String CONTENT="72040" HEIGHT="40" HPOS="1048" VPOS="909" WIDTH="141" />
<SP HEIGHT="46" HPOS="1190" VPOS="910" WIDTH="17" />
<String CONTENT=";" HEIGHT="35" HPOS="1208" VPOS="921" WIDTH="7" />
<SP HEIGHT="45" HPOS="1216" VPOS="911" WIDTH="37" />
<String CONTENT="Flora" HEIGHT="39" HPOS="1254" VPOS="911" WIDTH="143" />
<SP HEIGHT="38" HPOS="1398" VPOS="912" WIDTH="35" />
<String CONTENT="TV." HEIGHT="39" HPOS="1434" VPOS="912" WIDTH="71" />
<SP HEIGHT="38" HPOS="1506" VPOS="913" WIDTH="34" />
<String CONTENT="Brigham," HEIGHT="47" HPOS="1541" VPOS="912" WIDTH="245" />
<SP HEIGHT="45" HPOS="1787" VPOS="914" WIDTH="34" />
<String CONTENT="Dobbs" HEIGHT="40" HPOS="1822" VPOS="913" WIDTH="161" />
<SP HEIGHT="40" HPOS="1984" VPOS="913" WIDTH="35" />
<String CONTENT="Ferry," HEIGHT="49" HPOS="2020" VPOS="913" WIDTH="164" />
</TextLine>
<TextLine HEIGHT="42" HPOS="267" VPOS="965" WIDTH="1197">
<String CONTENT="N." HEIGHT="39" HPOS="267" VPOS="965" WIDTH="54" />
<SP HEIGHT="39" HPOS="322" VPOS="965" WIDTH="27" />
<String CONTENT="Y.," HEIGHT="42" HPOS="350" VPOS="965" WIDTH="67" />
<SP HEIGHT="33" HPOS="418" VPOS="974" WIDTH="28" />
<String CONTENT="and" HEIGHT="37" HPOS="447" VPOS="966" WIDTH="94" />
<SP HEIGHT="39" HPOS="542" VPOS="965" WIDTH="27" />
<String CONTENT="Charles" HEIGHT="39" HPOS="570" VPOS="965" WIDTH="200" />
<SP HEIGHT="38" HPOS="771" VPOS="966" WIDTH="27" />
<String CONTENT="T." HEIGHT="38" HPOS="799" VPOS="966" WIDTH="50" />
<SP HEIGHT="38" HPOS="850" VPOS="966" WIDTH="30" />
<String CONTENT="McFarlane." HEIGHT="40" HPOS="881" VPOS="966" WIDTH="299" />
<SP HEIGHT="39" HPOS="1181" VPOS="967" WIDTH="28" />
<String CONTENT="Hartford." HEIGHT="39" HPOS="1210" VPOS="967" WIDTH="254" />
</TextLine>
<TextLine HEIGHT="47" HPOS="281" VPOS="1021" WIDTH="249">
<String CONTENT="(34-7807)" HEIGHT="47" HPOS="281" VPOS="1021" WIDTH="249" />
</TextLine>
<TextLine HEIGHT="65" HPOS="204" STYLEREFS="StyleId-1A0E2987-5AEB-485F-8044-C4445329D607-" VPOS="1122" WIDTH="490">
<String CONTENT="Brush," HEIGHT="65" HPOS="204" VPOS="1122" WIDTH="211" />
<SP HEIGHT="63" HPOS="416" VPOS="1124" WIDTH="24" />
<String CONTENT="Anna" HEIGHT="52" HPOS="441" VPOS="1124" WIDTH="174" />
<SP HEIGHT="53" HPOS="616" VPOS="1124" WIDTH="24" />
<String CONTENT="J." HEIGHT="55" HPOS="641" VPOS="1124" WIDTH="53" />
</TextLine>
<TextLine CS="1" HEIGHT="147" HPOS="197" STYLEREFS="StyleId-7D764F04-0141-4574-9116-DF90426C1205-" VPOS="1200" WIDTH="1962">
<String CONTENT="The" HEIGHT="51" HPOS="268" VPOS="1200" WIDTH="119" />
<SP HEIGHT="48" HPOS="388" VPOS="1219" WIDTH="39" />
<String CONTENT="green" HEIGHT="48" HPOS="428" VPOS="1219" WIDTH="168" />
<SP HEIGHT="52" HPOS="597" VPOS="1201" WIDTH="39" />
<String CONTENT="diary," HEIGHT="67" HPOS="637" VPOS="1201" WIDTH="182" />
<SP HEIGHT="65" HPOS="820" VPOS="1203" WIDTH="35" />
<String CONTENT="by" HEIGHT="65" HPOS="856" VPOS="1203" WIDTH="74" />
<SP HEIGHT="65" HPOS="931" VPOS="1203" WIDTH="36" />
<String CONTENT="Anna" HEIGHT="51" HPOS="968" VPOS="1203" WIDTH="171" />
<SP HEIGHT="53" HPOS="1140" VPOS="1205" WIDTH="37" />
<String CONTENT="J." HEIGHT="53" HPOS="1178" VPOS="1205" WIDTH="54" />
<SP HEIGHT="49" HPOS="1233" VPOS="1206" WIDTH="40" />
<String CONTENT="Brush." HEIGHT="52" HPOS="1274" VPOS="1204" WIDTH="204" />
<SP HEIGHT="49" HPOS="1479" VPOS="1206" WIDTH="76" />
<String CONTENT="Boston," HEIGHT="63" HPOS="1556" VPOS="1206" WIDTH="231" />
<SP HEIGHT="61" HPOS="1788" VPOS="1208" WIDTH="38" />
<String CONTENT="The" HEIGHT="51" HPOS="1827" VPOS="1207" WIDTH="120" />
<SP HEIGHT="53" HPOS="1948" VPOS="1207" WIDTH="42" />
<String CONTENT="Christopher" HEIGHT="137" HPOS="197" VPOS="1206" WIDTH="1962" />
<SP HEIGHT="49" HPOS="401" VPOS="1295" WIDTH="27" />
<String CONTENT="publishing" HEIGHT="67" HPOS="429" VPOS="1278" WIDTH="333" />
<SP HEIGHT="66" HPOS="763" VPOS="1279" WIDTH="28" />
<String CONTENT="house" HEIGHT="53" HPOS="792" VPOS="1279" WIDTH="170" />
<SP HEIGHT="46" HPOS="963" VPOS="1300" WIDTH="34" />
<String CONTENT="[" HEIGHT="32" HPOS="998" VPOS="1314" WIDTH="12" />
<String CONTENT="c" HEIGHT="21" HPOS="1016" STYLE="superscript" VPOS="1286" WIDTH="16" />
<String CONTENT="1934]" HEIGHT="63" HPOS="1038" VPOS="1284" WIDTH="149" />
</TextLine>
<TextLine HEIGHT="49" HPOS="271" VPOS="1348" WIDTH="333">
<String CONTENT="103" HEIGHT="41" HPOS="271" VPOS="1348" WIDTH="84" />
<SP HEIGHT="47" HPOS="356" VPOS="1350" WIDTH="29" />
<String CONTENT="p." HEIGHT="37" HPOS="386" VPOS="1360" WIDTH="42" />
<SP HEIGHT="38" HPOS="429" VPOS="1350" WIDTH="58" />
<String CONTENT="21" HEIGHT="38" HPOS="488" VPOS="1350" WIDTH="54" />
<String CONTENT="cm" HEIGHT="21" HPOS="547" STYLE="superscript" VPOS="1352" WIDTH="44" />
<String CONTENT="." HEIGHT="7" HPOS="596" VPOS="1382" WIDTH="8" />
</TextLine>
<TextLine HEIGHT="57" HPOS="202" VPOS="1403" WIDTH="1984">
<String CONTENT="&#169;" HEIGHT="51" HPOS="202" VPOS="1403" WIDTH="50" />
<SP HEIGHT="51" HPOS="253" VPOS="1403" WIDTH="29" />
<String CONTENT="Mar." HEIGHT="37" HPOS="283" VPOS="1408" WIDTH="120" />
<SP HEIGHT="38" HPOS="404" VPOS="1407" WIDTH="25" />
<String CONTENT="24." HEIGHT="39" HPOS="430" VPOS="1407" WIDTH="68" />
<SP HEIGHT="37" HPOS="499" VPOS="1409" WIDTH="28" />
<String CONTENT="1934;" HEIGHT="41" HPOS="528" VPOS="1407" WIDTH="138" />
<SP HEIGHT="39" HPOS="667" VPOS="1409" WIDTH="28" />
<String CONTENT="2c." HEIGHT="39" HPOS="696" VPOS="1409" WIDTH="65" />
<SP HEIGHT="28" HPOS="762" VPOS="1420" WIDTH="28" />
<String CONTENT="and" HEIGHT="37" HPOS="791" VPOS="1410" WIDTH="95" />
<SP HEIGHT="38" HPOS="887" VPOS="1410" WIDTH="27" />
<String CONTENT="aff." HEIGHT="41" HPOS="915" VPOS="1408" WIDTH="80" />
<SP HEIGHT="40" HPOS="996" VPOS="1409" WIDTH="27" />
<String CONTENT="Apr." HEIGHT="47" HPOS="1024" VPOS="1409" WIDTH="111" />
<SP HEIGHT="37" HPOS="1136" VPOS="1410" WIDTH="27" />
<String CONTENT="11;" HEIGHT="45" HPOS="1164" VPOS="1410" WIDTH="80" />
<SP HEIGHT="45" HPOS="1245" VPOS="1410" WIDTH="29" />
<String CONTENT="A" HEIGHT="38" HPOS="1275" VPOS="1410" WIDTH="41" />
<SP HEIGHT="39" HPOS="1317" VPOS="1410" WIDTH="27" />
<String CONTENT="70979:" HEIGHT="39" HPOS="1345" VPOS="1410" WIDTH="167" />
<SP HEIGHT="40" HPOS="1513" VPOS="1411" WIDTH="31" />
<String CONTENT="Christopher" HEIGHT="48" HPOS="1545" VPOS="1411" WIDTH="315" />
<SP HEIGHT="37" HPOS="1861" VPOS="1423" WIDTH="27" />
<String CONTENT="pub." HEIGHT="48" HPOS="1889" VPOS="1412" WIDTH="107" />
<SP HEIGHT="38" HPOS="1997" VPOS="1414" WIDTH="28" />
<String CONTENT="house." HEIGHT="38" HPOS="2026" VPOS="1414" WIDTH="160" />
</TextLine>
<TextLine HEIGHT="48" HPOS="282" VPOS="1463" WIDTH="248">
<String CONTENT="(34-8052)" HEIGHT="48" HPOS="282" VPOS="1463" WIDTH="248" />
</TextLine>
<TextLine HEIGHT="69" HPOS="197" STYLEREFS="StyleId-897207C5-CFB3-45F1-8586-F43896AA5FB9-" VPOS="1565" WIDTH="898">
<String CONTENT="California." HEIGHT="55" HPOS="197" VPOS="1565" WIDTH="342" />
<SP HEIGHT="52" HPOS="540" VPOS="1568" WIDTH="75" />
<String CONTENT="Supreme" HEIGHT="66" HPOS="616" VPOS="1568" WIDTH="274" />
<SP HEIGHT="36" HPOS="891" VPOS="1585" WIDTH="30" />
<String CONTENT="court." HEIGHT="47" HPOS="922" VPOS="1576" WIDTH="173" />
</TextLine>
<TextLine CS="1" HEIGHT="131" HPOS="196" STYLEREFS="StyleId-7D764F04-0141-4574-9116-DF90426C1205-" VPOS="1642" WIDTH="1967">
<String CONTENT="Reports" HEIGHT="68" HPOS="266" VPOS="1642" WIDTH="245" />
<SP HEIGHT="34" HPOS="512" VPOS="1664" WIDTH="36" />
<String CONTENT="of" HEIGHT="52" HPOS="549" VPOS="1645" WIDTH="62" />
<SP HEIGHT="50" HPOS="612" VPOS="1645" WIDTH="35" />
<String CONTENT="cases" HEIGHT="38" HPOS="648" VPOS="1661" WIDTH="148" />
<SP HEIGHT="53" HPOS="797" VPOS="1646" WIDTH="36" />
<String CONTENT="determined" HEIGHT="53" HPOS="834" VPOS="1646" WIDTH="349" />
<SP HEIGHT="51" HPOS="1184" VPOS="1648" WIDTH="40" />
<String CONTENT="&#8230;" CS="1" />
<SP HEIGHT="50" HPOS="1280" VPOS="1650" WIDTH="40" />
<String CONTENT="April" HEIGHT="67" HPOS="1321" VPOS="1649" WIDTH="172" />
<SP HEIGHT="49" HPOS="1494" VPOS="1650" WIDTH="38" />
<String CONTENT="19," HEIGHT="64" HPOS="1533" VPOS="1652" WIDTH="80" />
<SP HEIGHT="60" HPOS="1614" VPOS="1656" WIDTH="37" />
<String CONTENT="1933," HEIGHT="64" HPOS="1652" VPOS="1652" WIDTH="150" />
<SP HEIGHT="61" HPOS="1803" VPOS="1655" WIDTH="35" />
<String CONTENT="to" HEIGHT="47" HPOS="1839" VPOS="1655" WIDTH="57" />
<SP HEIGHT="54" HPOS="1897" VPOS="1650" WIDTH="38" />
<String CONTENT="September" HEIGHT="123" HPOS="196" VPOS="1650" WIDTH="1967" />
</TextLine>
<TextLine HEIGHT="70" HPOS="332" STYLEREFS="StyleId-7D764F04-0141-4574-9116-DF90426C1205-" VPOS="1724" WIDTH="1856">
<String CONTENT="15." HEIGHT="52" HPOS="332" VPOS="1726" WIDTH="81" />
<SP HEIGHT="50" HPOS="414" VPOS="1728" WIDTH="37" />
<String CONTENT="1933." HEIGHT="48" HPOS="452" VPOS="1725" WIDTH="147" />
<SP HEIGHT="50" HPOS="600" VPOS="1725" WIDTH="75" />
<String CONTENT="Randolph" HEIGHT="67" HPOS="676" VPOS="1724" WIDTH="310" />
<SP HEIGHT="51" HPOS="987" VPOS="1726" WIDTH="35" />
<String CONTENT="V." HEIGHT="52" HPOS="1023" VPOS="1726" WIDTH="68" />
<SP HEIGHT="52" HPOS="1092" VPOS="1727" WIDTH="35" />
<String CONTENT="Whiting," HEIGHT="68" HPOS="1128" VPOS="1726" WIDTH="283" />
<SP HEIGHT="47" HPOS="1412" VPOS="1746" WIDTH="35" />
<String CONTENT="reporter," HEIGHT="61" HPOS="1448" VPOS="1733" WIDTH="271" />
<SP HEIGHT="34" HPOS="1720" VPOS="1745" WIDTH="72" />
<String CONTENT="v." HEIGHT="37" HPOS="1793" VPOS="1745" WIDTH="49" />
<SP HEIGHT="51" HPOS="1843" VPOS="1731" WIDTH="36" />
<String CONTENT="218." HEIGHT="49" HPOS="1880" VPOS="1731" WIDTH="117" />
<SP HEIGHT="54" HPOS="1998" VPOS="1729" WIDTH="75" />
<String CONTENT="San" HEIGHT="54" HPOS="2074" VPOS="1729" WIDTH="114" />
</TextLine>
<TextLine CS="1" HEIGHT="72" HPOS="196" STYLEREFS="StyleId-7D764F04-0141-4574-9116-DF90426C1205-" VPOS="1800" WIDTH="1440">
<String CONTENT="Francisco," HEIGHT="59" HPOS="196" VPOS="1800" WIDTH="320" />
<SP HEIGHT="55" HPOS="517" VPOS="1804" WIDTH="32" />
<String CONTENT="Bancroft-Whitney" CS="1" HEIGHT="68" HPOS="550" VPOS="1800" WIDTH="579" />
<SP HEIGHT="48" HPOS="1130" VPOS="1820" WIDTH="30" />
<String CONTENT="company." HEIGHT="50" HPOS="1161" VPOS="1822" WIDTH="294" />
<SP HEIGHT="48" HPOS="1456" VPOS="1810" WIDTH="32" />
<String CONTENT="1934." HEIGHT="48" HPOS="1489" VPOS="1809" WIDTH="147" />
</TextLine>
<TextLine CS="1" HEIGHT="48" HPOS="274" VPOS="1874" WIDTH="567">
<String CONTENT="xxxvii," HEIGHT="46" HPOS="274" VPOS="1874" WIDTH="183" />
<SP HEIGHT="46" HPOS="458" VPOS="1874" WIDTH="27" />
<String CONTENT="912" HEIGHT="40" HPOS="486" VPOS="1874" WIDTH="83" />
<SP HEIGHT="48" HPOS="570" VPOS="1874" WIDTH="27" />
<String CONTENT="p." HEIGHT="36" HPOS="598" VPOS="1886" WIDTH="40" />
<SP HEIGHT="38" HPOS="639" VPOS="1875" WIDTH="56" />
<String CONTENT="22&#189;" CS="1" HEIGHT="38" HPOS="696" VPOS="1875" WIDTH="55" />
<String CONTENT="cm" HEIGHT="20" HPOS="784" STYLE="superscript" VPOS="1878" WIDTH="43" />
<String CONTENT="." HEIGHT="7" HPOS="834" VPOS="1908" WIDTH="7" />
</TextLine>
<TextLine CS="1" HEIGHT="53" HPOS="205" VPOS="1927" WIDTH="1985">
<String CONTENT="&#169;" HEIGHT="51" HPOS="205" VPOS="1927" WIDTH="50" />
<SP HEIGHT="51" HPOS="256" VPOS="1927" WIDTH="26" />
<String CONTENT="Apr." HEIGHT="46" HPOS="283" VPOS="1932" WIDTH="113" />
<SP HEIGHT="39" HPOS="397" VPOS="1932" WIDTH="26" />
<String CONTENT="26," HEIGHT="45" HPOS="424" VPOS="1931" WIDTH="68" />
<SP HEIGHT="43" HPOS="493" VPOS="1933" WIDTH="27" />
<String CONTENT="1934" HEIGHT="40" HPOS="521" VPOS="1931" WIDTH="113" />
<SP HEIGHT="39" HPOS="635" VPOS="1933" WIDTH="17" />
<String CONTENT=":" HEIGHT="30" HPOS="653" VPOS="1942" WIDTH="7" />
<SP HEIGHT="40" HPOS="661" VPOS="1932" WIDTH="29" />
<String CONTENT="2c." HEIGHT="39" HPOS="691" VPOS="1932" WIDTH="64" />
<SP HEIGHT="37" HPOS="756" VPOS="1933" WIDTH="29" />
<String CONTENT="May" HEIGHT="46" HPOS="786" VPOS="1933" WIDTH="112" />
<SP HEIGHT="46" HPOS="899" VPOS="1933" WIDTH="24" />
<String CONTENT="2" HEIGHT="38" HPOS="924" VPOS="1933" WIDTH="26" />
<SP HEIGHT="46" HPOS="951" VPOS="1933" WIDTH="17" />
<String CONTENT=";" HEIGHT="36" HPOS="969" VPOS="1943" WIDTH="7" />
<SP HEIGHT="36" HPOS="977" VPOS="1943" WIDTH="29" />
<String CONTENT="aff." HEIGHT="40" HPOS="1007" VPOS="1932" WIDTH="81" />
<SP HEIGHT="38" HPOS="1089" VPOS="1934" WIDTH="27" />
<String CONTENT="May" HEIGHT="46" HPOS="1117" VPOS="1934" WIDTH="111" />
<SP HEIGHT="45" HPOS="1229" VPOS="1935" WIDTH="26" />
<String CONTENT="1;" HEIGHT="44" HPOS="1256" VPOS="1935" WIDTH="52" />
<SP HEIGHT="45" HPOS="1309" VPOS="1934" WIDTH="30" />
<String CONTENT="A" HEIGHT="38" HPOS="1340" VPOS="1934" WIDTH="40" />
<SP HEIGHT="40" HPOS="1381" VPOS="1934" WIDTH="25" />
<String CONTENT="71456" HEIGHT="39" HPOS="1407" VPOS="1935" WIDTH="143" />
<SP HEIGHT="39" HPOS="1551" VPOS="1935" WIDTH="17" />
<String CONTENT=":" HEIGHT="28" HPOS="1569" VPOS="1946" WIDTH="7" />
<SP HEIGHT="38" HPOS="1577" VPOS="1936" WIDTH="31" />
<String CONTENT="Bancroft-Whitney" CS="1" HEIGHT="40" HPOS="1609" VPOS="1935" WIDTH="454" />
<SP HEIGHT="29" HPOS="2097" VPOS="1948" WIDTH="25" />
<String CONTENT="co." HEIGHT="29" HPOS="2123" VPOS="1948" WIDTH="67" />
</TextLine>
<TextLine HEIGHT="68" HPOS="205" STYLEREFS="StyleId-1A0E2987-5AEB-485F-8044-C4445329D607-" VPOS="2030" WIDTH="1026">
<String CONTENT="Carvajal," HEIGHT="68" HPOS="205" VPOS="2030" WIDTH="295" />
<SP HEIGHT="62" HPOS="501" VPOS="2036" WIDTH="30" />
<String CONTENT="Gaspar" HEIGHT="62" HPOS="532" VPOS="2036" WIDTH="228" />
<SP HEIGHT="52" HPOS="761" VPOS="2036" WIDTH="30" />
<String CONTENT="de," HEIGHT="62" HPOS="792" VPOS="2036" WIDTH="86" />
<SP HEIGHT="58" HPOS="879" VPOS="2040" WIDTH="30" />
<String CONTENT="1504-1584." HEIGHT="50" HPOS="910" VPOS="2039" WIDTH="321" />
</TextLine>
<TextLine CS="1" HEIGHT="74" HPOS="334" STYLEREFS="StyleId-7D764F04-0141-4574-9116-DF90426C1205-" VPOS="2106" WIDTH="1857">
<String CONTENT="&#8230;" CS="1" />
<SP HEIGHT="52" HPOS="334" VPOS="2110" WIDTH="33" />
<String CONTENT="The" HEIGHT="52" HPOS="368" VPOS="2110" WIDTH="121" />
<SP HEIGHT="52" HPOS="490" VPOS="2110" WIDTH="27" />
<String CONTENT="discovery" HEIGHT="70" HPOS="518" VPOS="2110" WIDTH="289" />
<SP HEIGHT="50" HPOS="808" VPOS="2130" WIDTH="27" />
<String CONTENT="of" HEIGHT="52" HPOS="836" VPOS="2111" WIDTH="62" />
<SP HEIGHT="53" HPOS="899" VPOS="2111" WIDTH="25" />
<String CONTENT="the" HEIGHT="52" HPOS="925" VPOS="2112" WIDTH="93" />
<SP HEIGHT="50" HPOS="1019" VPOS="2112" WIDTH="26" />
<String CONTENT="Amazon" HEIGHT="51" HPOS="1046" VPOS="2112" WIDTH="253" />
<SP HEIGHT="32" HPOS="1300" VPOS="2130" WIDTH="29" />
<String CONTENT="according" HEIGHT="68" HPOS="1330" VPOS="2109" WIDTH="302" />
<SP HEIGHT="64" HPOS="1633" VPOS="2113" WIDTH="25" />
<String CONTENT="to" HEIGHT="47" HPOS="1659" VPOS="2113" WIDTH="57" />
<SP HEIGHT="46" HPOS="1717" VPOS="2115" WIDTH="26" />
<String CONTENT="the" HEIGHT="53" HPOS="1744" VPOS="2108" WIDTH="96" />
<SP HEIGHT="33" HPOS="1841" VPOS="2127" WIDTH="28" />
<String CONTENT="account" HEIGHT="47" HPOS="1870" VPOS="2113" WIDTH="232" />
<SP HEIGHT="46" HPOS="2103" VPOS="2113" WIDTH="27" />
<String CONTENT="of" HEIGHT="51" HPOS="2131" VPOS="2106" WIDTH="60" />
</TextLine>
<TextLine CS="1" HEIGHT="72" HPOS="206" STYLEREFS="StyleId-7D764F04-0141-4574-9116-DF90426C1205-" VPOS="2183" WIDTH="1983">
<String CONTENT="Friar" HEIGHT="54" HPOS="206" VPOS="2187" WIDTH="166" />
<SP HEIGHT="54" HPOS="373" VPOS="2187" WIDTH="35" />
<String CONTENT="Gaspar" HEIGHT="68" HPOS="409" VPOS="2187" WIDTH="222" />
<SP HEIGHT="51" HPOS="632" VPOS="2190" WIDTH="35" />
<String CONTENT="de" HEIGHT="51" HPOS="668" VPOS="2190" WIDTH="68" />
<SP HEIGHT="54" HPOS="737" VPOS="2188" WIDTH="36" />
<String CONTENT="Carvajal" HEIGHT="69" HPOS="774" VPOS="2186" WIDTH="268" />
<SP HEIGHT="51" HPOS="1043" VPOS="2191" WIDTH="35" />
<String CONTENT="and" HEIGHT="51" HPOS="1079" VPOS="2189" WIDTH="110" />
<SP HEIGHT="52" HPOS="1190" VPOS="2189" WIDTH="34" />
<String CONTENT="other" HEIGHT="52" HPOS="1225" VPOS="2189" WIDTH="159" />
<SP HEIGHT="52" HPOS="1385" VPOS="2189" WIDTH="34" />
<String CONTENT="documents," HEIGHT="65" HPOS="1420" VPOS="2189" WIDTH="341" />
<SP HEIGHT="48" HPOS="1762" VPOS="2206" WIDTH="35" />
<String CONTENT="as" HEIGHT="32" HPOS="1798" VPOS="2206" WIDTH="58" />
<SP HEIGHT="49" HPOS="1857" VPOS="2204" WIDTH="34" />
<String CONTENT="published" HEIGHT="70" HPOS="1892" VPOS="2183" WIDTH="297" />
</TextLine>
<TextLine CS="1" HEIGHT="72" HPOS="204" STYLEREFS="StyleId-7D764F04-0141-4574-9116-DF90426C1205-" VPOS="2263" WIDTH="1989">
<String CONTENT="with" HEIGHT="51" HPOS="204" VPOS="2267" WIDTH="135" />
<SP HEIGHT="51" HPOS="340" VPOS="2267" WIDTH="29" />
<String CONTENT="an" HEIGHT="33" HPOS="370" VPOS="2285" WIDTH="69" />
<SP HEIGHT="50" HPOS="440" VPOS="2268" WIDTH="27" />
<String CONTENT="introduction" HEIGHT="52" HPOS="468" VPOS="2268" WIDTH="387" />
<SP HEIGHT="51" HPOS="856" VPOS="2269" WIDTH="26" />
<String CONTENT="by" HEIGHT="66" HPOS="883" VPOS="2269" WIDTH="75" />
<SP HEIGHT="66" HPOS="959" VPOS="2269" WIDTH="24" />
<String CONTENT="Jos&#233;" CS="1" HEIGHT="52" HPOS="984" VPOS="2269" WIDTH="101" />
<SP HEIGHT="51" HPOS="1118" VPOS="2269" WIDTH="26" />
<String CONTENT="Toribio" HEIGHT="54" HPOS="1145" VPOS="2267" WIDTH="230" />
<SP HEIGHT="53" HPOS="1376" VPOS="2268" WIDTH="27" />
<String CONTENT="Medina;" HEIGHT="67" HPOS="1404" VPOS="2265" WIDTH="262" />
<SP HEIGHT="59" HPOS="1667" VPOS="2273" WIDTH="29" />
<String CONTENT="translated" HEIGHT="55" HPOS="1697" VPOS="2264" WIDTH="316" />
<SP HEIGHT="53" HPOS="2014" VPOS="2263" WIDTH="27" />
<String CONTENT="from" HEIGHT="53" HPOS="2042" VPOS="2263" WIDTH="151" />
</TextLine>
<TextLine CS="1" HEIGHT="72" HPOS="206" STYLEREFS="StyleId-7D764F04-0141-4574-9116-DF90426C1205-" VPOS="2341" WIDTH="1925">
<String CONTENT="the" HEIGHT="52" HPOS="206" VPOS="2342" WIDTH="95" />
<SP HEIGHT="54" HPOS="302" VPOS="2343" WIDTH="35" />
<String CONTENT="Spanish" HEIGHT="68" HPOS="338" VPOS="2343" WIDTH="250" />
<SP HEIGHT="51" HPOS="589" VPOS="2344" WIDTH="33" />
<String CONTENT="by" HEIGHT="69" HPOS="623" VPOS="2344" WIDTH="73" />
<SP HEIGHT="69" HPOS="697" VPOS="2344" WIDTH="36" />
<String CONTENT="Bertram" HEIGHT="54" HPOS="734" VPOS="2344" WIDTH="262" />
<SP HEIGHT="51" HPOS="997" VPOS="2345" WIDTH="34" />
<String CONTENT="T." HEIGHT="54" HPOS="1032" VPOS="2345" WIDTH="64" />
<SP HEIGHT="55" HPOS="1097" VPOS="2344" WIDTH="35" />
<String CONTENT="Lee;" HEIGHT="67" HPOS="1133" VPOS="2344" WIDTH="136" />
<SP HEIGHT="48" HPOS="1270" VPOS="2363" WIDTH="40" />
<String CONTENT="edited" HEIGHT="55" HPOS="1311" VPOS="2343" WIDTH="187" />
<SP HEIGHT="51" HPOS="1499" VPOS="2344" WIDTH="33" />
<String CONTENT="by" HEIGHT="68" HPOS="1533" VPOS="2344" WIDTH="59" />
<SP HEIGHT="51" HPOS="1607" VPOS="2343" WIDTH="36" />
<String CONTENT="H." HEIGHT="52" HPOS="1644" VPOS="2343" WIDTH="76" />
<SP HEIGHT="55" HPOS="1721" VPOS="2341" WIDTH="40" />
<String CONTENT="C." HEIGHT="55" HPOS="1762" VPOS="2341" WIDTH="59" />
<SP HEIGHT="52" HPOS="1822" VPOS="2341" WIDTH="39" />
<String CONTENT="Heaton" HEIGHT="53" HPOS="1862" VPOS="2341" WIDTH="226" />
<SP HEIGHT="34" HPOS="2089" VPOS="2359" WIDTH="42" />
<String CONTENT="&#8230;" CS="1" />
</TextLine>
<TextLine HEIGHT="71" HPOS="203" STYLEREFS="StyleId-7D764F04-0141-4574-9116-DF90426C1205-" VPOS="2419" WIDTH="1555">
<String CONTENT="New" HEIGHT="55" HPOS="203" VPOS="2419" WIDTH="135" />
<SP HEIGHT="51" HPOS="339" VPOS="2421" WIDTH="33" />
<String CONTENT="York," HEIGHT="68" HPOS="373" VPOS="2421" WIDTH="176" />
<SP HEIGHT="67" HPOS="550" VPOS="2422" WIDTH="30" />
<String CONTENT="American" HEIGHT="55" HPOS="581" VPOS="2421" WIDTH="301" />
<SP HEIGHT="50" HPOS="883" VPOS="2440" WIDTH="31" />
<String CONTENT="geographical" HEIGHT="67" HPOS="915" VPOS="2423" WIDTH="399" />
<SP HEIGHT="49" HPOS="1315" VPOS="2426" WIDTH="34" />
<String CONTENT="society," HEIGHT="67" HPOS="1350" VPOS="2421" WIDTH="224" />
<SP HEIGHT="63" HPOS="1575" VPOS="2425" WIDTH="34" />
<String CONTENT="1934." HEIGHT="50" HPOS="1610" VPOS="2423" WIDTH="148" />
</TextLine>
<TextLine CS="1" HEIGHT="110" HPOS="203" VPOS="2490" WIDTH="1971">
<String CONTENT="xiv" HEIGHT="40" HPOS="271" VPOS="2491" WIDTH="81" />
<SP HEIGHT="37" HPOS="353" VPOS="2503" WIDTH="21" />
<String CONTENT="p.," HEIGHT="37" HPOS="375" VPOS="2503" WIDTH="56" />
<SP HEIGHT="46" HPOS="432" VPOS="2493" WIDTH="21" />
<String CONTENT="4" HEIGHT="39" HPOS="454" VPOS="2493" WIDTH="28" />
<SP />
<String CONTENT="l.," CS="1" HEIGHT="15" HPOS="538" VPOS="2524" WIDTH="7" />
<SP HEIGHT="44" HPOS="546" VPOS="2495" WIDTH="23" />
<String CONTENT="7-467" CS="1" HEIGHT="39" HPOS="570" VPOS="2494" WIDTH="142" />
<SP HEIGHT="47" HPOS="713" VPOS="2495" WIDTH="20" />
<String CONTENT="p." HEIGHT="36" HPOS="734" VPOS="2506" WIDTH="42" />
<SP HEIGHT="38" HPOS="777" VPOS="2495" WIDTH="49" />
<String CONTENT="illus." HEIGHT="39" HPOS="827" VPOS="2495" WIDTH="125" />
<SP HEIGHT="46" HPOS="953" VPOS="2495" WIDTH="30" />
<String CONTENT="(map," HEIGHT="47" HPOS="984" VPOS="2495" WIDTH="146" />
<SP HEIGHT="46" HPOS="1131" VPOS="2496" WIDTH="22" />
<String CONTENT="facsims.)" HEIGHT="49" HPOS="1154" VPOS="2494" WIDTH="239" />
<SP HEIGHT="48" HPOS="1394" VPOS="2495" WIDTH="61" />
<String CONTENT="26" HEIGHT="39" HPOS="1456" VPOS="2495" WIDTH="54" />
<String CONTENT="cm" HEIGHT="20" HPOS="1513" STYLE="superscript" VPOS="2497" WIDTH="43" />
<String CONTENT="." HEIGHT="8" HPOS="1563" VPOS="2528" WIDTH="8" />
<SP HEIGHT="46" HPOS="1572" VPOS="2494" WIDTH="59" />
<String CONTENT="(American" HEIGHT="47" HPOS="1632" VPOS="2493" WIDTH="279" />
<SP HEIGHT="36" HPOS="1912" VPOS="2504" WIDTH="19" />
<String CONTENT="geographical" HEIGHT="98" HPOS="203" VPOS="2490" WIDTH="1971" />
<SP HEIGHT="39" HPOS="298" VPOS="2550" WIDTH="27" />
<String CONTENT="society." HEIGHT="48" HPOS="326" VPOS="2549" WIDTH="194" />
<SP HEIGHT="40" HPOS="521" VPOS="2551" WIDTH="60" />
<String CONTENT="Special" HEIGHT="48" HPOS="582" VPOS="2550" WIDTH="187" />
<SP HEIGHT="47" HPOS="770" VPOS="2552" WIDTH="28" />
<String CONTENT="publication" HEIGHT="48" HPOS="799" VPOS="2551" WIDTH="298" />
<SP HEIGHT="28" HPOS="1098" VPOS="2563" WIDTH="26" />
<String CONTENT="no." HEIGHT="29" HPOS="1125" VPOS="2563" WIDTH="72" />
<SP HEIGHT="38" HPOS="1198" VPOS="2554" WIDTH="29" />
<String CONTENT="17)" HEIGHT="47" HPOS="1228" VPOS="2553" WIDTH="79" />
</TextLine>
<TextLine HEIGHT="50" HPOS="275" VPOS="2606" WIDTH="1915">
<String CONTENT="Includes" HEIGHT="39" HPOS="275" VPOS="2608" WIDTH="224" />
<SP HEIGHT="29" HPOS="500" VPOS="2618" WIDTH="39" />
<String CONTENT="reproduction" HEIGHT="47" HPOS="540" VPOS="2608" WIDTH="339" />
<SP HEIGHT="29" HPOS="880" VPOS="2619" WIDTH="36" />
<String CONTENT="and" HEIGHT="38" HPOS="917" VPOS="2610" WIDTH="94" />
<SP HEIGHT="39" HPOS="1012" VPOS="2609" WIDTH="40" />
<String CONTENT="English" HEIGHT="48" HPOS="1053" VPOS="2608" WIDTH="200" />
<SP HEIGHT="39" HPOS="1254" VPOS="2610" WIDTH="37" />
<String CONTENT="translation" HEIGHT="40" HPOS="1292" VPOS="2609" WIDTH="294" />
<SP HEIGHT="28" HPOS="1587" VPOS="2619" WIDTH="37" />
<String CONTENT="of" HEIGHT="39" HPOS="1625" VPOS="2608" WIDTH="51" />
<SP HEIGHT="39" HPOS="1677" VPOS="2608" WIDTH="38" />
<String CONTENT="original" HEIGHT="48" HPOS="1716" VPOS="2607" WIDTH="205" />
<SP HEIGHT="46" HPOS="1922" VPOS="2606" WIDTH="49" />
<String CONTENT="(Sevilla," HEIGHT="47" HPOS="1972" VPOS="2606" WIDTH="218" />
</TextLine>
<TextLine HEIGHT="49" HPOS="204" VPOS="2663" WIDTH="271">
<String CONTENT="1894)" HEIGHT="47" HPOS="204" VPOS="2663" WIDTH="138" />
<SP HEIGHT="47" HPOS="343" VPOS="2663" WIDTH="35" />
<String CONTENT="t.-p." HEIGHT="47" HPOS="379" VPOS="2665" WIDTH="96" />
</TextLine>
<TextLine CS="1" HEIGHT="52" HPOS="276" VPOS="2720" WIDTH="1803">
<String CONTENT="Contents." HEIGHT="42" HPOS="276" VPOS="2721" WIDTH="273" />
<SP HEIGHT="17" HPOS="550" VPOS="2746" WIDTH="16" />
<String CONTENT="&#8212;" HEIGHT="5" HPOS="567" VPOS="2746" WIDTH="60" />
<SP HEIGHT="38" HPOS="628" VPOS="2734" WIDTH="14" />
<String CONTENT="pt." HEIGHT="47" HPOS="643" VPOS="2725" WIDTH="69" />
<SP HEIGHT="32" HPOS="713" VPOS="2732" WIDTH="39" />
<String CONTENT="I." HEIGHT="32" HPOS="753" VPOS="2732" WIDTH="31" />
<SP HEIGHT="41" HPOS="785" VPOS="2723" WIDTH="40" />
<String CONTENT="Introduction" HEIGHT="40" HPOS="826" VPOS="2722" WIDTH="335" />
<SP HEIGHT="38" HPOS="1162" VPOS="2723" WIDTH="38" />
<String CONTENT="by" HEIGHT="46" HPOS="1201" VPOS="2723" WIDTH="60" />
<SP HEIGHT="45" HPOS="1262" VPOS="2724" WIDTH="41" />
<String CONTENT="Medina." HEIGHT="39" HPOS="1304" VPOS="2722" WIDTH="207" />
<SP HEIGHT="16" HPOS="1512" VPOS="2745" WIDTH="17" />
<String CONTENT="&#8212;" HEIGHT="4" HPOS="1530" VPOS="2745" WIDTH="59" />
<SP HEIGHT="38" HPOS="1590" VPOS="2733" WIDTH="14" />
<String CONTENT="pt." HEIGHT="48" HPOS="1605" VPOS="2723" WIDTH="69" />
<SP HEIGHT="32" HPOS="1675" VPOS="2730" WIDTH="36" />
<String CONTENT="II." HEIGHT="33" HPOS="1712" VPOS="2729" WIDTH="54" />
<SP HEIGHT="40" HPOS="1767" VPOS="2722" WIDTH="39" />
<String CONTENT="Carvajal's" HEIGHT="47" HPOS="1807" VPOS="2720" WIDTH="272" />
</TextLine>
<TextLine CS="1" HEIGHT="153" HPOS="205" VPOS="2731" WIDTH="1969">
<String CONTENT="account.&#8212;pt." HEIGHT="99" HPOS="205" VPOS="2731" WIDTH="1969" />
<SP HEIGHT="33" HPOS="497" VPOS="2788" WIDTH="23" />
<String CONTENT="III." HEIGHT="32" HPOS="521" VPOS="2788" WIDTH="74" />
<SP HEIGHT="40" HPOS="596" VPOS="2780" WIDTH="27" />
<String CONTENT="Documents.&#8212;Appendix" HEIGHT="48" HPOS="624" VPOS="2778" WIDTH="621" />
<SP HEIGHT="27" HPOS="1246" VPOS="2790" WIDTH="17" />
<String CONTENT=":" HEIGHT="27" HPOS="1264" VPOS="2790" WIDTH="7" />
<SP HEIGHT="40" HPOS="1272" VPOS="2779" WIDTH="34" />
<String CONTENT="Selections" HEIGHT="40" HPOS="1307" VPOS="2779" WIDTH="263" />
<SP HEIGHT="39" HPOS="1571" VPOS="2780" WIDTH="25" />
<String CONTENT="from" HEIGHT="38" HPOS="1597" VPOS="2780" WIDTH="126" />
<SP HEIGHT="40" HPOS="1724" VPOS="2779" WIDTH="30" />
<String CONTENT="Oviedo's" HEIGHT="41" HPOS="1755" VPOS="2778" WIDTH="219" />
<SP HEIGHT="37" HPOS="1975" VPOS="2779" WIDTH="29" />
<String CONTENT="&#8220;Historia" HEIGHT="98" HPOS="207" LANG="la" VPOS="2777" WIDTH="1967" />
<SP HEIGHT="38" HPOS="280" VPOS="2837" WIDTH="27" />
<String CONTENT="de" HEIGHT="38" HPOS="308" VPOS="2837" WIDTH="57" />
<SP HEIGHT="39" HPOS="366" VPOS="2836" WIDTH="26" />
<String CONTENT="las" HEIGHT="39" HPOS="393" VPOS="2836" WIDTH="74" />
<SP HEIGHT="38" HPOS="468" VPOS="2837" WIDTH="27" />
<String CONTENT="Indias&#8221;" HEIGHT="40" HPOS="496" VPOS="2835" WIDTH="196" />
<SP HEIGHT="41" HPOS="693" VPOS="2835" WIDTH="29" />
<String CONTENT="bearing" HEIGHT="49" HPOS="723" VPOS="2835" WIDTH="200" />
<SP HEIGHT="37" HPOS="924" VPOS="2847" WIDTH="25" />
<String CONTENT="on" HEIGHT="28" HPOS="950" VPOS="2847" WIDTH="59" />
<SP HEIGHT="41" HPOS="1010" VPOS="2835" WIDTH="29" />
<String CONTENT="Orellana's" HEIGHT="41" HPOS="1040" VPOS="2835" WIDTH="267" />
<SP HEIGHT="36" HPOS="1308" VPOS="2839" WIDTH="27" />
<String CONTENT="two" HEIGHT="37" HPOS="1336" VPOS="2839" WIDTH="94" />
<SP HEIGHT="29" HPOS="1431" VPOS="2847" WIDTH="25" />
<String CONTENT="expeditions." HEIGHT="48" HPOS="1457" VPOS="2835" WIDTH="317" />
</TextLine>
<TextLine HEIGHT="51" HPOS="210" VPOS="2892" WIDTH="1983">
<String CONTENT="&#169;" HEIGHT="51" HPOS="210" VPOS="2892" WIDTH="50" />
<SP HEIGHT="51" HPOS="261" VPOS="2892" WIDTH="31" />
<String CONTENT="Jan." HEIGHT="39" HPOS="293" VPOS="2897" WIDTH="106" />
<SP HEIGHT="37" HPOS="400" VPOS="2898" WIDTH="29" />
<String CONTENT="12," HEIGHT="45" HPOS="430" VPOS="2896" WIDTH="68" />
<SP HEIGHT="43" HPOS="499" VPOS="2898" WIDTH="29" />
<String CONTENT="1934;" HEIGHT="40" HPOS="529" VPOS="2896" WIDTH="139" />
<SP HEIGHT="39" HPOS="669" VPOS="2897" WIDTH="31" />
<String CONTENT="2c." HEIGHT="38" HPOS="701" VPOS="2897" WIDTH="65" />
<SP HEIGHT="39" HPOS="767" VPOS="2896" WIDTH="32" />
<String CONTENT="Jan." HEIGHT="39" HPOS="800" VPOS="2896" WIDTH="106" />
<SP HEIGHT="39" HPOS="907" VPOS="2895" WIDTH="30" />
<String CONTENT="23" HEIGHT="40" HPOS="938" VPOS="2895" WIDTH="53" />
<SP HEIGHT="44" HPOS="992" VPOS="2897" WIDTH="18" />
<String CONTENT=";" HEIGHT="36" HPOS="1011" VPOS="2905" WIDTH="7" />
<SP HEIGHT="36" HPOS="1019" VPOS="2905" WIDTH="33" />
<String CONTENT="aff." HEIGHT="39" HPOS="1053" VPOS="2895" WIDTH="80" />
<SP HEIGHT="39" HPOS="1134" VPOS="2895" WIDTH="31" />
<String CONTENT="Feb." HEIGHT="40" HPOS="1166" VPOS="2895" WIDTH="108" />
<SP HEIGHT="39" HPOS="1275" VPOS="2896" WIDTH="30" />
<String CONTENT="2;" HEIGHT="44" HPOS="1306" VPOS="2896" WIDTH="52" />
<SP HEIGHT="45" HPOS="1359" VPOS="2895" WIDTH="31" />
<String CONTENT="A" HEIGHT="39" HPOS="1391" VPOS="2895" WIDTH="40" />
<SP HEIGHT="39" HPOS="1432" VPOS="2895" WIDTH="30" />
<String CONTENT="69392;" HEIGHT="46" HPOS="1463" VPOS="2894" WIDTH="168" />
<SP HEIGHT="44" HPOS="1632" VPOS="2896" WIDTH="33" />
<String CONTENT="Amer." HEIGHT="38" HPOS="1666" VPOS="2896" WIDTH="155" />
<SP HEIGHT="37" HPOS="1822" VPOS="2905" WIDTH="31" />
<String CONTENT="geographical" HEIGHT="50" HPOS="1854" VPOS="2892" WIDTH="339" />
</TextLine>
<TextLine CS="1" HEIGHT="47" HPOS="277" VPOS="2952" WIDTH="886">
<String CONTENT="society" HEIGHT="46" HPOS="277" VPOS="2953" WIDTH="180" />
<SP HEIGHT="35" HPOS="458" VPOS="2964" WIDTH="25" />
<String CONTENT="of" HEIGHT="39" HPOS="484" VPOS="2953" WIDTH="51" />
<SP HEIGHT="38" HPOS="536" VPOS="2953" WIDTH="25" />
<String CONTENT="New" CS="1" HEIGHT="28" HPOS="602" VPOS="2964" WIDTH="73" />
<SP HEIGHT="38" HPOS="676" VPOS="2953" WIDTH="22" />
<String CONTENT="York." HEIGHT="38" HPOS="699" VPOS="2953" WIDTH="142" />
<SP HEIGHT="46" HPOS="842" VPOS="2953" WIDTH="72" />
<String CONTENT="(34-7762)" HEIGHT="47" HPOS="915" VPOS="2952" WIDTH="248" />
</TextLine>
<TextLine HEIGHT="65" HPOS="209" STYLEREFS="StyleId-1A0E2987-5AEB-485F-8044-C4445329D607-" VPOS="3055" WIDTH="947">
<String CONTENT="Cole," HEIGHT="64" HPOS="209" VPOS="3056" WIDTH="150" />
<SP HEIGHT="64" HPOS="360" VPOS="3056" WIDTH="28" />
<String CONTENT="Arthur" HEIGHT="54" HPOS="389" VPOS="3055" WIDTH="230" />
<SP HEIGHT="51" HPOS="620" VPOS="3057" WIDTH="29" />
<String CONTENT="Harrison," HEIGHT="64" HPOS="650" VPOS="3055" WIDTH="305" />
<SP HEIGHT="59" HPOS="956" VPOS="3060" WIDTH="31" />
<String CONTENT="1889-" HEIGHT="48" HPOS="988" VPOS="3059" WIDTH="168" />
</TextLine>
<TextLine CS="1" HEIGHT="147" HPOS="209" STYLEREFS="StyleId-7D764F04-0141-4574-9116-DF90426C1205-" VPOS="3129" WIDTH="1983">
<String CONTENT="A" HEIGHT="52" HPOS="276" VPOS="3130" WIDTH="55" />
<SP HEIGHT="53" HPOS="332" VPOS="3130" WIDTH="29" />
<String CONTENT="manual" HEIGHT="49" HPOS="362" VPOS="3134" WIDTH="230" />
<SP HEIGHT="49" HPOS="593" VPOS="3134" WIDTH="32" />
<String CONTENT="of" HEIGHT="52" HPOS="626" VPOS="3131" WIDTH="64" />
<SP HEIGHT="53" HPOS="691" VPOS="3131" WIDTH="29" />
<String CONTENT="thesis-writing" HEIGHT="68" HPOS="721" VPOS="3131" WIDTH="436" />
<SP HEIGHT="68" HPOS="1158" VPOS="3131" WIDTH="32" />
<String CONTENT="for" HEIGHT="52" HPOS="1191" VPOS="3131" WIDTH="93" />
<SP HEIGHT="49" HPOS="1285" VPOS="3150" WIDTH="32" />
<String CONTENT="graduates" HEIGHT="67" HPOS="1318" VPOS="3132" WIDTH="307" />
<SP HEIGHT="34" HPOS="1626" VPOS="3149" WIDTH="31" />
<String CONTENT="and" HEIGHT="52" HPOS="1658" VPOS="3131" WIDTH="111" />
<SP HEIGHT="52" HPOS="1770" VPOS="3131" WIDTH="33" />
<String CONTENT="undergraduates," HEIGHT="146" HPOS="209" VPOS="3129" WIDTH="1961" />
<SP HEIGHT="65" HPOS="343" VPOS="3210" WIDTH="35" />
<String CONTENT="by" HEIGHT="66" HPOS="379" VPOS="3210" WIDTH="74" />
<SP HEIGHT="67" HPOS="454" VPOS="3209" WIDTH="36" />
<String CONTENT="Arthur" HEIGHT="51" HPOS="491" VPOS="3209" WIDTH="223" />
<SP HEIGHT="51" HPOS="715" VPOS="3209" WIDTH="36" />
<String CONTENT="H." HEIGHT="51" HPOS="752" VPOS="3209" WIDTH="77" />
<SP HEIGHT="54" HPOS="830" VPOS="3208" WIDTH="40" />
<String CONTENT="Cole" HEIGHT="54" HPOS="871" VPOS="3208" WIDTH="133" />
<SP HEIGHT="32" HPOS="1005" VPOS="3229" WIDTH="43" />
<String CONTENT="&#8230;" CS="1" />
<SP HEIGHT="33" HPOS="1104" VPOS="3227" WIDTH="44" />
<String CONTENT="and" HEIGHT="51" HPOS="1149" VPOS="3209" WIDTH="111" />
<SP HEIGHT="52" HPOS="1261" VPOS="3208" WIDTH="38" />
<String CONTENT="Karl" HEIGHT="52" HPOS="1300" VPOS="3208" WIDTH="147" />
<SP HEIGHT="52" HPOS="1448" VPOS="3209" WIDTH="37" />
<String CONTENT="W." HEIGHT="52" HPOS="1486" VPOS="3209" WIDTH="89" />
<SP HEIGHT="50" HPOS="1576" VPOS="3210" WIDTH="41" />
<String CONTENT="Bigelow" HEIGHT="68" HPOS="1618" VPOS="3208" WIDTH="255" />
<SP HEIGHT="32" HPOS="1874" VPOS="3226" WIDTH="45" />
<String CONTENT="&#8230;" CS="1" />
<SP HEIGHT="51" HPOS="1976" VPOS="3207" WIDTH="80" />
<String CONTENT="New" HEIGHT="51" HPOS="2057" VPOS="3207" WIDTH="135" />
</TextLine>
<TextLine HEIGHT="69" HPOS="208" STYLEREFS="StyleId-7D764F04-0141-4574-9116-DF90426C1205-" VPOS="3284" WIDTH="1985">
<String CONTENT="York," HEIGHT="68" HPOS="208" VPOS="3285" WIDTH="178" />
<SP HEIGHT="67" HPOS="387" VPOS="3286" WIDTH="22" />
<String CONTENT="J." HEIGHT="53" HPOS="410" VPOS="3286" WIDTH="54" />
<SP HEIGHT="53" HPOS="465" VPOS="3286" WIDTH="23" />
<String CONTENT="Wiley" HEIGHT="54" HPOS="489" VPOS="3286" WIDTH="190" />
<SP HEIGHT="51" HPOS="680" VPOS="3289" WIDTH="21" />
<String CONTENT="&amp;" HEIGHT="49" HPOS="702" VPOS="3289" WIDTH="45" />
<SP HEIGHT="50" HPOS="748" VPOS="3289" WIDTH="20" />
<String CONTENT="sons," HEIGHT="48" HPOS="769" VPOS="3305" WIDTH="144" />
<SP HEIGHT="66" HPOS="914" VPOS="3287" WIDTH="21" />
<String CONTENT="inc.;" HEIGHT="65" HPOS="936" VPOS="3287" WIDTH="135" />
<SP HEIGHT="66" HPOS="1072" VPOS="3286" WIDTH="23" />
<String CONTENT="London," HEIGHT="66" HPOS="1096" VPOS="3286" WIDTH="256" />
<SP HEIGHT="67" HPOS="1353" VPOS="3285" WIDTH="26" />
<String CONTENT="Chapman" HEIGHT="67" HPOS="1380" VPOS="3285" WIDTH="297" />
<SP HEIGHT="51" HPOS="1678" VPOS="3286" WIDTH="25" />
<String CONTENT="&amp;" HEIGHT="49" HPOS="1704" VPOS="3286" WIDTH="45" />
<SP HEIGHT="51" HPOS="1750" VPOS="3285" WIDTH="20" />
<String CONTENT="Hall," HEIGHT="67" HPOS="1771" VPOS="3285" WIDTH="160" />
<SP HEIGHT="67" HPOS="1932" VPOS="3285" WIDTH="23" />
<String CONTENT="limited." HEIGHT="52" HPOS="1956" VPOS="3284" WIDTH="237" />
</TextLine>
<TextLine HEIGHT="50" HPOS="210" STYLEREFS="StyleId-7D764F04-0141-4574-9116-DF90426C1205-" VPOS="3365" WIDTH="149">
<String CONTENT="1934." HEIGHT="50" HPOS="210" VPOS="3365" WIDTH="149" />
</TextLine>
<TextLine CS="1" HEIGHT="50" HPOS="276" VPOS="3433" WIDTH="1127">
<String CONTENT="2" HEIGHT="38" HPOS="276" VPOS="3434" WIDTH="27" />
<SP HEIGHT="48" HPOS="304" VPOS="3434" WIDTH="20" />
<String CONTENT="p." HEIGHT="37" HPOS="325" VPOS="3445" WIDTH="43" />
<SP HEIGHT="38" HPOS="369" VPOS="3436" WIDTH="26" />
<String CONTENT="l.," CS="1" HEIGHT="7" HPOS="415" VPOS="3469" WIDTH="7" />
<SP HEIGHT="41" HPOS="438" VPOS="3435" WIDTH="27" />
<String CONTENT="iii-ix," HEIGHT="48" HPOS="466" VPOS="3435" WIDTH="149" />
<SP HEIGHT="47" HPOS="616" VPOS="3436" WIDTH="25" />
<String CONTENT="48" HEIGHT="39" HPOS="642" VPOS="3436" WIDTH="57" />
<SP HEIGHT="47" HPOS="700" VPOS="3436" WIDTH="21" />
<String CONTENT="p." HEIGHT="37" HPOS="722" VPOS="3446" WIDTH="42" />
<SP HEIGHT="38" HPOS="765" VPOS="3437" WIDTH="60" />
<String CONTENT="illus." HEIGHT="39" HPOS="826" VPOS="3437" WIDTH="126" />
<SP HEIGHT="40" HPOS="953" VPOS="3436" WIDTH="58" />
<String CONTENT="21&#189;" CS="1" HEIGHT="39" HPOS="1012" VPOS="3435" WIDTH="56" />
<String CONTENT="cm" HEIGHT="22" HPOS="1100" STYLE="superscript" VPOS="3437" WIDTH="44" />
<String CONTENT="." HEIGHT="8" HPOS="1149" VPOS="3467" WIDTH="7" />
<SP HEIGHT="50" HPOS="1157" VPOS="3433" WIDTH="117" />
<String CONTENT="$0.75" HEIGHT="50" HPOS="1275" VPOS="3433" WIDTH="128" />
</TextLine>
<TextLine HEIGHT="50" HPOS="277" VPOS="3489" WIDTH="641">
<String CONTENT="Bibliography" HEIGHT="50" HPOS="277" VPOS="3489" WIDTH="346" />
<SP HEIGHT="37" HPOS="624" VPOS="3502" WIDTH="17" />
<String CONTENT=":" HEIGHT="28" HPOS="642" VPOS="3502" WIDTH="7" />
<SP HEIGHT="37" HPOS="650" VPOS="3502" WIDTH="34" />
<String CONTENT="p." HEIGHT="37" HPOS="685" VPOS="3502" WIDTH="42" />
<SP HEIGHT="39" HPOS="728" VPOS="3492" WIDTH="33" />
<String CONTENT="47-48." HEIGHT="40" HPOS="762" VPOS="3492" WIDTH="156" />
</TextLine>
<TextLine CS="1" HEIGHT="109" HPOS="213" VPOS="3545" WIDTH="1963">
<String CONTENT="&#169;" HEIGHT="51" HPOS="213" VPOS="3545" WIDTH="50" />
<SP HEIGHT="51" HPOS="264" VPOS="3545" WIDTH="29" />
<String CONTENT="Mar." HEIGHT="37" HPOS="294" VPOS="3551" WIDTH="121" />
<SP HEIGHT="38" HPOS="416" VPOS="3550" WIDTH="27" />
<String CONTENT="26." HEIGHT="39" HPOS="444" VPOS="3550" WIDTH="68" />
<SP HEIGHT="38" HPOS="513" VPOS="3551" WIDTH="29" />
<String CONTENT="1934;" HEIGHT="40" HPOS="543" VPOS="3549" WIDTH="138" />
<SP HEIGHT="38" HPOS="682" VPOS="3550" WIDTH="31" />
<String CONTENT="2c." HEIGHT="39" HPOS="714" VPOS="3550" WIDTH="64" />
<SP HEIGHT="37" HPOS="779" VPOS="3551" WIDTH="31" />
<String CONTENT="Mar." HEIGHT="40" HPOS="811" VPOS="3551" WIDTH="120" />
<SP HEIGHT="40" HPOS="932" VPOS="3551" WIDTH="29" />
<String CONTENT="27:" HEIGHT="38" HPOS="962" VPOS="3551" WIDTH="81" />
<SP HEIGHT="29" HPOS="1044" VPOS="3560" WIDTH="32" />
<String CONTENT="aff." HEIGHT="40" HPOS="1077" VPOS="3549" WIDTH="79" />
<SP HEIGHT="38" HPOS="1157" VPOS="3551" WIDTH="30" />
<String CONTENT="Mar." HEIGHT="37" HPOS="1188" VPOS="3551" WIDTH="120" />
<SP HEIGHT="38" HPOS="1309" VPOS="3550" WIDTH="29" />
<String CONTENT="28:" HEIGHT="39" HPOS="1339" VPOS="3550" WIDTH="82" />
<SP HEIGHT="39" HPOS="1422" VPOS="3550" WIDTH="31" />
<String CONTENT="A" HEIGHT="38" HPOS="1454" VPOS="3550" WIDTH="41" />
<SP HEIGHT="39" HPOS="1496" VPOS="3550" WIDTH="27" />
<String CONTENT="70854" HEIGHT="39" HPOS="1524" VPOS="3550" WIDTH="143" />
<SP HEIGHT="39" HPOS="1668" VPOS="3550" WIDTH="17" />
<String CONTENT=":" HEIGHT="29" HPOS="1686" VPOS="3560" WIDTH="7" />
<SP HEIGHT="39" HPOS="1694" VPOS="3550" WIDTH="32" />
<String CONTENT="A." HEIGHT="39" HPOS="1727" VPOS="3550" WIDTH="52" />
<SP HEIGHT="39" HPOS="1780" VPOS="3550" WIDTH="30" />
<String CONTENT="H." HEIGHT="38" HPOS="1811" VPOS="3550" WIDTH="60" />
<SP HEIGHT="40" HPOS="1872" VPOS="3549" WIDTH="31" />
<String CONTENT="Cole." HEIGHT="40" HPOS="1904" VPOS="3549" WIDTH="124" />
<SP HEIGHT="40" HPOS="2029" VPOS="3548" WIDTH="31" />
<String CONTENT="Cambridge," HEIGHT="106" HPOS="279" VPOS="3548" WIDTH="1897" />
</TextLine>
<TextLine HEIGHT="47" HPOS="488" VPOS="3606" WIDTH="1351">
<String CONTENT="Mass.," HEIGHT="44" HPOS="488" VPOS="3607" WIDTH="159" />
<SP HEIGHT="34" HPOS="648" VPOS="3617" WIDTH="30" />
<String CONTENT="and" HEIGHT="38" HPOS="679" VPOS="3607" WIDTH="93" />
<SP HEIGHT="38" HPOS="773" VPOS="3607" WIDTH="29" />
<String CONTENT="Karl" HEIGHT="38" HPOS="803" VPOS="3608" WIDTH="121" />
<SP HEIGHT="40" HPOS="925" VPOS="3606" WIDTH="27" />
<String CONTENT="TV." HEIGHT="41" HPOS="953" VPOS="3606" WIDTH="71" />
<SP HEIGHT="40" HPOS="1025" VPOS="3607" WIDTH="29" />
<String CONTENT="Bigelow." HEIGHT="47" HPOS="1055" VPOS="3606" WIDTH="224" />
<SP HEIGHT="39" HPOS="1280" VPOS="3607" WIDTH="29" />
<String CONTENT="Buffalo." HEIGHT="40" HPOS="1310" VPOS="3606" WIDTH="208" />
<SP HEIGHT="46" HPOS="1519" VPOS="3607" WIDTH="71" />
<String CONTENT="(34-7793)" HEIGHT="47" HPOS="1591" VPOS="3606" WIDTH="248" />
</TextLine>
<TextLine HEIGHT="69" HPOS="212" STYLEREFS="StyleId-7D764F04-0141-4574-9116-DF90426C1205-" VPOS="3691" WIDTH="1059">
<String CONTENT="Collings," HEIGHT="67" HPOS="212" VPOS="3691" WIDTH="273" />
<SP HEIGHT="62" HPOS="486" VPOS="3696" WIDTH="34" />
<String CONTENT="Gilbeart" HEIGHT="55" HPOS="521" VPOS="3694" WIDTH="262" />
<SP HEIGHT="53" HPOS="784" VPOS="3696" WIDTH="31" />
<String CONTENT="Hooper," HEIGHT="64" HPOS="816" VPOS="3696" WIDTH="250" />
<SP HEIGHT="61" HPOS="1067" VPOS="3699" WIDTH="34" />
<String CONTENT="1895-" HEIGHT="49" HPOS="1102" VPOS="3699" WIDTH="169" />
</TextLine>
<TextLine HEIGHT="70" HPOS="280" STYLEREFS="StyleId-7D764F04-0141-4574-9116-DF90426C1205-" VPOS="3770" WIDTH="1913">
<String CONTENT="Commercial" HEIGHT="55" HPOS="280" VPOS="3770" WIDTH="371" />
<SP HEIGHT="52" HPOS="652" VPOS="3772" WIDTH="40" />
<String CONTENT="fertilizers;" HEIGHT="68" HPOS="693" VPOS="3772" WIDTH="332" />
<SP HEIGHT="60" HPOS="1026" VPOS="3780" WIDTH="43" />
<String CONTENT="their" HEIGHT="51" HPOS="1070" VPOS="3774" WIDTH="147" />
<SP HEIGHT="33" HPOS="1218" VPOS="3793" WIDTH="38" />
<String CONTENT="sources" HEIGHT="35" HPOS="1257" VPOS="3791" WIDTH="220" />
<SP HEIGHT="34" HPOS="1478" VPOS="3792" WIDTH="38" />
<String CONTENT="and" HEIGHT="51" HPOS="1517" VPOS="3775" WIDTH="111" />
<SP HEIGHT="51" HPOS="1629" VPOS="3775" WIDTH="37" />
<String CONTENT="use," HEIGHT="40" HPOS="1667" VPOS="3792" WIDTH="112" />
<SP HEIGHT="59" HPOS="1780" VPOS="3773" WIDTH="36" />
<String CONTENT="by" HEIGHT="64" HPOS="1817" VPOS="3773" WIDTH="75" />
<SP HEIGHT="65" HPOS="1893" VPOS="3772" WIDTH="39" />
<String CONTENT="Gilbeart" HEIGHT="56" HPOS="1933" VPOS="3770" WIDTH="260" />
</TextLine>
<TextLine CS="1" HEIGHT="68" HPOS="208" STYLEREFS="StyleId-7D764F04-0141-4574-9116-DF90426C1205-" VPOS="3848" WIDTH="1984">
<String CONTENT="H." HEIGHT="52" HPOS="208" VPOS="3848" WIDTH="74" />
<SP HEIGHT="54" HPOS="283" VPOS="3849" WIDTH="30" />
<String CONTENT="Collings" HEIGHT="68" HPOS="314" VPOS="3848" WIDTH="257" />
<SP HEIGHT="32" HPOS="572" VPOS="3870" WIDTH="31" />
<String CONTENT="&#8230;" CS="1" />
<SP HEIGHT="49" HPOS="658" VPOS="3854" WIDTH="79" />
<String CONTENT="85" HEIGHT="49" HPOS="738" VPOS="3854" WIDTH="63" />
<SP HEIGHT="53" HPOS="802" VPOS="3850" WIDTH="29" />
<String CONTENT="illustrations." HEIGHT="54" HPOS="832" VPOS="3850" WIDTH="391" />
<SP HEIGHT="51" HPOS="1224" VPOS="3852" WIDTH="74" />
<String CONTENT="Philadelphia," HEIGHT="65" HPOS="1299" VPOS="3850" WIDTH="423" />
<SP HEIGHT="51" HPOS="1723" VPOS="3852" WIDTH="27" />
<String CONTENT="P." HEIGHT="50" HPOS="1751" VPOS="3852" WIDTH="63" />
<SP HEIGHT="50" HPOS="1815" VPOS="3852" WIDTH="30" />
<String CONTENT="Blakiston&#8217;s" HEIGHT="53" HPOS="1846" VPOS="3848" WIDTH="346" />
</TextLine>
<TextLine CS="1" HEIGHT="66" HPOS="208" STYLEREFS="StyleId-7D764F04-0141-4574-9116-DF90426C1205-" VPOS="3927" WIDTH="656">
<String CONTENT="son" HEIGHT="35" HPOS="208" VPOS="3942" WIDTH="98" />
<SP HEIGHT="49" HPOS="307" VPOS="3930" WIDTH="29" />
<String CONTENT="&amp;" HEIGHT="49" HPOS="337" VPOS="3930" WIDTH="43" />
<SP HEIGHT="49" HPOS="381" VPOS="3930" WIDTH="27" />
<String CONTENT="co.," HEIGHT="48" HPOS="409" VPOS="3945" WIDTH="95" />
<SP HEIGHT="66" HPOS="505" VPOS="3927" WIDTH="26" />
<String CONTENT="inc." HEIGHT="54" HPOS="532" VPOS="3927" WIDTH="105" />
<SP HEIGHT="60" HPOS="638" VPOS="3933" WIDTH="34" />
<String CONTENT="[c1934]" CS="1" HEIGHT="58" HPOS="713" VPOS="3932" WIDTH="151" />
</TextLine>
</TextBlock>
</PrintSpace>
</Page>
</Layout>
</alto>