2350 4196
1162 4005 32 47 4

188 361 256 54 Colonial
472 362 459 64 Williamsburg,
961 363 111 54 inc.

254 438 1857 71 An album of Williamsburg restoration photographs …
185 516 1986 71 v. 1. Compiled by Colonial Williamsburg, incorporated.
183 595 453 67 Williamsburg,
665 596 123 56 Va.,
818 598 150 49 1933.

258 667 1120 49 [190] p. incl. mounted photos. 52 × 30½ cm .
254 722 284 41 Loose-leaf.

257 778 181 41 “These
472 777 147 41 views
654 788 126 30 were
812 780 145 38 taken
993 781 51 37 at
1080 779 158 40 stated
1274 779 235 40 intervals
1544 779 50 39 in
1630 780 140 39 order
1806 782 48 37 to
1894 780 165 40 record
2094 779 82 40 the

187 842 299 38 appearance
519 834 52 40 of
601 834 244 47 buildings
876 835 95 38 and
1003 834 267 47 properties
1302 834 165 41 before
1502 835 293 40 restoration
1831 836 93 39 and
1959 839 48 37 to
2042 836 136 40 show

187 889 80 40 the
298 900 222 37 progress
552 891 51 39 of
635 891 116 39 such
783 890 132 40 work
949 890 144 40 while
1126 891 135 39 these
1292 891 268 47 properties
1594 900 125 32 were
1752 892 298 47 undergoing
184 902 1974 85 restoration.”—Foreword.

187 1001 1969 109 © Dec. 30. 1933; 2c. and aff. Jan. 2, 1934 ; A 67833 ; Colonial Williamsburg.
422 1063 103 39 inc..
562 1062 377 46 Williamsburg.
1021 1072 40 28 Va.
1133 1061 218 48 (34-640)

187 1164 302 54 Columbia
519 1164 350 63 university.
943 1167 184 51 Press.

258 1240 296 53 Columbia
598 1242 190 54 books.
832 1244 335 49 1893-1933:
1212 1261 27 32 a
1283 1241 645 62 dictionary-catalogue
1967 1241 61 53 of

187 1242 1962 130 Columbia
434 1320 315 66 university
783 1338 156 49 press
972 1320 398 67 publications,
1403 1320 279 67 compiled
1714 1319 74 66 by
1819 1319 253 52 Edward
2103 1320 70 51 A.

244 1397 1931 67 Noyes and Henry M. Silver, II … New York, Columbia
184 1475 318 54 university
534 1494 155 49 press
727 1479 170 63 [1933]

260 1547 112 50 [247]
405 1560 41 36 p.
505 1550 127 39 illus.
691 1549 55 38 25½
780 1551 44 20 cm
830 1582 6 6 .

255 1607 289 39 Annotated.

258 1663 325 47 Appendices:
620 1674 43 27 a.
700 1664 99 37 The
834 1662 239 39 romantic
1107 1666 281 43 movement,
1427 1674 53 28 as
1516 1663 309 46 represented
1861 1663 49 37 in
1947 1663 81 38 the
184 1662 1973 98 publications

462 1720 51 39 of
565 1720 248 39 Columbia
866 1720 270 45 university
1188 1728 146 38 press,
1388 1721 62 45 by
1500 1719 159 40 Hoxie
1710 1720 149 39 Neale
1912 1717 263 41 Fairchild.

184 1787 38 29 b.
254 1777 412 47 Historiography
695 1777 51 39 of
775 1777 234 45 America,
1042 1776 272 40 1600-1800.
1348 1788 53 28 as
1433 1778 309 46 represented
1772 1777 50 38 in
1854 1777 81 39 the
186 1776 1971 96 publications

340 1834 50 38 of
417 1833 247 40 Columbia
694 1833 272 46 university
992 1844 148 36 press,
1169 1834 58 46 by
1255 1833 214 39 Richard
1496 1834 52 38 B.
1578 1833 191 41 Morris.

190 1887 1988 51 © Nov. 6. 1933; 2c. Jan. 6, 1934; aff. Jan. 13: A 68887; Columbia univ.
258 1957 146 37 press.
477 1947 190 47 (34-59)

191 2045 1986 74 Compton’s pictured encyclopedia … to inspire ambition, to
253 2128 287 53 stimulate
585 2129 94 51 the
724 2129 396 67 imagination,
1162 2135 56 46 to
1263 2128 235 68 provide
1543 2129 93 51 the
1682 2128 292 68 inquiring
2018 2129 158 52 mind

255 2206 140 52 with
431 2211 258 47 accurate
726 2206 374 52 information
1136 2207 121 51 told
1292 2207 60 51 in
1390 2224 71 33 an
1498 2205 334 69 interesting
1868 2207 161 66 style,
2066 2207 111 51 and

255 2284 129 52 thus
417 2284 126 52 lead
577 2285 120 51 into
729 2284 241 53 broader
1002 2284 161 52 fields
1194 2283 64 52 of
1289 2284 348 67 knowledge,
1670 2284 134 52 such
1837 2285 46 51 is
1916 2285 96 51 the
255 2302 1898 127 purpose

432 2362 64 53 of
539 2362 114 53 this
698 2362 171 51 work.
948 2361 267 68 Chicago,
1259 2361 64 52 F.
1370 2363 66 50 E.
1484 2360 280 68 Compton
1810 2363 46 50 &
1899 2378 278 50 company

260 2474 11 33 [
278 2447 17 20 c
301 2443 135 49 1934
439 2473 12 33 ]

260 2516 53 38 15
348 2526 40 27 v.
453 2514 174 40 fronts,
657 2514 63 47 (v.
758 2514 97 46 1-3,
892 2513 139 46 5-15;
1070 2515 110 45 part
1215 2512 109 46 col.)
1371 2512 127 39 illus.
1528 2513 131 47 (part
1696 2514 114 44 col.;
1848 2511 109 40 incl.
1996 2510 176 44 music)

187 2573 82 37 col.
369 2602 8 16 pl.,
406 2573 162 45 ports.,
597 2580 135 37 maps
762 2571 133 47 (part
924 2569 196 47 double)
1157 2569 178 47 diagrs.
1391 2569 56 39 26
1450 2571 42 21 cm
1499 2601 8 8 .

257 2628 287 39 Illustrated
577 2626 360 48 lining-papers.

257 2682 418 41 Editor-in-chief:
711 2683 105 47 Guy
852 2682 205 41 Stanton
1091 2682 139 40 Ford.

257 2740 223 40 Includes
514 2739 389 48 bibliographies.

191 2793 1984 51 © Jan. 2. 1934; 2c. each and aff. Jan. 6: A 68757 : F. E. Compton & co.
264 2850 68 53 t©
358 2853 258 40 additions,
645 2854 209 46 changes
880 2853 94 38 and
1001 2852 306 46 corrections]
1381 2850 219 47 (34-546)

191 2942 245 63 Cornell,
467 2945 136 51 Mrs.
633 2943 167 51 Edna
831 2942 65 53 G.

257 3020 317 54 Christmas
603 3023 57 47 at
688 3018 93 52 the
809 3017 228 53 desert’s
1065 3018 155 67 edge,
1248 3017 110 52 and
1386 3016 160 52 other
1572 3015 216 68 stories,
1813 3016 75 66 by
1913 3015 168 51 Edna
2108 3013 67 54 G.

187 3098 244 54 Cornell.
509 3097 232 64 Boston,
773 3095 236 52 Meador
1043 3094 331 67 publishing
1405 3112 295 48 company,
1734 3096 148 48 1933.

257 3171 85 40 107
371 3181 44 38 p.
474 3170 55 39 21
533 3171 44 22 cm
582 3201 8 9 .

524 3257 7 7 CONTENTS.
549 3249 59 5 —
625 3225 271 41 Christmas
941 3227 52 37 at
1037 3225 80 38 the
1161 3222 199 41 desert’s
1405 3224 127 47 edge.
1552 3246 57 4 —
1627 3223 100 38 The
1770 3221 173 39 bronze
1987 3219 189 41 alibi.—

189 3285 176 47 Strong
398 3282 377 41 waters.—Fate
808 3281 107 48 flips
952 3282 81 38 the
1065 3279 222 41 coin.—A
1320 3279 101 40 kiss
1456 3279 48 39 in
1541 3280 80 39 the
1655 3276 520 49 night.—Yesterday’s

184 3337 556 52 pardner.—Madman's
764 3336 717 41 moon.—Cinderelinor.—Old
1504 3337 93 38 and
1621 3344 102 30 new
1747 3335 112 37 New
1886 3333 285 43 England.—

188 3398 130 40 Obed
350 3397 258 40 Thatcher.

190 3453 50 51 ©
273 3457 109 38 Dec.
416 3454 38 47 5,
486 3453 140 40 1933;
659 3453 66 39 2c.
757 3453 110 38 Dec.
901 3451 80 45 18;
1017 3449 79 40 aff.
1132 3450 106 39 Jan.
1271 3449 39 46 9,
1343 3449 139 45 1934;
1518 3449 41 38 A
1591 3447 168 46 68800;
1796 3448 50 38 E.
1883 3446 50 40 G.
1969 3445 203 44 Cornell,

256 3513 195 39 Boston.
525 3509 219 50 (34-686)

191 3600 267 63 Cornish,
490 3601 225 62 George
745 3597 272 54 William.

261 3676 241 54 Cornish
535 3677 61 51 of
626 3676 126 51 “the
784 3673 213 54 Yard”.
1069 3674 363 65 [Instalment
1460 3677 45 60 5]
1542 3671 306 67 Smashing
1876 3670 92 52 the
187 3685 1964 121 gangsters.

264 3828 80 42 (In
376 3823 251 48 Answers,
660 3823 125 42 Nov.
818 3823 70 49 11,
923 3821 143 48 1933)

190 3879 50 51 ©
270 3885 65 39 1c.
365 3884 108 39 Jan.
502 3885 38 39 2.
570 3883 139 40 1934;
741 3883 40 37 A
809 3883 60 38 ad
899 3881 85 39 int.
1013 3881 168 39 18549:
1213 3881 142 46 pubd.
1384 3880 116 39 Nov.
1532 3879 38 40 3.
1600 3878 139 41 1933;
1773 3877 52 39 G.
1854 3876 70 39 W.
1956 3871 217 46 Cornish,

258 3940 208 39 London.
