2350 4196
1164 4086 94 48 109

215 505 160 38 “First
406 499 224 42 edition.’’

150 573 51 50 ©
234 575 109 38 Feb.
376 574 39 46 8,
449 572 139 39 1934;
622 570 68 39 2c.
722 569 94 39 and
852 565 80 40 aff.
967 564 111 39 Feb.
1111 563 55 37 12;
1227 560 42 38 A
1329 558 142 40 69394;
1557 557 210 38 Harcourt.
1805 555 153 37 Brace
1991 554 38 40 &
2060 562 82 36 co.,

214 631 87 40 inc.
375 625 279 50 (34-27006)

149 728 182 65 Stine,
362 728 257 51 Thomas
648 725 230 62 Young.

222 803 366 66 Jamestown,
619 819 30 33 a
680 799 158 54 short
866 798 222 67 history
1120 794 61 54 of
1210 793 95 53 the
1336 793 156 67 early
1524 792 140 67 clays
1694 789 60 53 in
1785 788 368 67 Jamestown,

154 865 1999 81 North Dakota … by Tom Stine … [Jamestown, N. D., Morris
157 959 262 69 printing
448 976 98 47 co.]
581 962 17 21 c
605 957 150 53 1933.

227 1050 145 49 [3]-54
402 1058 44 37 p.
506 1047 126 38 illus.
662 1044 134 49 (incl.
827 1042 173 49 ports.)
1069 1040 55 39 28½
1157 1041 42 22 cm
1207 1070 6 8 .

230 1120 70 40 On
332 1129 139 29 cover:
538 1112 334 44 Jamestown’s
904 1112 183 39 fiftieth
1121 1109 320 47 anniversary
1475 1106 175 41 official
1680 1116 226 38 program
1939 1106 94 38 and
157 1104 1986 120 history,
307 1175 274 40 1883-1933.

232 1233 223 40 Includes
484 1228 303 48 advertising
816 1228 192 39 matter.

167 1300 50 50 ©
246 1303 126 47 Sept.
397 1301 68 41 25.
493 1300 111 40 1933;
659 1299 65 38 2c.
752 1297 93 39 and
870 1295 80 40 aff.
978 1295 108 40 Jan.
1114 1294 67 46 25,
1208 1293 139 45 1934;
1377 1293 40 37 A
1472 1290 141 47 70012;
1642 1291 51 38 T.
1721 1291 51 37 Y.
1804 1289 147 39 Stine.
231 1288 1913 118 Jamestown,
404 1357 53 39 N.
492 1358 53 37 D.
618 1353 250 50 (34-2191)

162 1458 441 65 Tannenbaum,
634 1457 217 65 Frank,
884 1459 170 49 1893-

233 1535 268 55 Whither
535 1534 173 52 Latin
744 1531 300 55 America?
1119 1531 95 52 An
1250 1528 391 55 introduction
1680 1535 56 46 to
1775 1528 72 53 its
1885 1525 284 55 economic

168 1615 111 52 and
326 1614 172 53 social
545 1611 284 69 problems
899 1611 91 68 [by]
1045 1608 196 53 Frank
1289 1607 428 53 Tannenbaum.
1803 1606 138 53 New
1989 1603 180 70 York,

168 1689 944 69 Thomas Y. Crowell co. [ c 1934]
240 1765 84 39 xix
349 1775 57 37 p.,
432 1765 22 38 1
505 1796 21 15 l.,
555 1762 84 41 185
665 1772 42 38 p.
768 1761 52 39 21
828 1764 15 21 cm
877 1795 6 7 .

175 1832 52 51 ©
253 1835 107 42 Jan.
386 1836 68 41 30.
481 1833 113 41 1934;
650 1836 66 37 2c.
743 1833 110 40 Feb.
879 1834 26 37 2;
960 1832 82 39 aff.
1070 1831 109 41 Feb.
1206 1833 17 36 1;
1287 1831 40 38 A
1354 1830 142 40 70094;
1551 1830 212 41 Thomas
1791 1831 51 38 Y.
1872 1829 202 41 Crowell
2103 1840 67 28 co.

248 1891 249 49 (34-2126)

173 1995 208 53 Texas.
457 1996 183 65 Laws,
671 2000 257 62 statutes,
961 2000 99 46 etc.

248 2072 275 54 Vernon’s
565 2071 308 54 annotated
915 2071 241 53 Devised
1197 2071 134 53 civil
1374 2072 110 51 and
1527 2071 262 52 criminal
1832 2075 238 50 statutes
2112 2071 62 50 of

179 2151 92 51 the
300 2154 145 51 state
474 2151 61 51 of
565 2151 198 52 Texas.
840 2151 280 67 January,
1153 2152 149 65 1934,
1331 2150 344 53 cumulative
1707 2150 313 67 pamphlet,
181 2167 1968 130 containing
434 2230 75 50 all
538 2230 135 51 laws
702 2228 62 52 of
793 2247 25 32 a
851 2230 229 65 general
1109 2229 111 52 and
1249 2236 332 59 permanent
1610 2235 201 46 nature
1842 2229 61 51 of
1932 2230 93 51 the
2056 2226 119 53 first

181 2302 1974 308 called session of the 43rd legislature. Constitutional amendments adopted Aug. 26, 1933. with annotations and with cumulative table and index … Kansas City, Vernon law book company [ c 1933]
254 2614 579 50 1 p. l., 5-328 p. 24 cm .
191 2682 50 50 ©
269 2686 109 40 Dec.
403 2688 40 43 4,
470 2686 113 39 1933;
640 2687 63 38 2c.
732 2686 94 40 and
853 2686 80 39 aff.
962 2687 109 39 Jan.
1099 2687 67 41 19.
1193 2686 113 40 1934;
1364 2689 38 36 A
1430 2687 141 41 69083;
1630 2689 192 40 Vernon
1850 2691 94 37 law
1973 2690 119 38 book
2120 2700 51 28 co.

189 2788 186 65 Trow,
404 2787 254 55 William
689 2790 194 65 Clark,
916 2792 170 49 1894-
1300 2791 82 52 ed.

261 2863 310 55 Character
618 2864 301 55 education
966 2866 59 52 in
1073 2866 177 54 soviet
1299 2867 225 65 Russia,
1572 2865 189 54 edited
1807 2864 75 70 by
1930 2864 261 54 William

194 2940 176 55 Clark
406 2944 198 65 Trow;
646 2941 285 56 foreword
970 2944 75 68 by
1085 2942 220 71 George
1347 2943 56 55 S.
1447 2942 244 69 Counts;
1733 2941 346 56 translation
2118 2942 75 68 by

190 3019 148 54 Paul
359 3020 70 52 D.
456 3020 313 53 Kalachov.
830 3021 133 53 Ann
987 3021 208 68 Arbor,
1218 3021 193 68 Mich.,
1435 3021 135 53 Ann
1595 3021 190 54 Arbor
1809 3038 157 51 press
1997 3052 12 34 [
2014 3026 17 21 c
2038 3021 150 65 1934]

266 3106 84 42 199
376 3117 57 38 p.,
460 3108 23 38 1
533 3138 7 8 l.
601 3106 163 47 front.,
793 3107 215 42 facsims.
1069 3107 56 41 20
1128 3110 46 22 cm
1176 3138 9 11 .

535 3175 286 43 CONTENTS.—Editor’s
847 3177 355 41 introduction:
1234 3179 80 39 the
1342 3178 168 47 Young
1538 3178 195 47 pioneer
1759 3176 351 49 organization,
2141 3176 55 48 by

202 3230 68 42 W.
315 3230 49 42 C.
407 3232 320 41 Trow.—The
770 3235 337 39 communistic
1150 3234 255 41 education
1451 3235 52 39 of
1548 3233 171 50 Young
1759 3234 235 48 pioneers,
2041 3234 59 48 by
2148 3234 50 39 V.

203 3284 571 53 Hanchin.—Principles
809 3290 52 40 of
895 3290 201 41 Pioneer
1132 3289 514 51 organization.—The
1685 3290 97 41 role
1818 3292 51 38 of
1908 3292 81 39 the
2027 3289 172 46 leader,

199 3342 60 47 by
298 3343 37 42 I.
377 3343 589 52 Fiitzer.—Self-activity
1008 3349 93 38 and
1146 3349 78 39 the
1268 3347 203 40 Pioneer
1512 3347 142 48 activ,
1696 3347 61 47 by
1801 3347 62 40 M.
204 3346 1991 94 Reihrud.—Work
391 3400 118 41 with
553 3403 80 38 the
679 3401 258 42 children's
983 3405 142 44 activ,
1172 3403 57 46 by
1275 3403 54 41 A.
1375 3402 610 42 Prohvatilov.—Selected
200 3402 1979 102 bibliography
414 3468 58 28 on
505 3457 212 40 Russian
748 3460 257 40 education
1045 3460 66 48 (p.
1147 3458 138 52 [201])

210 3522 49 52 ©
291 3526 107 41 Jan.
430 3529 40 44 4,
502 3528 139 47 1934;
676 3530 65 40 2c.
774 3531 93 38 and
900 3531 81 39 aff.
1015 3532 109 39 Jan.
1157 3532 24 40 6;
1242 3533 42 38 A
1314 3532 169 45 68947;
1518 3534 70 38 W.
1624 3533 47 40 C.
1706 3534 153 39 Trow.
1894 3533 106 38 Ann
2033 3531 168 40 Arbor.

281 3582 250 50 (34-2124)

208 3684 276 70 Tugwell,
516 3688 263 56 Rexford
812 3690 150 67 Guy,
994 3695 171 50 1891-

279 3761 122 54 Our
426 3766 281 52 economic
732 3767 210 69 society
973 3770 109 52 and
1113 3770 70 53 its
1213 3771 309 67 problems;
1555 3790 26 32 a
1614 3770 169 70 study
1812 3770 63 53 of
1900 3769 305 55 American

214 3837 167 57 levels
420 3841 63 52 of
520 3842 184 70 living
741 3846 109 52 and
894 3846 124 52 how
1060 3854 56 45 to
1156 3848 254 67 improve
1451 3849 172 66 them,
1662 3849 76 67 by
1776 3847 258 54 Rexford
2077 3847 130 68 Guy

214 3911 1997 86 Tugwell … and Howard C. Hill … New York, Harcourt,
214 3990 868 81 Brace and company [ c 1934]
