2350 4196
1079 3996 130 47 1053

228 421 86 40 392
341 431 42 37 p.
440 422 177 46 diagrs.
676 422 55 39 20
735 424 43 20 cm
784 454 6 6 .

229 478 224 39 Includes
483 478 167 40 music.

161 530 50 51 ©
251 536 126 38 June
414 535 67 42 22,
520 534 139 43 1934;
700 536 65 39 2c.
806 537 94 38 and
939 535 78 40 aff.
1058 535 116 45 Aug.
1214 533 51 47 9;
1307 534 39 38 A
1384 534 170 40 74481:
1597 532 271 43 Whitmore
1905 535 37 39 &
1983 534 170 42 Smith.

227 592 264 39 Nashville.
564 591 279 49 (34-23803)

153 695 223 63 Dorris,
410 696 300 52 Jonathan
744 697 278 63 Truman,
1060 700 167 50 1883-

221 774 55 50 A
308 772 243 67 glimpse
585 779 58 46 at
673 772 238 56 historic
941 772 266 54 Madison
1240 777 206 61 county
1482 773 111 51 and
1626 773 342 65 Richmond,
163 773 1967 144 Kentucky,

381 850 71 67 by
482 850 291 52 Jonathan
805 851 249 49 Truman
1088 848 202 51 Dorris
1325 893 55 8 ...
1415 848 274 51 endorsed
1720 848 72 67 by
1824 848 94 53 the
1950 848 205 53 Daniel

153 928 193 53 Boone
371 929 380 53 bicentennial
780 929 374 66 commission,
1182 928 186 53 issued
1395 928 75 67 by
1494 928 97 52 the
1618 929 321 52 Richmond
154 929 1976 129 chamber

288 1007 63 52 of
392 1025 323 49 commerce,
753 1008 401 67 incorporated
1195 1007 112 52 and
1348 1006 93 53 the
1483 1006 267 53 Madison
1791 1012 209 62 county
153 1007 1976 130 historical
411 1086 228 67 society,

696 1085 417 69 incorporated,
1170 1085 340 67 Richmond,
1566 1084 323 68 Kentucky.
155 1085 1974 145 Richmond,
375 1165 132 64 Ky.,
540 1164 241 52 Printed
816 1165 72 65 by
922 1165 95 53 the
1051 1164 319 52 Richmond
1404 1163 159 66 daily
1597 1163 238 66 register
1869 1182 97 47 со.,
2003 1167 148 49 1934.

229 1232 26 40 3
285 1245 42 36 p.
393 1266 7 15 l.,
432 1234 54 39 65
513 1245 41 36 p.
613 1235 127 39 illus.
771 1234 132 47 (incl.
932 1235 161 47 ports.,
1124 1244 122 38 map,
1279 1235 138 46 plan)
1486 1234 53 41 23½
1574 1236 43 20 cm
1623 1268 8 7 .

229 1292 224 39 Includes
482 1293 136 38 short
645 1290 320 49 biographies.

157 1349 50 50 ©
237 1353 80 38 July
380 1353 67 40 30.
477 1353 114 39 1934;
646 1352 66 40 2c.
741 1354 91 37 and
865 1352 79 39 aff.
974 1352 117 46 Aug.
1121 1351 79 40 13:
1232 1351 38 38 A
1299 1349 170 48 73894;
1501 1351 43 40 J.
1573 1352 50 38 T.
1655 1352 185 46 Dorris,
1871 1351 282 47 Richmond,

272 1421 41 35 Ky.
389 1409 279 48 (34-24134)

153 1513 275 63 Douglas,
460 1514 163 54 Jack.

219 1589 277 53 Veterans
525 1608 70 34 on
624 1591 97 52 the
747 1591 212 66 march,
986 1591 74 66 by
1087 1589 146 56 Jack
1260 1591 285 65 Douglas;
1580 1590 285 53 foreword
1895 1590 74 67 by
1997 1590 153 55 John

149 1668 118 53 Dos
304 1668 220 51 Passos.
598 1669 138 52 New
775 1669 179 67 York,
988 1668 271 56 Workers
1295 1667 219 67 library
1553 1668 338 67 publishers,
1932 1670 148 50 1934.

227 1738 99 48 viii,
353 1738 86 41 376
466 1750 41 37 p.
563 1740 170 47 plates,
764 1742 148 45 ports.
966 1739 55 39 20
1025 1742 43 20 cm
1073 1772 8 8 .

228 1797 290 39 “Published
551 1797 79 39 for
665 1797 82 40 the
782 1797 236 38 Veterans
1052 1796 297 48 publication
1386 1797 182 48 society
1603 1798 60 46 by
1698 1797 231 40 Workers
1965 1797 186 47 library

159 1853 421 49 publishers.’”—p.
615 1854 75 49 [iv]

156 1912 50 51 ©
242 1917 118 46 Aug.
397 1916 37 45 8,
471 1913 140 47 1934;
648 1915 66 39 2c.
751 1915 117 46 Aug.
906 1914 79 47 13;
1025 1913 78 39 aff.
1142 1913 116 47 Aug.
1296 1913 81 47 10;
1416 1914 41 38 A
1493 1914 170 46 73851;
1703 1914 229 39 Workers
1968 1914 185 47 library

222 1973 287 47 publishers.
581 1971 279 48 (34-24131)

150 2064 195 64 Eiker,
373 2063 307 54 Mathilde.

217 2141 174 53 Heirs
446 2141 62 54 of
562 2142 138 51 Mrs.
755 2140 380 68 Willingdon,
1188 2159 32 32 a
1272 2140 165 52 novel
1491 2140 73 66 by
1617 2140 286 52 Mathilde
1957 2139 192 53 Eiker.

149 2220 232 54 Garden
416 2220 152 65 City,
603 2221 68 51 N.
710 2221 88 52 Y.,
836 2218 351 68 Doubleday,
1222 2221 198 50 Doran
1456 2220 46 49 &
1535 2237 97 48 со.,
1665 2220 127 65 inc.,
1831 2222 147 50 1934.

224 2292 522 50 6 p. l., 306 p. 20 cm .
252 2351 132 40 "First
414 2350 226 40 edition.”

155 2404 51 51 ©
240 2409 116 44 Aug.
390 2407 37 42 8.
461 2406 139 41 1934:
636 2407 66 38 2c.
736 2408 94 41 and
863 2405 80 40 aff.
976 2406 117 47 Aug.
1129 2405 79 40 16:
1244 2406 39 38 A
1316 2405 170 41 74549:
1524 2407 60 37 M.
1621 2405 161 39 Eiker.
1816 2405 334 48 Washington.

150 2554 237 64 Ekeley.
417 2554 154 54 John
602 2554 285 62 Bernard,
920 2556 170 51 1869-

220 2632 55 50 A
303 2631 330 66 laboratory
661 2630 231 51 manual
923 2628 63 53 of
1014 2628 300 70 inorganic
1342 2628 327 69 chemistry,
1700 2628 141 54 with
1871 2647 72 34 an
152 2628 1978 133 introduction

407 2716 57 44 to
490 2708 336 67 qualitative
852 2707 267 68 analysis,
1141 2708 74 68 by
1240 2706 157 55 John
1425 2708 67 51 B.
1518 2706 216 70 Ekeley
1767 2750 54 9 ...
1853 2712 58 47 to
153 2724 1973 130 accompany
336 2787 56 51 A
422 2791 119 47 text

572 2785 147 52 book
751 2784 63 52 of
845 2785 299 68 inorganic
1175 2784 324 69 chemistry,
1530 2784 76 69 by
1640 2784 70 54 A.
1743 2785 66 52 F.
1843 2784 310 53 Holleman

157 2906 54 7 ...
292 2865 97 51 4th
420 2864 82 52 ed.
568 2863 138 53 New
737 2862 180 67 York,
945 2862 56 54 J.
1029 2862 190 69 Wiley
1250 2865 46 50 &
1324 2881 147 50 sons,
1502 2863 137 67 inc.;
1670 2862 260 69 London,
152 2861 1977 133 Chapman
311 2943 44 49 &
383 2941 160 67 Hall,
571 2940 242 68 limited,
844 2942 150 51 1934.

259 3049 6 12 x,
297 3015 84 40 293
412 3026 41 36 p.
516 3015 125 38 illus.
704 3012 54 41 23½
792 3016 44 20 cm
842 3046 6 6 .
969 3012 128 49 $2.00

225 3072 253 39 Alternate
507 3080 145 38 pages
682 3070 147 39 blank
857 3070 80 39 for
964 3070 150 39 notes.

157 3127 50 51 ©
241 3131 81 39 July
386 3131 67 37 24.
486 3128 113 40 1934;
659 3128 66 39 2c.
758 3129 95 38 and
884 3126 81 41 aff.
999 3128 113 46 July
1143 3128 45 39 31;
1258 3128 41 38 A
1330 3127 144 40 74358;
1537 3129 42 40 J.
1611 3129 54 39 B.
1699 3129 193 47 Ekeley,
1927 3128 226 45 Boulder,

223 3188 97 39 Col.
393 3185 279 49 (34-24298)

150 3276 387 65 Engelhardt,
571 3275 315 65 Zephyrm,
920 3276 211 65 father,
1168 3277 323 54 1851-1934.

225 3399 54 7 ...
313 3356 239 51 Mission
586 3355 116 53 San
733 3354 198 54 Carlos
963 3355 306 50 Borromeo
1303 3353 344 67 (Carmelo).
1715 3355 121 53 The
1866 3354 193 53 father
2089 3356 64 52 of

152 3434 92 52 the
280 3432 276 53 missions.
631 3435 90 63 By
758 3433 95 53 Fr.
892 3429 287 69 Zephyrin
1215 3432 364 66 Engelhardt
1621 3475 54 9 ...
1718 3432 190 53 edited
1945 3433 75 66 by
2054 3433 97 52 Fr.

151 3511 163 52 Felix
361 3510 331 54 Pudlowski
748 3553 54 7 ...
892 3509 178 55 Santa
1117 3510 276 66 Barbara,
1442 3509 194 67 Calif.,
1682 3510 242 53 Mission
1973 3511 180 55 Santa

154 3591 273 59 Barbara,
461 3592 149 49 1934.

228 3661 84 47 xii,
349 3661 98 47 264,
490 3658 83 50 [10]
614 3670 42 36 p.
692 3657 109 41 incl.
837 3658 149 39 front,
1017 3657 170 49 (port.)
1233 3658 128 42 illus·.
1426 3659 54 39 22
1483 3661 44 21 cm
1532 3692 8 8 .
1618 3657 253 50 (Missions
1910 3660 96 39 and
159 3660 1975 98 missionaries
425 3717 50 39 of
504 3715 285 42 California.

847 3716 117 38 New
990 3716 164 38 series.
1210 3716 145 39 Local
1384 3714 214 49 history)

231 3776 223 39 Includes
482 3772 166 40 music.

158 3833 50 50 ©
237 3837 114 46 July
378 3834 67 47 12,
474 3833 139 45 1934;
643 3833 64 39 2c.
737 3833 116 45 July
878 3831 81 41 31:
992 3831 77 38 aff.
1101 3832 114 45 July
1241 3831 82 46 30;
1353 3831 42 39 A
1420 3831 170 47 73910;
1622 3831 297 40 Franciscan
1945 3832 208 47 fathers,

227 3893 88 40 Old
349 3891 212 44 mission,
600 3891 148 39 Santa
785 3889 235 46 Barbara,
1056 3888 140 40 Calif.
1272 3887 280 49 (34-24136)
