2350 4196
1107 4044 99 54 701

147 407 395 65 Demangeon,
576 407 226 62 Albert,
839 405 169 55 1872-

278 479 1804 74 … Paris, la ville et sa banlieue, par Albert Demangeon …
148 562 182 68 Paris,
359 562 329 54 Bourrelier
720 569 54 47 et
804 562 64 53 cie
903 565 170 64 [1934]

271 631 1874 55 1 p. l., 60, [2] p. illus. (incl. plans) diagr. 22 ½×1 8cm. (Monographies
150 689 1996 54 départementales, collection pub. sous la direction de R. Blanchard … et
152 751 52 40 D.
236 752 222 39 Faucher
550 753 12 45 …)

153 801 1995 56 © Jan. 20, 1934; 1c. Apr. 6; A- Foreign 24424; Editions Bourrelier et
220 865 81 40 cie.
378 864 279 50 (34-15809)

146 969 303 66 Donnelly,
481 970 258 54 Thomas
768 970 69 54 A.

221 1043 1866 73 Preparation for civil service, by Thomas A. Donnelly …
152 1121 1997 73 and George L. McKim … Boston, Mass., Civil service book
147 1221 78 36 co.
269 1206 193 64 [c1934]

221 1275 832 51 1 p. l., 5-144 p. diagrs. 19cm.
155 1330 50 52 ©
233 1335 114 46 Apr.
375 1333 68 47 16,
472 1332 114 41 1934;
641 1334 66 39 2c.
736 1335 96 39 and
861 1333 82 40 aff.
973 1332 123 41 June
1126 1333 50 41 1;
1208 1333 41 39 A
1278 1332 142 40 72545;
1481 1333 123 40 Civil
1636 1332 183 42 service
1849 1334 121 38 book
2001 1345 66 29 co.

232 1391 278 47 (34-15671)

147 1494 284 67 D’Orsay,
459 1493 303 55 Laurence
790 1495 68 54 R.

225 1564 1924 75 The profit in writing, by Laurence D’Orsay … a volume of
156 1647 245 63 definite,
432 1647 293 69 practical,
755 1646 387 55 how-to-do-it
1173 1646 194 55 advice
1400 1646 92 52 for
1524 1647 95 53 the
1654 1646 265 70 building
1950 1647 62 53 of

160 1650 1964 129 salable
321 1726 211 53 stories.
610 1726 110 51 Los
759 1724 261 69 Angeles,
1062 1724 232 68 Parker,
1336 1723 173 57 Stone
1549 1726 44 50 &
1634 1724 181 56 Baird
1857 1743 295 52 company,

159 1807 147 50 1934.

224 1872 893 53 1 p. l., v-ix p., 1 l., 379 p. 21cm.
156 1932 50 52 ©
240 1936 113 47 May
382 1937 69 46 24,
484 1934 139 43 1934;
659 1935 65 40 2c.
758 1936 93 39 and
884 1935 80 40 aff.
999 1935 125 39 June
1156 1935 50 46 2;
1242 1936 39 37 A
1314 1935 169 47 71922;
1520 1937 199 47 Parker,
1755 1936 145 42 Stone
1933 1938 36 40 &
2002 1937 150 39 Baird

224 2004 67 29 co.
348 1991 280 49 (34-15628)

149 2082 261 65 Duveen,
443 2083 204 53 James
679 2084 222 62 Henry.

219 2159 221 54 Houses
476 2160 63 53 of
573 2160 214 53 hidden
824 2164 265 50 treasure.

234 2235 83 46 (In
344 2230 199 43 London
573 2230 193 53 People,
796 2231 117 51 May
943 2232 40 49 6,
1015 2231 142 49 1934)

158 2283 1980 106 © 1c. June 23, 1934; A ad int. 19084; pubd. May 6; J. H. Duveen, London.
153 2438 303 66 Edwards,
487 2438 199 65 Hugh.

226 2515 184 54 Crack
466 2515 63 53 of
585 2517 182 63 doom,
823 2516 74 66 by
955 2516 178 67 Hugh
1191 2516 298 55 Edwards.
1566 2515 257 68 London,
1879 2517 271 65 Toronto,

157 2592 54 56 J.
243 2594 156 67 Cape
433 2596 170 65 [1934]

230 2665 85 40 255
343 2677 43 37 p.
447 2666 115 41 20cm.

160 2716 1978 112 © 1c. May 10, 1934; A ad int. 18972; pubd. Mar. 12; H. Edwards, Salcombe,
432 2780 151 41 South
608 2780 180 46 Devon,
816 2780 235 48 England.
1115 2779 278 50 (34-15789)

156 2869 257 66 Emrich,
445 2872 154 53 John
632 2872 201 64 Oscar,
868 2874 168 49 1881-
1249 2888 178 51 comp.

230 2950 120 51 The
391 2948 204 55 voter’s
637 2950 170 68 guide;
881 2969 30 33 a
953 2949 185 70 digest
1176 2950 62 53 of
1277 2951 95 51 the
1414 2950 237 52 election
1690 2951 138 51 laws
1868 2948 63 53 of
159 2949 1973 147 Pennsylvania;

484 3047 29 33 a
546 3030 276 67 complete
852 3028 346 69 description
1230 3029 62 52 of
1325 3029 94 53 the
1449 3029 230 51 method
1712 3028 63 52 of
1806 3027 243 68 holding
2081 3027 75 52 all

162 3107 264 53 elections
460 3107 60 51 in
555 3106 114 53 this
705 3111 162 62 state,
904 3106 117 53 also
1057 3106 252 70 defining
1344 3108 95 52 the
1476 3107 185 52 duties
1698 3107 63 52 of
1800 3112 208 62 county
2045 3106 112 54 and

159 3184 237 54 election
427 3183 224 70 officers,
685 3184 330 68 constables,
1048 3203 265 35 assessors
1348 3186 111 52 and
1492 3185 320 69 registrars,
1845 3204 59 34 as
1936 3186 127 52 well
2097 3204 58 34 as

162 3261 345 55 candidates’
547 3261 395 55 information.
1019 3264 243 52 Revised
1303 3265 111 52 and
1454 3265 270 68 enlarged
1765 3264 75 69 by
1880 3265 56 53 J.
1979 3264 177 55 Oscar

160 3335 1996 82 Emrich … Pittsburgh, Pa., William G. Johnston company,
163 3420 148 51 1934.

231 3489 100 48 316,
363 3491 40 49 [4]
447 3502 42 37 p.
519 3491 107 41 incl.
654 3492 169 48 diagr.,
848 3491 169 42 forms.
1077 3492 114 41 23cm.

234 3546 71 40 On
337 3558 140 30 cover;
538 3547 359 50 Pennsylvania
930 3549 203 42 election
1165 3552 132 40 laws.

238 3604 159 41 Blank
421 3616 146 38 pages
596 3606 78 39 for
704 3603 342 44 “Memoranda"
1114 3608 80 49 ([4]
1226 3611 52 37 at
1303 3611 116 46 end)

166 3658 53 52 ©
244 3663 112 47 Apr.
384 3663 69 43 30.
483 3661 140 50 1934;
655 3663 65 40 2c.
752 3665 114 46 May
892 3665 52 40 4;
978 3664 81 41 aff.
1090 3665 112 47 May
1231 3666 50 46 5;
1315 3667 40 38 A
1383 3666 169 47 71509;
1586 3667 217 41 William
1834 3668 52 41 G.
1918 3668 241 40 Johnston

236 3731 67 28 co.
361 3716 66 53 [©
455 3719 224 50 revision]
747 3719 279 50 (34-15668)

161 3807 231 68 Fairlie,
429 3809 242 67 Gerard,
708 3812 170 50 1899-

235 3885 227 69 Copper
516 3893 59 46 at
628 3906 107 49 sea,
790 3888 74 66 by
918 3888 222 55 Gerard
1197 3890 231 55 Fairlie.
1504 3892 257 66 London,
1816 3892 240 53 Hodder
2109 3894 42 51 &

168 3961 339 72 Stoughton,
539 3966 239 57 limited,
812 3970 148 49 1934.
