2350 4196
1149 4007 98 49 336

262 525 144 40 “This
437 525 122 39 book
591 524 40 38 is
664 524 200 38 number
898 523 54 39 75
985 521 50 41 of
1066 532 62 29 an
1159 521 181 41 edition
1372 523 50 39 of
1455 521 309 47 seventy-five
1796 521 158 45 copies
1986 522 192 46 printed

190 595 59 28 on
278 583 190 40 Canson
496 581 187 46 ingress
712 580 289 38 hand-made
1030 577 189 49 paper.”

193 648 50 51 ©
275 653 111 39 Feb.
416 652 38 45 3,
486 651 113 39 1934;
659 650 66 38 2c.
757 651 94 37 and
884 648 78 40 aff.
998 649 109 39 Feb.
1140 649 26 38 6;
1223 649 43 38 A
1295 648 168 40 70146:
1498 649 129 38 John
1657 649 128 46 Levy
1817 647 238 48 galleries,
2087 647 90 39 inc.

271 708 248 48 (34-6248)

215 810 239 64 [Jordan,
483 811 137 51 Mrs.
652 808 184 53 Helen
867 806 291 68 Rosaline]
1194 811 170 50 1891-

263 888 229 67 Family
527 887 196 66 cruise,
759 905 30 33 a
823 887 217 50 marine
1075 885 247 68 comedy,
1355 885 73 68 by
1464 885 184 50 Helen
1685 883 223 53 Ashton
1966 883 195 67 [pseud.]

191 965 254 66 London,
475 965 69 52 V.
577 964 289 67 Gollancz,
896 964 122 66 ltd.,
1051 967 149 49 1934.

261 1038 85 40 287
382 1049 43 37 p.
487 1037 114 40 19cm.

196 1106 1987 51 © 1c. Mar. 1, 1934; A ad int. 18748; pubd. Jan. 8; Doubleday, Doran &
264 1177 80 36 co.,
376 1168 104 43 inc.,
513 1165 192 40 Garden
737 1164 122 47 City,
890 1165 55 37 N.
978 1165 52 38 Y.
1102 1164 247 47 (34-7147)

194 1267 259 65 Kuyper,
487 1267 324 65 Abraham,
848 1268 323 51 1837-1920.

259 1346 239 52 Women
556 1344 63 51 of
673 1344 96 51 the
826 1345 137 50 New
1020 1345 352 65 Testament;
1432 1343 184 67 thirty
1671 1343 382 66 meditations,
2109 1344 74 67 by

192 1419 1993 69 Abraham Kuyper … translated from the Dutch by Prof.
192 1501 203 66 Henry
423 1500 239 67 Zylstra.
738 1500 121 50 The
889 1497 309 68 Scripture
1209 1499 263 53 selection
1504 1499 111 52 and
1643 1496 283 69 questions
1954 1498 94 53 for
194 1497 1967 133 discussion
449 1578 144 51 have
627 1578 137 50 been
800 1577 184 51 added
1019 1577 73 66 by
1129 1576 153 52 “The
1316 1575 321 68 preacher”.
1713 1575 199 55 Grand
1948 1575 240 68 Rapids,

194 1656 191 66 Mich.,
416 1655 332 52 Zondervan
782 1653 332 68 publishing
1143 1654 171 51 house
1390 1656 150 63 [c1933]

265 1727 694 50 3 p. l., [5]-71, [3] p. 20cm.
266 1799 314 40 Translation
615 1799 50 39 of
699 1799 81 39 the
813 1798 174 40 second
1021 1800 111 45 part
1165 1797 49 40 of
1247 1797 218 40 author’s
1500 1798 263 38 “Vrouwen
1800 1797 74 40 uit
1906 1798 57 39 de
1997 1797 190 47 Heilige

200 1855 229 42 Schrift”.

202 1924 50 51 ©
284 1929 108 38 Jan.
424 1927 68 47 21,
524 1927 114 39 1934;
697 1927 67 38 2c.
798 1927 92 38 and
924 1925 79 40 aff.
1038 1926 107 38 Feb.
1178 1925 81 47 16;
1294 1927 40 37 A
1365 1925 142 40 69471;
1570 1926 283 39 Zondervan
1885 1925 106 48 pub.
2024 1927 163 38 house.

280 1984 248 48 (34-6257)

201 2088 284 62 Laueseu,
516 2087 254 62 Marcus,
804 2088 170 51 1907-

366 2160 1824 71 … De meget skønne dage; roman. København, Gyldendal,
200 2243 150 50 1933.

269 2312 85 41 296
385 2324 43 36 p.
489 2312 115 43 22cm.

204 2381 1971 107 © Nov. 4, 1933; 1c. Jan. 12, 1934; A-Foreign 23364; Gyldendalske boghandel,
540 2441 165 39 Nordisk
731 2441 174 46 forlag.
977 2440 246 48 (34-6576)

201 2541 256 65 Leavitt,
486 2543 238 63 Sturgis
755 2542 217 65 Elleno,
1005 2545 170 50 1888-

268 2620 56 51 A
350 2619 275 52 tentative
649 2620 404 67 bibliography
1080 2619 63 53 of
1170 2619 332 54 Colombian
1529 2621 310 67 literature,
1863 2621 74 67 by
1966 2620 225 68 Sturgis

199 2697 1990 69 E. Leavitt … and Carlos García-Prada … Cambridge, Mass.,
198 2775 274 51 Harvard
507 2774 317 68 university
854 2793 172 49 press,
1061 2777 148 50 1934.

273 2847 1916 50 6 p. l. , 80 p. 23½cm. (Half-title: Bibliographies of Spanish-American
202 2904 281 44 literature)

273 2960 263 40 Published
567 2961 61 46 by
661 2961 81 39 the
774 2961 229 39 Harvard
1035 2960 183 40 council
1252 2972 58 28 on
1343 2960 494 48 Hispano-American
1872 2961 185 41 studies.
2131 2962 61 47 cf.

204 3018 129 39 Pref.
364 3017 50 40 of
442 3018 81 38 the
553 3016 222 40 director.

276 3074 132 39 “List
442 3074 51 39 of
526 3073 389 47 bibliographies,
952 3074 288 46 catalogues,
1275 3073 229 41 histories
1539 3075 50 39 of
1623 3075 269 46 literature,
1928 3073 116 41 etc.”
2064 3085 8 28 :
2111 3074 79 39 6th

204 3130 171 49 prelim.
427 3130 114 39 leaf.

209 3197 51 50 ©
288 3202 120 38 Mar.
436 3200 39 45 9,
502 3200 112 39 1934
634 3211 7 28 :
670 3199 66 41 2c.
766 3202 120 37 Mar.
914 3199 54 40 19;
1025 3199 81 40 aff.
1135 3201 120 38 Mar.
1282 3200 55 39 29;
1393 3201 42 38 A
1463 3200 139 41 71073;
1661 3201 253 39 President
1943 3201 36 40 &
2004 3200 190 40 fellows

280 3258 49 38 of
359 3258 229 38 Harvard
619 3257 190 46 college.
842 3256 298 47 Cambridge.
1174 3257 144 38 Mass.
1390 3257 248 48 (34-6533)

209 3360 78 51 Le
317 3358 204 64 Fèvre,
554 3360 276 63 Georges.

279 3433 349 67 Expédition
677 3433 231 53 Citroën
957 3434 225 54 Centre-
1188 3434 163 65 Asie;
1401 3436 55 50 la
1503 3434 261 53 croisière
1810 3435 197 67 jaune;
207 3435 1962 127 troisième
433 3511 231 52 mission
723 3511 856 68 Haardt-Audouin-Dubreuil,
1641 3530 104 50 par
1808 3512 246 68 Georges
2116 3512 80 52 Le

207 3588 207 66 Fèvre;
447 3587 229 67 préface
707 3588 254 53 d’André
994 3588 258 67 Citroën;
1286 3589 388 53 introduction
1707 3591 67 51 de
1804 3590 63 52 L.
208 3589 1986 127 Audouin-Dubreuil;
546 3683 131 34 avec
705 3669 63 47 95
795 3684 288 49 gravures,
1112 3669 28 47 3
1169 3671 176 46 cartes
1372 3666 131 53 hors
1532 3671 150 49 texte
1711 3673 53 46 et
1790 3670 29 48 3
1849 3671 178 48 cartes
2055 3668 141 51 dans

208 3743 49 51 le
285 3748 166 46 texte.
518 3743 183 65 Paris,
731 3744 146 50 Plon
915 3745 169 64 [1933]

281 3814 1860 50 4 p. l., xlvi, 368 p. front., plates, ports., maps (part fold.) 20 ½ cm.
213 3881 1925 52 © Dec. 14. 1933; 1c. Jan. 30. 1934; A- Foreign 23575: Librairie Plon.
291 3942 247 46 (34-6390)
