<alto xmlns="http://www.loc.gov/standards/alto/ns-v3#" xmlns:xsi="http://www.w3.org/2001/XMLSchema-instance" xsi:schemaLocation="http://www.loc.gov/standards/alto/ns-v3# http://www.loc.gov/alto/v3/alto-3-0.xsd"><Description>
<MeasurementUnit>pixel</MeasurementUnit>
<sourceImageInformation>
<fileName>1934_v1_Part1.pdf</fileName>
</sourceImageInformation>
<OCRProcessing ID="IdOcr">
<ocrProcessingStep>
<processingDateTime>2019-01-10</processingDateTime>
<processingSoftware>
<softwareCreator>ABBYY</softwareCreator>
<softwareName>ABBYY Recognition Server</softwareName>
<softwareVersion>4.0</softwareVersion>
</processingSoftware>
</ocrProcessingStep>
</OCRProcessing>
</Description>
<Styles>
<ParagraphStyle ALIGN="Left" FIRSTLINE="0." ID="StyleId-FFFFFFFF-FFFF-FFFF-FFFF-FFFFFFFFFFFF-" LEFT="0." RIGHT="0." />
<ParagraphStyle ALIGN="Right" FIRSTLINE="0." ID="StyleId-521E1FC6-FE7E-43A4-90E6-A9B61626A263-" LEFT="0." LINESPACE="13.30000019" RIGHT="0." />
<ParagraphStyle ALIGN="Left" FIRSTLINE="-27." ID="StyleId-639B624E-F6F5-47B6-BB1D-34E64B53022F-" LEFT="0." LINESPACE="13.43999958" RIGHT="0." />
<ParagraphStyle ALIGN="Left" FIRSTLINE="0." ID="StyleId-100905F9-D385-406B-A5BD-ED5B8FD85431-" LEFT="0." RIGHT="0." />
<ParagraphStyle ALIGN="Left" FIRSTLINE="-27." ID="StyleId-7C9F9BA2-EF3A-4B7F-8486-CCC7B7F49B39-" LEFT="0." LINESPACE="18.71999931" RIGHT="0." />
<ParagraphStyle ALIGN="Block" FIRSTLINE="-27." ID="StyleId-350780E3-60F2-4605-88F5-BB54F9B87091-" LEFT="0." LINESPACE="18.71999931" RIGHT="0." />
<ParagraphStyle ALIGN="Left" FIRSTLINE="0." ID="StyleId-90B16C58-D795-4C77-9B89-30378C515D40-" LEFT="0." LINESPACE="14.39999962" RIGHT="0." />
<ParagraphStyle ALIGN="Right" FIRSTLINE="-27." ID="StyleId-17090E09-AFAF-4086-BD9B-4E99FAE6B057-" LEFT="0." LINESPACE="14.39999962" RIGHT="0." />
<ParagraphStyle ALIGN="Left" FIRSTLINE="-27." ID="StyleId-8B87B633-89DB-4D72-B1FC-26E4ABD680BC-" LEFT="0." LINESPACE="18.47999954" RIGHT="0." />
<ParagraphStyle ALIGN="Left" FIRSTLINE="0." ID="StyleId-42DA7417-CA90-4D71-A57B-06556C38D752-" LEFT="0." LINESPACE="13.30000019" RIGHT="0." />
<ParagraphStyle ALIGN="Block" FIRSTLINE="0." ID="StyleId-D8EE2A7E-42AE-4E35-98DB-F0F935637AA0-" LEFT="0." LINESPACE="6.599999905" RIGHT="0." />
<ParagraphStyle ALIGN="Left" FIRSTLINE="0." ID="StyleId-33CD3121-D4F5-43B6-BA96-6382D166E6B8-" LEFT="0." LINESPACE="15.5" RIGHT="0." />
<ParagraphStyle ALIGN="Block" FIRSTLINE="-21." ID="StyleId-1CE52AFA-C319-4DD9-B4B1-F0EBFA2B3F0B-" LEFT="0." LINESPACE="18.71999931" RIGHT="0." />
<ParagraphStyle ALIGN="Left" FIRSTLINE="0." ID="StyleId-B74F1B65-92F1-49C5-A5FA-D20442F031F2-" LEFT="0." LINESPACE="17.70006076" RIGHT="0." />
<ParagraphStyle ALIGN="Center" FIRSTLINE="0." ID="StyleId-79E2924A-215C-40B7-B577-7236BFBAA25E-" LEFT="0." LINESPACE="7.199999809" RIGHT="0." />
</Styles>
<Layout>
<Page HEIGHT="4196" ID="Page695" PHYSICAL_IMG_NR="695" WIDTH="2350">
<TopMargin HEIGHT="404" HPOS="0" VPOS="0" WIDTH="2350">
</TopMargin>
<LeftMargin HEIGHT="3605" HPOS="0" VPOS="404" WIDTH="168">
</LeftMargin>
<RightMargin HEIGHT="3605" HPOS="2188" VPOS="404" WIDTH="162">
</RightMargin>
<BottomMargin HEIGHT="187" HPOS="0" VPOS="4009" WIDTH="2350">
<TextBlock HEIGHT="61" HPOS="1122" ID="Page695_Block1" LANG="en-US" STYLEREFS="StyleId-525275DA-219A-48DA-9B75-CB8B2127D54A-" VPOS="4056" WIDTH="109">
<TextLine HEIGHT="49" HPOS="1128" VPOS="4062" WIDTH="97">
<String CONTENT="695" HEIGHT="49" HPOS="1128" VPOS="4062" WIDTH="97" />
</TextLine>
</TextBlock>
</BottomMargin>
<PrintSpace HEIGHT="3605" HPOS="168" VPOS="404" WIDTH="2020">
<TextBlock CS="1" HEIGHT="3605" HPOS="168" ID="Page695_Block2" LANG="en-US" STYLEREFS="StyleId-E137667E-72C1-4E25-927E-3026E15BAF1B-" VPOS="404" WIDTH="2020">
<TextLine HEIGHT="70" HPOS="178" STYLEREFS="StyleId-039F5F42-65F0-4980-B845-4330C33F3FE9-" VPOS="410" WIDTH="1996">
<String CONTENT="Public" HEIGHT="54" HPOS="178" LANG="fr" VPOS="411" WIDTH="198" />
<SP HEIGHT="35" HPOS="377" VPOS="430" WIDTH="38" />
<String CONTENT="utilities" HEIGHT="53" HPOS="416" LANG="fr" VPOS="412" WIDTH="240" />
<SP HEIGHT="33" HPOS="657" VPOS="432" WIDTH="40" />
<String CONTENT="reports" HEIGHT="65" HPOS="698" LANG="fr" VPOS="415" WIDTH="220" />
<SP HEIGHT="68" HPOS="919" VPOS="411" WIDTH="32" />
<String CONTENT="(New" HEIGHT="68" HPOS="952" LANG="fr" VPOS="411" WIDTH="165" />
<SP HEIGHT="34" HPOS="1118" VPOS="430" WIDTH="37" />
<String CONTENT="series)," HEIGHT="67" HPOS="1156" LANG="en-US" VPOS="411" WIDTH="225" />
<SP HEIGHT="46" HPOS="1382" VPOS="431" WIDTH="38" />
<String CONTENT="containing" HEIGHT="69" HPOS="1421" LANG="en-US" VPOS="410" WIDTH="333" />
<SP HEIGHT="66" HPOS="1755" VPOS="413" WIDTH="39" />
<String CONTENT="decisions" HEIGHT="54" HPOS="1795" LANG="fr" VPOS="412" WIDTH="274" />
<SP HEIGHT="35" HPOS="2070" VPOS="431" WIDTH="41" />
<String CONTENT="of" HEIGHT="51" HPOS="2112" LANG="en-US" VPOS="413" WIDTH="62" />
</TextLine>
<TextLine CS="1" HEIGHT="146" HPOS="247" LANG="fr" STYLEREFS="StyleId-039F5F42-65F0-4980-B845-4330C33F3FE9-" VPOS="490" WIDTH="1928">
<String CONTENT="Henry" HEIGHT="68" HPOS="247" VPOS="490" WIDTH="202" />
<SP HEIGHT="66" HPOS="450" VPOS="492" WIDTH="48" />
<String CONTENT="C." HEIGHT="54" HPOS="499" VPOS="492" WIDTH="61" />
<SP HEIGHT="55" HPOS="561" VPOS="492" WIDTH="48" />
<String CONTENT="Spurr" HEIGHT="66" HPOS="610" VPOS="492" WIDTH="184" />
<SP HEIGHT="32" HPOS="795" VPOS="510" WIDTH="50" />
<String CONTENT="&#8230;" CS="1" />
<SP HEIGHT="34" HPOS="901" VPOS="509" WIDTH="51" />
<String CONTENT="editor" HEIGHT="52" HPOS="953" LANG="en-US" VPOS="491" WIDTH="183" />
<SP HEIGHT="31" HPOS="1137" VPOS="509" WIDTH="50" />
<String CONTENT="&#8230;" CS="1" LANG="en-US" />
<SP HEIGHT="53" HPOS="1244" VPOS="490" WIDTH="77" />
<String CONTENT="Volume" HEIGHT="53" HPOS="1322" VPOS="490" WIDTH="242" />
<SP HEIGHT="48" HPOS="1565" VPOS="493" WIDTH="46" />
<String CONTENT="1." CS="1" HEIGHT="8" HPOS="1647" VPOS="532" WIDTH="8" />
<SP />
<String CONTENT="1934." HEIGHT="49" HPOS="1743" VPOS="493" WIDTH="147" />
<SP HEIGHT="53" HPOS="1891" VPOS="492" WIDTH="80" />
<String CONTENT="Washington," HEIGHT="144" HPOS="247" VPOS="492" WIDTH="1903" />
<SP HEIGHT="66" HPOS="467" VPOS="570" WIDTH="28" />
<String CONTENT="D." HEIGHT="51" HPOS="496" VPOS="570" WIDTH="71" />
<SP HEIGHT="54" HPOS="568" VPOS="570" WIDTH="30" />
<String CONTENT="C.," HEIGHT="66" HPOS="599" VPOS="570" WIDTH="80" />
<SP HEIGHT="65" HPOS="680" VPOS="571" WIDTH="29" />
<String CONTENT="Rochester," HEIGHT="66" HPOS="710" LANG="en-US" VPOS="569" WIDTH="321" />
<SP HEIGHT="65" HPOS="1032" VPOS="570" WIDTH="28" />
<String CONTENT="N." HEIGHT="51" HPOS="1061" VPOS="570" WIDTH="68" />
<SP HEIGHT="50" HPOS="1130" VPOS="570" WIDTH="30" />
<String CONTENT="Y.," HEIGHT="64" HPOS="1161" VPOS="570" WIDTH="88" />
<SP HEIGHT="63" HPOS="1250" VPOS="571" WIDTH="30" />
<String CONTENT="Public" HEIGHT="54" HPOS="1281" VPOS="568" WIDTH="203" />
<SP HEIGHT="36" HPOS="1485" VPOS="586" WIDTH="26" />
<String CONTENT="utilities" HEIGHT="53" HPOS="1512" VPOS="567" WIDTH="241" />
<SP HEIGHT="33" HPOS="1754" VPOS="587" WIDTH="28" />
<String CONTENT="reports," HEIGHT="62" HPOS="1783" VPOS="573" WIDTH="238" />
<SP HEIGHT="65" HPOS="2022" VPOS="570" WIDTH="27" />
<String CONTENT="inc.," HEIGHT="66" HPOS="2050" VPOS="570" WIDTH="125" />
</TextLine>
<TextLine HEIGHT="49" HPOS="246" LANG="fr" STYLEREFS="StyleId-039F5F42-65F0-4980-B845-4330C33F3FE9-" VPOS="650" WIDTH="149">
<String CONTENT="1934." HEIGHT="49" HPOS="246" VPOS="650" WIDTH="149" />
</TextLine>
<TextLine HEIGHT="48" HPOS="249" LANG="fr" VPOS="720" WIDTH="491">
<String CONTENT="xxix," HEIGHT="45" HPOS="249" VPOS="721" WIDTH="132" />
<SP HEIGHT="46" HPOS="382" VPOS="720" WIDTH="29" />
<String CONTENT="583" HEIGHT="40" HPOS="412" VPOS="720" WIDTH="83" />
<SP HEIGHT="47" HPOS="496" VPOS="721" WIDTH="28" />
<String CONTENT="p." HEIGHT="37" HPOS="525" VPOS="731" WIDTH="42" />
<SP HEIGHT="39" HPOS="568" VPOS="721" WIDTH="56" />
<String CONTENT="25cm." HEIGHT="38" HPOS="625" VPOS="721" WIDTH="115" />
</TextLine>
<TextLine CS="1" HEIGHT="50" HPOS="251" VPOS="774" WIDTH="1923">
<String CONTENT="&#8220;&#8230;" CS="1" HEIGHT="17" HPOS="251" LANG="fr" VPOS="777" WIDTH="22" />
<SP HEIGHT="28" HPOS="328" VPOS="788" WIDTH="33" />
<String CONTENT="coincides" HEIGHT="40" HPOS="362" LANG="en-US" VPOS="776" WIDTH="239" />
<SP HEIGHT="28" HPOS="602" VPOS="787" WIDTH="31" />
<String CONTENT="with" HEIGHT="39" HPOS="634" LANG="en-US" VPOS="776" WIDTH="120" />
<SP HEIGHT="39" HPOS="755" VPOS="777" WIDTH="29" />
<String CONTENT="the" HEIGHT="39" HPOS="785" LANG="en-US" VPOS="777" WIDTH="81" />
<SP HEIGHT="37" HPOS="867" VPOS="787" WIDTH="29" />
<String CONTENT="publication" HEIGHT="50" HPOS="897" LANG="fr" VPOS="774" WIDTH="295" />
<SP HEIGHT="29" HPOS="1193" VPOS="785" WIDTH="33" />
<String CONTENT="of" HEIGHT="40" HPOS="1227" LANG="en-US" VPOS="774" WIDTH="50" />
<SP HEIGHT="40" HPOS="1278" VPOS="774" WIDTH="29" />
<String CONTENT="the" HEIGHT="39" HPOS="1308" LANG="en-US" VPOS="775" WIDTH="82" />
<SP HEIGHT="29" HPOS="1391" VPOS="785" WIDTH="29" />
<String CONTENT="cumulative" HEIGHT="40" HPOS="1421" LANG="en-US" VPOS="774" WIDTH="295" />
<SP HEIGHT="40" HPOS="1717" VPOS="774" WIDTH="29" />
<String CONTENT="P." HEIGHT="38" HPOS="1747" LANG="fr" VPOS="774" WIDTH="49" />
<SP HEIGHT="39" HPOS="1797" VPOS="775" WIDTH="33" />
<String CONTENT="U." HEIGHT="39" HPOS="1831" LANG="fr" VPOS="775" WIDTH="53" />
<SP HEIGHT="38" HPOS="1885" VPOS="775" WIDTH="34" />
<String CONTENT="R." HEIGHT="38" HPOS="1920" LANG="en-US" VPOS="775" WIDTH="53" />
<SP HEIGHT="38" HPOS="1974" VPOS="777" WIDTH="32" />
<String CONTENT="digest," HEIGHT="48" HPOS="2007" LANG="en-US" VPOS="775" WIDTH="167" />
</TextLine>
<TextLine HEIGHT="49" HPOS="179" VPOS="830" WIDTH="1997">
<String CONTENT="which" HEIGHT="39" HPOS="179" VPOS="834" WIDTH="157" />
<SP HEIGHT="38" HPOS="337" VPOS="834" WIDTH="28" />
<String CONTENT="embodies" HEIGHT="40" HPOS="366" VPOS="833" WIDTH="242" />
<SP HEIGHT="40" HPOS="609" VPOS="833" WIDTH="28" />
<String CONTENT="in" HEIGHT="38" HPOS="638" VPOS="833" WIDTH="49" />
<SP HEIGHT="37" HPOS="688" VPOS="834" WIDTH="30" />
<String CONTENT="its" HEIGHT="39" HPOS="719" VPOS="834" WIDTH="63" />
<SP HEIGHT="29" HPOS="783" VPOS="844" WIDTH="29" />
<String CONTENT="seven" HEIGHT="30" HPOS="813" VPOS="843" WIDTH="142" />
<SP HEIGHT="29" HPOS="956" VPOS="843" WIDTH="29" />
<String CONTENT="original" HEIGHT="47" HPOS="986" VPOS="832" WIDTH="205" />
<SP HEIGHT="37" HPOS="1192" VPOS="833" WIDTH="29" />
<String CONTENT="volumes" HEIGHT="40" HPOS="1222" VPOS="831" WIDTH="215" />
<SP HEIGHT="37" HPOS="1438" VPOS="834" WIDTH="29" />
<String CONTENT="the" HEIGHT="39" HPOS="1468" VPOS="832" WIDTH="81" />
<SP HEIGHT="29" HPOS="1550" VPOS="842" WIDTH="29" />
<String CONTENT="rulings" HEIGHT="48" HPOS="1580" VPOS="830" WIDTH="187" />
<SP HEIGHT="38" HPOS="1768" VPOS="832" WIDTH="29" />
<String CONTENT="by" HEIGHT="46" HPOS="1798" VPOS="832" WIDTH="59" />
<SP HEIGHT="36" HPOS="1858" VPOS="842" WIDTH="28" />
<String CONTENT="courts" HEIGHT="38" HPOS="1887" VPOS="834" WIDTH="163" />
<SP HEIGHT="29" HPOS="2051" VPOS="843" WIDTH="29" />
<String CONTENT="and" HEIGHT="39" HPOS="2081" VPOS="834" WIDTH="95" />
</TextLine>
<TextLine HEIGHT="51" HPOS="178" VPOS="886" WIDTH="1999">
<String CONTENT="commissions" HEIGHT="41" HPOS="178" VPOS="890" WIDTH="332" />
<SP HEIGHT="36" HPOS="511" VPOS="901" WIDTH="29" />
<String CONTENT="published" HEIGHT="47" HPOS="541" VPOS="890" WIDTH="253" />
<SP HEIGHT="46" HPOS="795" VPOS="891" WIDTH="32" />
<String CONTENT="prior" HEIGHT="48" HPOS="828" VPOS="889" WIDTH="131" />
<SP HEIGHT="37" HPOS="960" VPOS="892" WIDTH="30" />
<String CONTENT="to" HEIGHT="37" HPOS="991" VPOS="892" WIDTH="47" />
<SP HEIGHT="38" HPOS="1039" VPOS="890" WIDTH="31" />
<String CONTENT="the" HEIGHT="37" HPOS="1071" VPOS="890" WIDTH="80" />
<SP HEIGHT="36" HPOS="1152" VPOS="899" WIDTH="29" />
<String CONTENT="year" HEIGHT="37" HPOS="1182" VPOS="898" WIDTH="116" />
<SP HEIGHT="37" HPOS="1299" VPOS="889" WIDTH="29" />
<String CONTENT="1933." HEIGHT="40" HPOS="1329" VPOS="887" WIDTH="126" />
<SP HEIGHT="39" HPOS="1456" VPOS="888" WIDTH="61" />
<String CONTENT="Later" HEIGHT="38" HPOS="1518" VPOS="888" WIDTH="146" />
<SP HEIGHT="26" HPOS="1665" VPOS="899" WIDTH="30" />
<String CONTENT="rulings," HEIGHT="49" HPOS="1696" VPOS="886" WIDTH="200" />
<SP HEIGHT="46" HPOS="1897" VPOS="889" WIDTH="32" />
<String CONTENT="including" HEIGHT="49" HPOS="1930" VPOS="888" WIDTH="247" />
</TextLine>
<TextLine HEIGHT="51" HPOS="179" VPOS="943" WIDTH="1997">
<String CONTENT="those" HEIGHT="38" HPOS="179" VPOS="949" WIDTH="135" />
<SP HEIGHT="30" HPOS="315" VPOS="957" WIDTH="36" />
<String CONTENT="appearing" HEIGHT="48" HPOS="352" VPOS="946" WIDTH="265" />
<SP HEIGHT="47" HPOS="618" VPOS="947" WIDTH="33" />
<String CONTENT="in" HEIGHT="38" HPOS="652" VPOS="947" WIDTH="47" />
<SP HEIGHT="38" HPOS="700" VPOS="948" WIDTH="37" />
<String CONTENT="this" HEIGHT="39" HPOS="738" VPOS="947" WIDTH="97" />
<SP HEIGHT="39" HPOS="836" VPOS="947" WIDTH="35" />
<String CONTENT="New" HEIGHT="38" HPOS="872" VPOS="947" WIDTH="116" />
<SP HEIGHT="28" HPOS="989" VPOS="957" WIDTH="34" />
<String CONTENT="series" HEIGHT="40" HPOS="1024" VPOS="945" WIDTH="148" />
<SP HEIGHT="29" HPOS="1173" VPOS="956" WIDTH="35" />
<String CONTENT="of" HEIGHT="41" HPOS="1209" VPOS="944" WIDTH="50" />
<SP HEIGHT="39" HPOS="1260" VPOS="944" WIDTH="34" />
<String CONTENT="Public" HEIGHT="40" HPOS="1295" VPOS="944" WIDTH="167" />
<SP HEIGHT="29" HPOS="1463" VPOS="955" WIDTH="36" />
<String CONTENT="utilities" HEIGHT="41" HPOS="1500" VPOS="943" WIDTH="207" />
<SP HEIGHT="31" HPOS="1708" VPOS="953" WIDTH="36" />
<String CONTENT="reports," HEIGHT="45" HPOS="1745" VPOS="947" WIDTH="201" />
<SP HEIGHT="35" HPOS="1947" VPOS="957" WIDTH="37" />
<String CONTENT="will" HEIGHT="39" HPOS="1985" VPOS="945" WIDTH="99" />
<SP HEIGHT="39" HPOS="2085" VPOS="947" WIDTH="35" />
<String CONTENT="be" HEIGHT="39" HPOS="2121" VPOS="947" WIDTH="55" />
</TextLine>
<TextLine CS="1" HEIGHT="50" HPOS="179" VPOS="1001" WIDTH="1999">
<String CONTENT="found" HEIGHT="39" HPOS="179" VPOS="1005" WIDTH="150" />
<SP HEIGHT="38" HPOS="330" VPOS="1005" WIDTH="22" />
<String CONTENT="in" HEIGHT="37" HPOS="353" VPOS="1005" WIDTH="48" />
<SP HEIGHT="38" HPOS="402" VPOS="1005" WIDTH="26" />
<String CONTENT="the" HEIGHT="39" HPOS="429" VPOS="1004" WIDTH="80" />
<SP HEIGHT="37" HPOS="510" VPOS="1014" WIDTH="23" />
<String CONTENT="periodical" HEIGHT="48" HPOS="534" VPOS="1003" WIDTH="262" />
<SP HEIGHT="38" HPOS="797" VPOS="1005" WIDTH="26" />
<String CONTENT="cumulative" HEIGHT="41" HPOS="824" VPOS="1002" WIDTH="293" />
<SP HEIGHT="29" HPOS="1118" VPOS="1012" WIDTH="24" />
<String CONTENT="supplements" HEIGHT="46" HPOS="1143" VPOS="1002" WIDTH="328" />
<SP HEIGHT="36" HPOS="1472" VPOS="1005" WIDTH="25" />
<String CONTENT="to" HEIGHT="36" HPOS="1498" VPOS="1005" WIDTH="48" />
<SP HEIGHT="38" HPOS="1547" VPOS="1003" WIDTH="24" />
<String CONTENT="the" HEIGHT="39" HPOS="1572" VPOS="1002" WIDTH="80" />
<SP HEIGHT="39" HPOS="1653" VPOS="1002" WIDTH="24" />
<String CONTENT="P." HEIGHT="38" HPOS="1678" LANG="fr" VPOS="1002" WIDTH="50" />
<SP HEIGHT="38" HPOS="1729" VPOS="1002" WIDTH="26" />
<String CONTENT="U." CS="1" HEIGHT="6" HPOS="1802" LANG="fr" VPOS="1034" WIDTH="6" />
<SP HEIGHT="38" HPOS="1809" VPOS="1002" WIDTH="26" />
<String CONTENT="R." HEIGHT="39" HPOS="1836" VPOS="1002" WIDTH="56" />
<SP HEIGHT="38" HPOS="1893" VPOS="1003" WIDTH="25" />
<String CONTENT="digest.&#8221;&#8212;" HEIGHT="48" HPOS="1919" VPOS="1001" WIDTH="259" />
</TextLine>
<TextLine HEIGHT="40" HPOS="179" VPOS="1061" WIDTH="128">
<String CONTENT="Pref." HEIGHT="40" HPOS="179" VPOS="1061" WIDTH="128" />
</TextLine>
<TextLine CS="1" HEIGHT="51" HPOS="182" VPOS="1128" WIDTH="1993">
<String CONTENT="&#169;" HEIGHT="51" HPOS="182" VPOS="1128" WIDTH="50" />
<SP HEIGHT="51" HPOS="233" VPOS="1128" WIDTH="31" />
<String CONTENT="May" HEIGHT="45" HPOS="265" VPOS="1134" WIDTH="113" />
<SP HEIGHT="47" HPOS="379" VPOS="1132" WIDTH="27" />
<String CONTENT="28," HEIGHT="47" HPOS="407" VPOS="1132" WIDTH="68" />
<SP HEIGHT="46" HPOS="476" VPOS="1133" WIDTH="30" />
<String CONTENT="1934;" HEIGHT="45" HPOS="507" VPOS="1132" WIDTH="140" />
<SP HEIGHT="45" HPOS="648" VPOS="1132" WIDTH="31" />
<String CONTENT="2c." HEIGHT="40" HPOS="680" VPOS="1132" WIDTH="65" />
<SP HEIGHT="28" HPOS="746" VPOS="1143" WIDTH="31" />
<String CONTENT="and" HEIGHT="38" HPOS="778" VPOS="1133" WIDTH="95" />
<SP HEIGHT="38" HPOS="874" VPOS="1133" WIDTH="29" />
<String CONTENT="aff." CS="1" HEIGHT="40" HPOS="904" VPOS="1131" WIDTH="80" />
<SP HEIGHT="40" HPOS="985" VPOS="1131" WIDTH="31" />
<String CONTENT="June" HEIGHT="39" HPOS="1017" VPOS="1131" WIDTH="125" />
<SP HEIGHT="39" HPOS="1143" VPOS="1130" WIDTH="29" />
<String CONTENT="2;" HEIGHT="46" HPOS="1173" VPOS="1130" WIDTH="50" />
<SP HEIGHT="46" HPOS="1224" VPOS="1130" WIDTH="32" />
<String CONTENT="A" HEIGHT="38" HPOS="1257" VPOS="1130" WIDTH="40" />
<SP HEIGHT="40" HPOS="1298" VPOS="1130" WIDTH="29" />
<String CONTENT="72602;" HEIGHT="47" HPOS="1328" VPOS="1129" WIDTH="169" />
<SP HEIGHT="45" HPOS="1498" VPOS="1131" WIDTH="34" />
<String CONTENT="Public" HEIGHT="40" HPOS="1533" VPOS="1130" WIDTH="171" />
<SP HEIGHT="29" HPOS="1705" VPOS="1141" WIDTH="27" />
<String CONTENT="utilities" HEIGHT="40" HPOS="1733" VPOS="1129" WIDTH="206" />
<SP HEIGHT="28" HPOS="1940" VPOS="1141" WIDTH="31" />
<String CONTENT="reports," HEIGHT="43" HPOS="1972" VPOS="1133" WIDTH="203" />
</TextLine>
<TextLine HEIGHT="48" HPOS="249" VPOS="1189" WIDTH="440">
<String CONTENT="inc." HEIGHT="40" HPOS="249" VPOS="1189" WIDTH="88" />
<SP HEIGHT="48" HPOS="338" VPOS="1189" WIDTH="72" />
<String CONTENT="(34-15266)" HEIGHT="48" HPOS="411" VPOS="1189" WIDTH="278" />
</TextLine>
<TextLine HEIGHT="65" HPOS="182" STYLEREFS="StyleId-ADDD80FC-924D-4A8D-A781-11FE97BF872A-" VPOS="1306" WIDTH="811">
<String CONTENT="Reed," HEIGHT="64" HPOS="182" VPOS="1306" WIDTH="171" />
<SP HEIGHT="63" HPOS="354" VPOS="1307" WIDTH="29" />
<String CONTENT="Harold" HEIGHT="53" HPOS="384" VPOS="1306" WIDTH="220" />
<SP HEIGHT="52" HPOS="605" VPOS="1307" WIDTH="26" />
<String CONTENT="Lyle," HEIGHT="64" HPOS="632" VPOS="1307" WIDTH="161" />
<SP HEIGHT="57" HPOS="794" VPOS="1314" WIDTH="30" />
<String CONTENT="1888-" HEIGHT="50" HPOS="825" VPOS="1311" WIDTH="168" />
</TextLine>
<TextLine CS="1" HEIGHT="68" HPOS="247" STYLEREFS="StyleId-039F5F42-65F0-4980-B845-4330C33F3FE9-" VPOS="1382" WIDTH="1931">
<String CONTENT="The" HEIGHT="52" HPOS="247" VPOS="1384" WIDTH="120" />
<SP HEIGHT="34" HPOS="368" VPOS="1402" WIDTH="34" />
<String CONTENT="commodity" HEIGHT="66" HPOS="403" VPOS="1384" WIDTH="346" />
<SP HEIGHT="65" HPOS="750" VPOS="1385" WIDTH="35" />
<String CONTENT="dollar," HEIGHT="66" HPOS="786" VPOS="1384" WIDTH="201" />
<SP HEIGHT="67" HPOS="988" VPOS="1383" WIDTH="33" />
<String CONTENT="by" HEIGHT="64" HPOS="1022" VPOS="1383" WIDTH="74" />
<SP HEIGHT="64" HPOS="1097" VPOS="1383" WIDTH="35" />
<String CONTENT="Harold" HEIGHT="52" HPOS="1133" VPOS="1382" WIDTH="223" />
<SP HEIGHT="52" HPOS="1357" VPOS="1382" WIDTH="34" />
<String CONTENT="L." HEIGHT="52" HPOS="1392" VPOS="1383" WIDTH="63" />
<SP HEIGHT="53" HPOS="1456" VPOS="1382" WIDTH="35" />
<String CONTENT="Reed" HEIGHT="52" HPOS="1492" VPOS="1382" WIDTH="154" />
<SP HEIGHT="52" HPOS="1647" VPOS="1382" WIDTH="40" />
<String CONTENT="&#8230;" CS="1" />
<SP HEIGHT="51" HPOS="1743" VPOS="1382" WIDTH="79" />
<String CONTENT="New" HEIGHT="51" HPOS="1823" VPOS="1382" WIDTH="137" />
<SP HEIGHT="51" HPOS="1961" VPOS="1383" WIDTH="37" />
<String CONTENT="York," HEIGHT="67" HPOS="1999" VPOS="1382" WIDTH="179" />
</TextLine>
<TextLine HEIGHT="67" HPOS="179" STYLEREFS="StyleId-039F5F42-65F0-4980-B845-4330C33F3FE9-" VPOS="1461" WIDTH="1268">
<String CONTENT="Farrar" HEIGHT="52" HPOS="179" VPOS="1462" WIDTH="213" />
<SP HEIGHT="49" HPOS="393" VPOS="1464" WIDTH="26" />
<String CONTENT="&amp;" HEIGHT="49" HPOS="420" VPOS="1464" WIDTH="45" />
<SP HEIGHT="51" HPOS="466" VPOS="1462" WIDTH="27" />
<String CONTENT="Rinehart," HEIGHT="63" HPOS="494" VPOS="1462" WIDTH="298" />
<SP HEIGHT="61" HPOS="793" VPOS="1464" WIDTH="27" />
<String CONTENT="incorporated" HEIGHT="67" HPOS="821" VPOS="1461" WIDTH="398" />
<SP HEIGHT="66" HPOS="1220" VPOS="1461" WIDTH="35" />
<String CONTENT="[c1934]" HEIGHT="65" HPOS="1256" VPOS="1462" WIDTH="191" />
</TextLine>
<TextLine CS="1" HEIGHT="49" HPOS="248" VPOS="1534" WIDTH="1929">
<String CONTENT="2" HEIGHT="39" HPOS="248" VPOS="1536" WIDTH="28" />
<SP HEIGHT="47" HPOS="277" VPOS="1536" WIDTH="29" />
<String CONTENT="p." HEIGHT="37" HPOS="307" LANG="fr" VPOS="1546" WIDTH="42" />
<SP />
<String CONTENT="l.," CS="1" LANG="fr" />
<SP />
<String CONTENT="56" HEIGHT="40" HPOS="462" VPOS="1535" WIDTH="56" />
<SP HEIGHT="48" HPOS="519" VPOS="1535" WIDTH="29" />
<String CONTENT="p." HEIGHT="37" HPOS="549" VPOS="1546" WIDTH="43" />
<SP HEIGHT="39" HPOS="593" VPOS="1536" WIDTH="59" />
<String CONTENT="18&#189;cm." CS="1" HEIGHT="39" HPOS="653" VPOS="1536" WIDTH="145" />
<SP HEIGHT="47" HPOS="799" VPOS="1534" WIDTH="69" />
<String CONTENT="(On" HEIGHT="47" HPOS="869" VPOS="1534" WIDTH="97" />
<SP HEIGHT="29" HPOS="967" VPOS="1546" WIDTH="33" />
<String CONTENT="cover:" HEIGHT="31" HPOS="1001" VPOS="1544" WIDTH="161" />
<SP HEIGHT="39" HPOS="1163" VPOS="1535" WIDTH="31" />
<String CONTENT="The" HEIGHT="39" HPOS="1195" VPOS="1535" WIDTH="100" />
<SP HEIGHT="40" HPOS="1296" VPOS="1534" WIDTH="33" />
<String CONTENT="Farrar" HEIGHT="40" HPOS="1330" VPOS="1534" WIDTH="183" />
<SP HEIGHT="39" HPOS="1514" VPOS="1535" WIDTH="33" />
<String CONTENT="&amp;" HEIGHT="39" HPOS="1548" VPOS="1535" WIDTH="35" />
<SP HEIGHT="39" HPOS="1584" VPOS="1535" WIDTH="33" />
<String CONTENT="Rinehart" HEIGHT="40" HPOS="1618" VPOS="1534" WIDTH="238" />
<SP HEIGHT="44" HPOS="1857" VPOS="1537" WIDTH="33" />
<String CONTENT="pamphlets," HEIGHT="47" HPOS="1891" VPOS="1535" WIDTH="286" />
</TextLine>
<TextLine HEIGHT="48" HPOS="180" VPOS="1592" WIDTH="159">
<String CONTENT="no." HEIGHT="31" HPOS="180" VPOS="1603" WIDTH="72" />
<SP HEIGHT="41" HPOS="253" VPOS="1593" WIDTH="33" />
<String CONTENT="2)" HEIGHT="48" HPOS="287" VPOS="1592" WIDTH="52" />
</TextLine>
<TextLine CS="1" HEIGHT="52" HPOS="184" VPOS="1659" WIDTH="1994">
<String CONTENT="&#169;" HEIGHT="51" HPOS="184" VPOS="1659" WIDTH="50" />
<SP HEIGHT="51" HPOS="235" VPOS="1659" WIDTH="27" />
<String CONTENT="May" CS="1" HEIGHT="38" HPOS="263" VPOS="1665" WIDTH="77" />
<SP HEIGHT="39" HPOS="377" VPOS="1663" WIDTH="25" />
<String CONTENT="17," HEIGHT="47" HPOS="403" VPOS="1663" WIDTH="67" />
<SP HEIGHT="46" HPOS="471" VPOS="1664" WIDTH="28" />
<String CONTENT="1934;" HEIGHT="46" HPOS="500" VPOS="1663" WIDTH="139" />
<SP HEIGHT="45" HPOS="640" VPOS="1664" WIDTH="28" />
<String CONTENT="2c." HEIGHT="40" HPOS="669" VPOS="1664" WIDTH="67" />
<SP HEIGHT="39" HPOS="737" VPOS="1665" WIDTH="27" />
<String CONTENT="May" HEIGHT="46" HPOS="765" VPOS="1665" WIDTH="112" />
<SP HEIGHT="47" HPOS="878" VPOS="1664" WIDTH="26" />
<String CONTENT="19;" HEIGHT="45" HPOS="905" VPOS="1664" WIDTH="80" />
<SP HEIGHT="35" HPOS="986" VPOS="1674" WIDTH="30" />
<String CONTENT="aff." HEIGHT="41" HPOS="1017" VPOS="1662" WIDTH="81" />
<SP HEIGHT="38" HPOS="1099" VPOS="1664" WIDTH="27" />
<String CONTENT="May" HEIGHT="46" HPOS="1127" VPOS="1664" WIDTH="112" />
<SP HEIGHT="47" HPOS="1240" VPOS="1663" WIDTH="26" />
<String CONTENT="18;" HEIGHT="45" HPOS="1267" VPOS="1663" WIDTH="80" />
<SP HEIGHT="45" HPOS="1348" VPOS="1663" WIDTH="29" />
<String CONTENT="A" HEIGHT="38" HPOS="1378" VPOS="1663" WIDTH="41" />
<SP HEIGHT="40" HPOS="1420" VPOS="1663" WIDTH="26" />
<String CONTENT="72493;" HEIGHT="44" HPOS="1447" VPOS="1663" WIDTH="168" />
<SP HEIGHT="43" HPOS="1616" VPOS="1664" WIDTH="31" />
<String CONTENT="H." HEIGHT="39" HPOS="1648" LANG="fi" VPOS="1664" WIDTH="60" />
<SP HEIGHT="39" HPOS="1709" VPOS="1664" WIDTH="27" />
<String CONTENT="L." HEIGHT="38" HPOS="1737" VPOS="1664" WIDTH="49" />
<SP HEIGHT="38" HPOS="1787" VPOS="1664" WIDTH="30" />
<String CONTENT="Reed," HEIGHT="45" HPOS="1818" VPOS="1664" WIDTH="142" />
<SP HEIGHT="46" HPOS="1961" VPOS="1663" WIDTH="30" />
<String CONTENT="Ithaca," HEIGHT="46" HPOS="1992" VPOS="1663" WIDTH="186" />
</TextLine>
<TextLine HEIGHT="47" HPOS="252" VPOS="1721" WIDTH="489">
<String CONTENT="N." HEIGHT="39" HPOS="252" LANG="fi" VPOS="1721" WIDTH="54" />
<SP HEIGHT="39" HPOS="307" VPOS="1721" WIDTH="26" />
<String CONTENT="Y." HEIGHT="38" HPOS="334" VPOS="1721" WIDTH="53" />
<SP HEIGHT="47" HPOS="388" VPOS="1721" WIDTH="72" />
<String CONTENT="(34-15255)" HEIGHT="47" HPOS="461" VPOS="1721" WIDTH="280" />
</TextLine>
<TextLine HEIGHT="66" HPOS="181" STYLEREFS="StyleId-ADDD80FC-924D-4A8D-A781-11FE97BF872A-" VPOS="1837" WIDTH="1003">
<String CONTENT="Romine," HEIGHT="62" HPOS="181" VPOS="1839" WIDTH="260" />
<SP HEIGHT="61" HPOS="442" VPOS="1840" WIDTH="28" />
<String CONTENT="William" HEIGHT="55" HPOS="471" VPOS="1837" WIDTH="255" />
<SP HEIGHT="52" HPOS="727" VPOS="1839" WIDTH="31" />
<String CONTENT="Bethel," HEIGHT="65" HPOS="759" VPOS="1838" WIDTH="224" />
<SP HEIGHT="59" HPOS="984" VPOS="1844" WIDTH="32" />
<String CONTENT="1861-" HEIGHT="49" HPOS="1017" VPOS="1843" WIDTH="167" />
</TextLine>
<TextLine HEIGHT="69" HPOS="255" STYLEREFS="StyleId-039F5F42-65F0-4980-B845-4330C33F3FE9-" VPOS="1913" WIDTH="1920">
<String CONTENT="A" HEIGHT="52" HPOS="255" VPOS="1914" WIDTH="54" />
<SP HEIGHT="53" HPOS="310" VPOS="1914" WIDTH="20" />
<String CONTENT="story" HEIGHT="62" HPOS="331" VPOS="1920" WIDTH="155" />
<SP HEIGHT="49" HPOS="487" VPOS="1933" WIDTH="24" />
<String CONTENT="of" HEIGHT="53" HPOS="512" VPOS="1913" WIDTH="63" />
<SP HEIGHT="53" HPOS="576" VPOS="1913" WIDTH="20" />
<String CONTENT="the" HEIGHT="54" HPOS="597" VPOS="1914" WIDTH="94" />
<SP HEIGHT="35" HPOS="692" VPOS="1933" WIDTH="20" />
<String CONTENT="original" HEIGHT="69" HPOS="713" VPOS="1913" WIDTH="247" />
<SP HEIGHT="51" HPOS="961" VPOS="1914" WIDTH="20" />
<String CONTENT="Ku" HEIGHT="51" HPOS="982" VPOS="1914" WIDTH="96" />
<SP HEIGHT="51" HPOS="1079" VPOS="1914" WIDTH="22" />
<String CONTENT="Klux" HEIGHT="52" HPOS="1102" VPOS="1914" WIDTH="159" />
<SP HEIGHT="52" HPOS="1262" VPOS="1914" WIDTH="20" />
<String CONTENT="Man," HEIGHT="67" HPOS="1283" VPOS="1914" WIDTH="154" />
<SP HEIGHT="65" HPOS="1438" VPOS="1916" WIDTH="25" />
<String CONTENT="by" HEIGHT="66" HPOS="1464" VPOS="1916" WIDTH="70" />
<SP HEIGHT="68" HPOS="1535" VPOS="1914" WIDTH="22" />
<String CONTENT="Mr." HEIGHT="52" HPOS="1558" VPOS="1914" WIDTH="109" />
<SP HEIGHT="33" HPOS="1668" VPOS="1932" WIDTH="28" />
<String CONTENT="and" HEIGHT="52" HPOS="1697" VPOS="1913" WIDTH="111" />
<SP HEIGHT="52" HPOS="1809" VPOS="1913" WIDTH="22" />
<String CONTENT="Mrs." HEIGHT="51" HPOS="1832" VPOS="1915" WIDTH="137" />
<SP HEIGHT="53" HPOS="1970" VPOS="1913" WIDTH="24" />
<String CONTENT="W." HEIGHT="53" HPOS="1995" LANG="fr" VPOS="1913" WIDTH="86" />
<SP HEIGHT="51" HPOS="2082" VPOS="1914" WIDTH="28" />
<String CONTENT="B." HEIGHT="51" HPOS="2111" VPOS="1914" WIDTH="64" />
</TextLine>
<TextLine CS="1" HEIGHT="69" HPOS="186" STYLEREFS="StyleId-039F5F42-65F0-4980-B845-4330C33F3FE9-" VPOS="1992" WIDTH="1921">
<String CONTENT="Romine" HEIGHT="52" HPOS="186" VPOS="1993" WIDTH="237" />
<SP HEIGHT="35" HPOS="424" VPOS="2010" WIDTH="31" />
<String CONTENT="&#8230;" CS="1" />
<SP HEIGHT="51" HPOS="511" VPOS="1993" WIDTH="67" />
<String CONTENT="Rev." HEIGHT="52" HPOS="579" VPOS="1993" WIDTH="134" />
<SP HEIGHT="51" HPOS="714" VPOS="1992" WIDTH="58" />
<String CONTENT="Pulaski," HEIGHT="69" HPOS="773" VPOS="1992" WIDTH="253" />
<SP HEIGHT="68" HPOS="1027" VPOS="1993" WIDTH="25" />
<String CONTENT="Tenn.," HEIGHT="66" HPOS="1053" VPOS="1993" WIDTH="192" />
<SP HEIGHT="66" HPOS="1246" VPOS="1993" WIDTH="24" />
<String CONTENT="The" HEIGHT="56" HPOS="1271" VPOS="1993" WIDTH="120" />
<SP HEIGHT="57" HPOS="1392" VPOS="1992" WIDTH="29" />
<String CONTENT="Pulaski" HEIGHT="52" HPOS="1422" VPOS="1992" WIDTH="234" />
<SP HEIGHT="52" HPOS="1657" VPOS="1992" WIDTH="30" />
<String CONTENT="citizen," HEIGHT="68" HPOS="1688" VPOS="1992" WIDTH="218" />
<SP HEIGHT="60" HPOS="1907" VPOS="2000" WIDTH="28" />
<String CONTENT="c1934." HEIGHT="49" HPOS="1936" VPOS="1995" WIDTH="171" />
</TextLine>
<TextLine HEIGHT="49" HPOS="253" VPOS="2064" WIDTH="831">
<String CONTENT="29" HEIGHT="39" HPOS="253" VPOS="2064" WIDTH="55" />
<SP HEIGHT="48" HPOS="309" VPOS="2064" WIDTH="29" />
<String CONTENT="p." HEIGHT="37" HPOS="339" VPOS="2075" WIDTH="43" />
<SP HEIGHT="39" HPOS="383" VPOS="2065" WIDTH="32" />
<String CONTENT="incl." HEIGHT="39" HPOS="416" VPOS="2065" WIDTH="109" />
<SP HEIGHT="36" HPOS="526" VPOS="2076" WIDTH="30" />
<String CONTENT="plates," HEIGHT="46" HPOS="557" VPOS="2066" WIDTH="170" />
<SP HEIGHT="37" HPOS="728" VPOS="2076" WIDTH="32" />
<String CONTENT="ports." HEIGHT="46" HPOS="761" VPOS="2067" WIDTH="147" />
<SP HEIGHT="38" HPOS="909" VPOS="2066" WIDTH="59" />
<String CONTENT="22cm." HEIGHT="39" HPOS="969" VPOS="2065" WIDTH="115" />
</TextLine>
<TextLine CS="1" HEIGHT="53" HPOS="184" VPOS="2134" WIDTH="1995">
<String CONTENT="&#169;" HEIGHT="51" HPOS="184" VPOS="2134" WIDTH="50" />
<SP HEIGHT="51" HPOS="235" VPOS="2134" WIDTH="23" />
<String CONTENT="Apr." HEIGHT="47" HPOS="259" VPOS="2139" WIDTH="110" />
<SP HEIGHT="38" HPOS="370" VPOS="2140" WIDTH="24" />
<String CONTENT="3." HEIGHT="38" HPOS="395" VPOS="2140" WIDTH="38" />
<SP HEIGHT="38" HPOS="434" VPOS="2139" WIDTH="24" />
<String CONTENT="1934;" CS="1" HEIGHT="40" HPOS="459" VPOS="2139" WIDTH="112" />
<SP HEIGHT="38" HPOS="599" VPOS="2140" WIDTH="25" />
<String CONTENT="2c." HEIGHT="39" HPOS="625" VPOS="2140" WIDTH="64" />
<SP HEIGHT="37" HPOS="690" VPOS="2140" WIDTH="25" />
<String CONTENT="Apr." HEIGHT="47" HPOS="716" VPOS="2140" WIDTH="111" />
<SP HEIGHT="38" HPOS="828" VPOS="2140" WIDTH="24" />
<String CONTENT="5;" CS="1" HEIGHT="38" HPOS="853" VPOS="2140" WIDTH="24" />
<SP HEIGHT="36" HPOS="905" VPOS="2150" WIDTH="26" />
<String CONTENT="aff." HEIGHT="40" HPOS="932" VPOS="2139" WIDTH="78" />
<SP HEIGHT="37" HPOS="1011" VPOS="2141" WIDTH="26" />
<String CONTENT="May" HEIGHT="45" HPOS="1038" VPOS="2141" WIDTH="111" />
<SP HEIGHT="46" HPOS="1150" VPOS="2140" WIDTH="23" />
<String CONTENT="12;" CS="1" HEIGHT="38" HPOS="1174" VPOS="2140" WIDTH="53" />
<SP HEIGHT="45" HPOS="1255" VPOS="2140" WIDTH="25" />
<String CONTENT="A" HEIGHT="38" HPOS="1281" VPOS="2140" WIDTH="40" />
<SP HEIGHT="39" HPOS="1322" VPOS="2140" WIDTH="23" />
<String CONTENT="72691;" CS="1" HEIGHT="40" HPOS="1346" VPOS="2139" WIDTH="140" />
<SP HEIGHT="44" HPOS="1515" VPOS="2141" WIDTH="27" />
<String CONTENT="W." HEIGHT="39" HPOS="1543" LANG="fr" VPOS="2141" WIDTH="71" />
<SP HEIGHT="39" HPOS="1615" VPOS="2141" WIDTH="25" />
<String CONTENT="B." HEIGHT="39" HPOS="1641" VPOS="2141" WIDTH="53" />
<SP HEIGHT="40" HPOS="1695" VPOS="2140" WIDTH="25" />
<String CONTENT="Romine," HEIGHT="47" HPOS="1721" VPOS="2140" WIDTH="215" />
<SP HEIGHT="47" HPOS="1937" VPOS="2140" WIDTH="26" />
<String CONTENT="Pulaski," HEIGHT="48" HPOS="1964" VPOS="2137" WIDTH="215" />
</TextLine>
<TextLine HEIGHT="48" HPOS="253" VPOS="2196" WIDTH="498">
<String CONTENT="Tenn." HEIGHT="39" HPOS="253" VPOS="2196" WIDTH="146" />
<SP HEIGHT="48" HPOS="400" VPOS="2196" WIDTH="71" />
<String CONTENT="(34-15458)" HEIGHT="48" HPOS="472" VPOS="2196" WIDTH="279" />
</TextLine>
<TextLine HEIGHT="72" HPOS="179" STYLEREFS="StyleId-039F5F42-65F0-4980-B845-4330C33F3FE9-" VPOS="2310" WIDTH="2003">
<String CONTENT="South" HEIGHT="54" HPOS="179" VPOS="2310" WIDTH="183" />
<SP HEIGHT="51" HPOS="363" VPOS="2313" WIDTH="37" />
<String CONTENT="eastern" HEIGHT="51" HPOS="401" VPOS="2316" WIDTH="239" />
<SP HEIGHT="35" HPOS="641" VPOS="2332" WIDTH="31" />
<String CONTENT="reporter." HEIGHT="62" HPOS="673" VPOS="2319" WIDTH="272" />
<SP HEIGHT="54" HPOS="946" VPOS="2316" WIDTH="67" />
<String CONTENT="Cases" HEIGHT="54" HPOS="1014" VPOS="2316" WIDTH="166" />
<SP HEIGHT="35" HPOS="1181" VPOS="2333" WIDTH="33" />
<String CONTENT="argued" HEIGHT="66" HPOS="1215" VPOS="2316" WIDTH="214" />
<SP HEIGHT="51" HPOS="1430" VPOS="2316" WIDTH="33" />
<String CONTENT="and" HEIGHT="51" HPOS="1464" VPOS="2316" WIDTH="111" />
<SP HEIGHT="51" HPOS="1576" VPOS="2316" WIDTH="31" />
<String CONTENT="determined" HEIGHT="52" HPOS="1608" VPOS="2316" WIDTH="351" />
<SP HEIGHT="52" HPOS="1960" VPOS="2316" WIDTH="31" />
<String CONTENT="in" HEIGHT="52" HPOS="1992" VPOS="2316" WIDTH="61" />
<SP HEIGHT="49" HPOS="2054" VPOS="2319" WIDTH="30" />
<String CONTENT="the" HEIGHT="51" HPOS="2085" VPOS="2316" WIDTH="97" />
</TextLine>
<TextLine CS="1" HEIGHT="69" HPOS="248" STYLEREFS="StyleId-039F5F42-65F0-4980-B845-4330C33F3FE9-" VPOS="2391" WIDTH="1751">
<String CONTENT="courts" HEIGHT="51" HPOS="248" VPOS="2395" WIDTH="187" />
<SP HEIGHT="36" HPOS="436" VPOS="2410" WIDTH="45" />
<String CONTENT="of" HEIGHT="52" HPOS="482" VPOS="2391" WIDTH="64" />
<SP HEIGHT="55" HPOS="547" VPOS="2391" WIDTH="44" />
<String CONTENT="Georgia," HEIGHT="68" HPOS="592" VPOS="2392" WIDTH="267" />
<SP HEIGHT="65" HPOS="860" VPOS="2394" WIDTH="46" />
<String CONTENT="North" HEIGHT="53" HPOS="907" VPOS="2393" WIDTH="185" />
<SP HEIGHT="56" HPOS="1093" VPOS="2393" WIDTH="48" />
<String CONTENT="Carolina," HEIGHT="67" HPOS="1142" VPOS="2393" WIDTH="286" />
<SP HEIGHT="65" HPOS="1429" VPOS="2395" WIDTH="48" />
<String CONTENT="South" HEIGHT="53" HPOS="1478" VPOS="2395" WIDTH="182" />
<SP HEIGHT="54" HPOS="1661" VPOS="2395" WIDTH="49" />
<String CONTENT="Carolina," HEIGHT="60" HPOS="1711" VPOS="2394" WIDTH="288" />
</TextLine>
<TextLine CS="1" HEIGHT="145" HPOS="248" STYLEREFS="StyleId-039F5F42-65F0-4980-B845-4330C33F3FE9-" VPOS="2393" WIDTH="1930">
<String CONTENT="Virginia," HEIGHT="145" HPOS="248" VPOS="2393" WIDTH="1907" />
<SP HEIGHT="65" HPOS="425" VPOS="2472" WIDTH="27" />
<String CONTENT="West" HEIGHT="53" HPOS="453" VPOS="2472" WIDTH="159" />
<SP HEIGHT="52" HPOS="613" VPOS="2472" WIDTH="28" />
<String CONTENT="Virginia," HEIGHT="67" HPOS="642" VPOS="2471" WIDTH="287" />
<SP HEIGHT="48" HPOS="930" VPOS="2490" WIDTH="27" />
<String CONTENT="with" HEIGHT="53" HPOS="958" VPOS="2469" WIDTH="139" />
<SP HEIGHT="51" HPOS="1098" VPOS="2471" WIDTH="28" />
<String CONTENT="key" HEIGHT="67" HPOS="1127" VPOS="2471" WIDTH="103" />
<SP HEIGHT="48" HPOS="1231" VPOS="2490" WIDTH="32" />
<String CONTENT="number" HEIGHT="53" HPOS="1264" VPOS="2472" WIDTH="237" />
<SP HEIGHT="32" HPOS="1502" VPOS="2493" WIDTH="29" />
<String CONTENT="annotations," HEIGHT="54" HPOS="1532" VPOS="2471" WIDTH="379" />
<SP HEIGHT="32" HPOS="1912" VPOS="2491" WIDTH="66" />
<String CONTENT="v." HEIGHT="32" HPOS="1979" VPOS="2491" WIDTH="50" />
<SP HEIGHT="47" HPOS="2030" VPOS="2476" WIDTH="33" />
<String CONTENT="172." CS="1" HEIGHT="54" HPOS="2096" VPOS="2471" WIDTH="82" />
</TextLine>
<TextLine CS="1" HEIGHT="69" HPOS="248" STYLEREFS="StyleId-039F5F42-65F0-4980-B845-4330C33F3FE9-" VPOS="2548" WIDTH="1930">
<String CONTENT="February-March," HEIGHT="67" HPOS="248" VPOS="2548" WIDTH="553" />
<SP HEIGHT="61" HPOS="802" VPOS="2552" WIDTH="28" />
<String CONTENT="1934." HEIGHT="48" HPOS="831" VPOS="2552" WIDTH="149" />
<SP HEIGHT="55" HPOS="981" VPOS="2548" WIDTH="77" />
<String CONTENT="St." HEIGHT="55" HPOS="1059" VPOS="2548" WIDTH="81" />
<SP HEIGHT="50" HPOS="1141" VPOS="2553" WIDTH="27" />
<String CONTENT="Paul," HEIGHT="61" HPOS="1169" VPOS="2550" WIDTH="163" />
<SP HEIGHT="58" HPOS="1333" VPOS="2553" WIDTH="23" />
<String CONTENT="West" HEIGHT="52" HPOS="1357" VPOS="2553" WIDTH="161" />
<SP HEIGHT="62" HPOS="1519" VPOS="2555" WIDTH="22" />
<String CONTENT="publishing" HEIGHT="67" HPOS="1542" VPOS="2550" WIDTH="336" />
<SP HEIGHT="50" HPOS="1879" VPOS="2567" WIDTH="23" />
<String CONTENT="co.," HEIGHT="49" HPOS="1903" VPOS="2567" WIDTH="97" />
<SP HEIGHT="59" HPOS="2001" VPOS="2557" WIDTH="28" />
<String CONTENT="1934." CS="1" HEIGHT="49" HPOS="2063" VPOS="2553" WIDTH="115" />
</TextLine>
<TextLine HEIGHT="49" HPOS="251" STYLEREFS="StyleId-039F5F42-65F0-4980-B845-4330C33F3FE9-" VPOS="2622" WIDTH="483">
<String CONTENT="xvi," HEIGHT="48" HPOS="251" VPOS="2623" WIDTH="95" />
<SP HEIGHT="48" HPOS="347" VPOS="2623" WIDTH="28" />
<String CONTENT="1006" HEIGHT="40" HPOS="376" VPOS="2622" WIDTH="112" />
<SP HEIGHT="46" HPOS="489" VPOS="2623" WIDTH="28" />
<String CONTENT="p." HEIGHT="36" HPOS="518" VPOS="2633" WIDTH="42" />
<SP HEIGHT="37" HPOS="561" VPOS="2623" WIDTH="56" />
<String CONTENT="26cm." HEIGHT="40" HPOS="618" VPOS="2622" WIDTH="116" />
</TextLine>
<TextLine CS="1" HEIGHT="53" HPOS="185" VPOS="2689" WIDTH="1884">
<String CONTENT="&#169;" HEIGHT="51" HPOS="185" VPOS="2689" WIDTH="50" />
<SP HEIGHT="51" HPOS="236" VPOS="2689" WIDTH="30" />
<String CONTENT="May" HEIGHT="46" HPOS="267" VPOS="2694" WIDTH="112" />
<SP HEIGHT="47" HPOS="380" VPOS="2693" WIDTH="26" />
<String CONTENT="21," HEIGHT="47" HPOS="407" VPOS="2693" WIDTH="69" />
<SP HEIGHT="47" HPOS="477" VPOS="2693" WIDTH="28" />
<String CONTENT="1934;" HEIGHT="43" HPOS="506" VPOS="2691" WIDTH="140" />
<SP HEIGHT="41" HPOS="647" VPOS="2693" WIDTH="31" />
<String CONTENT="2c." HEIGHT="39" HPOS="679" VPOS="2693" WIDTH="65" />
<SP HEIGHT="39" HPOS="745" VPOS="2693" WIDTH="30" />
<String CONTENT="June" HEIGHT="39" HPOS="776" VPOS="2693" WIDTH="127" />
<SP HEIGHT="39" HPOS="904" VPOS="2693" WIDTH="26" />
<String CONTENT="20;" CS="1" HEIGHT="39" HPOS="931" VPOS="2693" WIDTH="54" />
<SP HEIGHT="35" HPOS="1013" VPOS="2703" WIDTH="31" />
<String CONTENT="aff." HEIGHT="39" HPOS="1045" VPOS="2693" WIDTH="79" />
<SP HEIGHT="39" HPOS="1125" VPOS="2694" WIDTH="31" />
<String CONTENT="June" HEIGHT="40" HPOS="1157" VPOS="2694" WIDTH="127" />
<SP HEIGHT="39" HPOS="1285" VPOS="2695" WIDTH="26" />
<String CONTENT="21;" HEIGHT="40" HPOS="1312" VPOS="2695" WIDTH="80" />
<SP HEIGHT="41" HPOS="1393" VPOS="2694" WIDTH="32" />
<String CONTENT="A" HEIGHT="38" HPOS="1426" VPOS="2694" WIDTH="39" />
<SP HEIGHT="40" HPOS="1466" VPOS="2694" WIDTH="29" />
<String CONTENT="72921;" HEIGHT="45" HPOS="1496" VPOS="2694" WIDTH="170" />
<SP HEIGHT="44" HPOS="1667" VPOS="2695" WIDTH="32" />
<String CONTENT="West" HEIGHT="39" HPOS="1700" VPOS="2695" WIDTH="135" />
<SP HEIGHT="45" HPOS="1836" VPOS="2697" WIDTH="28" />
<String CONTENT="pub." HEIGHT="47" HPOS="1865" VPOS="2695" WIDTH="108" />
<SP HEIGHT="28" HPOS="1974" VPOS="2705" WIDTH="26" />
<String CONTENT="co." HEIGHT="31" HPOS="2001" VPOS="2703" WIDTH="68" />
</TextLine>
<TextLine CS="1" HEIGHT="71" HPOS="179" STYLEREFS="StyleId-039F5F42-65F0-4980-B845-4330C33F3FE9-" VPOS="2851" WIDTH="1633">
<String CONTENT="Southern" HEIGHT="54" HPOS="179" VPOS="2851" WIDTH="293" />
<SP HEIGHT="34" HPOS="473" VPOS="2871" WIDTH="38" />
<String CONTENT="reporter." HEIGHT="63" HPOS="512" VPOS="2857" WIDTH="272" />
<SP HEIGHT="54" HPOS="785" VPOS="2853" WIDTH="71" />
<String CONTENT="Cases" HEIGHT="54" HPOS="857" VPOS="2853" WIDTH="167" />
<SP HEIGHT="35" HPOS="1025" VPOS="2872" WIDTH="36" />
<String CONTENT="argued" HEIGHT="67" HPOS="1062" VPOS="2855" WIDTH="211" />
<SP HEIGHT="52" HPOS="1274" VPOS="2855" WIDTH="37" />
<String CONTENT="and" HEIGHT="51" HPOS="1312" VPOS="2856" WIDTH="111" />
<SP HEIGHT="52" HPOS="1424" VPOS="2855" WIDTH="36" />
<String CONTENT="determined" HEIGHT="53" HPOS="1461" VPOS="2855" WIDTH="351" />
</TextLine>
<TextLine CS="1" HEIGHT="146" HPOS="249" STYLEREFS="StyleId-039F5F42-65F0-4980-B845-4330C33F3FE9-" VPOS="2854" WIDTH="1929">
<String CONTENT="in" HEIGHT="51" HPOS="1846" VPOS="2856" WIDTH="61" />
<SP HEIGHT="47" HPOS="1908" VPOS="2859" WIDTH="34" />
<String CONTENT="the" HEIGHT="51" HPOS="1943" VPOS="2856" WIDTH="95" />
<SP HEIGHT="55" HPOS="2039" VPOS="2854" WIDTH="37" />
<String CONTENT="Supreme" HEIGHT="144" HPOS="249" VPOS="2854" WIDTH="1907" />
<SP HEIGHT="36" HPOS="441" VPOS="2949" WIDTH="41" />
<String CONTENT="courts" HEIGHT="49" HPOS="483" VPOS="2936" WIDTH="186" />
<SP HEIGHT="33" HPOS="670" VPOS="2950" WIDTH="42" />
<String CONTENT="of" HEIGHT="51" HPOS="713" VPOS="2932" WIDTH="62" />
<SP HEIGHT="52" HPOS="776" VPOS="2932" WIDTH="41" />
<String CONTENT="Alabama," HEIGHT="67" HPOS="818" VPOS="2932" WIDTH="299" />
<SP HEIGHT="64" HPOS="1118" VPOS="2935" WIDTH="42" />
<String CONTENT="Florida," HEIGHT="67" HPOS="1161" VPOS="2933" WIDTH="254" />
<SP HEIGHT="64" HPOS="1416" VPOS="2936" WIDTH="41" />
<String CONTENT="Louisiana," HEIGHT="61" HPOS="1458" VPOS="2933" WIDTH="326" />
<SP HEIGHT="58" HPOS="1785" VPOS="2936" WIDTH="43" />
<String CONTENT="Mississippi" HEIGHT="67" HPOS="1829" VPOS="2933" WIDTH="349" />
</TextLine>
<TextLine HEIGHT="69" HPOS="250" STYLEREFS="StyleId-039F5F42-65F0-4980-B845-4330C33F3FE9-" VPOS="3009" WIDTH="1930">
<String CONTENT="and" HEIGHT="52" HPOS="250" VPOS="3009" WIDTH="113" />
<SP HEIGHT="52" HPOS="364" VPOS="3009" WIDTH="33" />
<String CONTENT="the" HEIGHT="52" HPOS="398" VPOS="3009" WIDTH="95" />
<SP HEIGHT="55" HPOS="494" VPOS="3010" WIDTH="34" />
<String CONTENT="Courts" HEIGHT="55" HPOS="529" VPOS="3010" WIDTH="206" />
<SP HEIGHT="34" HPOS="736" VPOS="3028" WIDTH="35" />
<String CONTENT="of" HEIGHT="53" HPOS="772" VPOS="3009" WIDTH="63" />
<SP HEIGHT="54" HPOS="836" VPOS="3009" WIDTH="34" />
<String CONTENT="appeal" HEIGHT="65" HPOS="871" VPOS="3012" WIDTH="204" />
<SP HEIGHT="51" HPOS="1076" VPOS="3012" WIDTH="35" />
<String CONTENT="of" HEIGHT="52" HPOS="1112" VPOS="3011" WIDTH="62" />
<SP HEIGHT="53" HPOS="1175" VPOS="3011" WIDTH="32" />
<String CONTENT="Alabama" HEIGHT="52" HPOS="1208" VPOS="3012" WIDTH="279" />
<SP HEIGHT="33" HPOS="1488" VPOS="3031" WIDTH="37" />
<String CONTENT="and" HEIGHT="51" HPOS="1526" VPOS="3013" WIDTH="113" />
<SP HEIGHT="51" HPOS="1640" VPOS="3013" WIDTH="34" />
<String CONTENT="Louisiana," HEIGHT="66" HPOS="1675" VPOS="3012" WIDTH="327" />
<SP HEIGHT="46" HPOS="2003" VPOS="3032" WIDTH="35" />
<String CONTENT="with" HEIGHT="52" HPOS="2039" VPOS="3012" WIDTH="141" />
</TextLine>
<TextLine CS="1" HEIGHT="71" HPOS="246" STYLEREFS="StyleId-039F5F42-65F0-4980-B845-4330C33F3FE9-" VPOS="3086" WIDTH="1932">
<String CONTENT="key" HEIGHT="68" HPOS="246" VPOS="3086" WIDTH="108" />
<SP HEIGHT="48" HPOS="355" VPOS="3106" WIDTH="27" />
<String CONTENT="number" HEIGHT="51" HPOS="383" VPOS="3088" WIDTH="238" />
<SP HEIGHT="33" HPOS="622" VPOS="3106" WIDTH="29" />
<String CONTENT="annotations," HEIGHT="53" HPOS="652" VPOS="3087" WIDTH="378" />
<SP HEIGHT="32" HPOS="1031" VPOS="3108" WIDTH="75" />
<String CONTENT="v." HEIGHT="32" HPOS="1107" VPOS="3108" WIDTH="49" />
<SP HEIGHT="47" HPOS="1157" VPOS="3093" WIDTH="32" />
<String CONTENT="151." HEIGHT="49" HPOS="1190" VPOS="3092" WIDTH="114" />
<SP HEIGHT="53" HPOS="1305" VPOS="3091" WIDTH="73" />
<String CONTENT="January-February," CS="1" HEIGHT="66" HPOS="1379" VPOS="3091" WIDTH="616" />
<SP HEIGHT="63" HPOS="1996" VPOS="3094" WIDTH="37" />
<String CONTENT="1934." HEIGHT="50" HPOS="2034" VPOS="3093" WIDTH="144" />
</TextLine>
<TextLine HEIGHT="70" HPOS="252" STYLEREFS="StyleId-039F5F42-65F0-4980-B845-4330C33F3FE9-" VPOS="3164" WIDTH="1149">
<String CONTENT="St." HEIGHT="54" HPOS="252" VPOS="3164" WIDTH="82" />
<SP HEIGHT="50" HPOS="335" VPOS="3168" WIDTH="31" />
<String CONTENT="Paul," HEIGHT="65" HPOS="367" VPOS="3166" WIDTH="165" />
<SP HEIGHT="64" HPOS="533" VPOS="3167" WIDTH="29" />
<String CONTENT="West" HEIGHT="52" HPOS="563" VPOS="3167" WIDTH="162" />
<SP HEIGHT="62" HPOS="726" VPOS="3170" WIDTH="28" />
<String CONTENT="publishing" HEIGHT="69" HPOS="755" VPOS="3165" WIDTH="335" />
<SP HEIGHT="50" HPOS="1091" VPOS="3184" WIDTH="30" />
<String CONTENT="co.," HEIGHT="41" HPOS="1122" VPOS="3184" WIDTH="95" />
<SP HEIGHT="54" HPOS="1218" VPOS="3171" WIDTH="33" />
<String CONTENT="1934." HEIGHT="49" HPOS="1252" VPOS="3171" WIDTH="149" />
</TextLine>
<TextLine CS="1" HEIGHT="47" HPOS="324" VPOS="3239" WIDTH="402">
<String CONTENT="xx," CS="1" HEIGHT="15" HPOS="324" VPOS="3270" WIDTH="7" />
<SP HEIGHT="45" HPOS="332" VPOS="3240" WIDTH="31" />
<String CONTENT="1009" HEIGHT="39" HPOS="364" VPOS="3239" WIDTH="117" />
<SP HEIGHT="47" HPOS="482" VPOS="3239" WIDTH="26" />
<String CONTENT="p." HEIGHT="36" HPOS="509" VPOS="3250" WIDTH="42" />
<SP HEIGHT="39" HPOS="552" VPOS="3239" WIDTH="58" />
<String CONTENT="26cm." HEIGHT="39" HPOS="611" VPOS="3239" WIDTH="115" />
</TextLine>
<TextLine HEIGHT="55" HPOS="186" VPOS="3305" WIDTH="1879">
<String CONTENT="&#169;" HEIGHT="51" HPOS="186" VPOS="3305" WIDTH="54" />
<SP HEIGHT="51" HPOS="241" VPOS="3305" WIDTH="27" />
<String CONTENT="May" HEIGHT="46" HPOS="269" VPOS="3310" WIDTH="113" />
<SP HEIGHT="47" HPOS="383" VPOS="3309" WIDTH="28" />
<String CONTENT="2," HEIGHT="46" HPOS="412" VPOS="3309" WIDTH="39" />
<SP HEIGHT="45" HPOS="452" VPOS="3310" WIDTH="31" />
<String CONTENT="1934;" HEIGHT="46" HPOS="484" VPOS="3309" WIDTH="140" />
<SP HEIGHT="46" HPOS="625" VPOS="3309" WIDTH="31" />
<String CONTENT="2c." HEIGHT="39" HPOS="657" VPOS="3309" WIDTH="65" />
<SP HEIGHT="39" HPOS="723" VPOS="3309" WIDTH="33" />
<String CONTENT="June" HEIGHT="39" HPOS="757" VPOS="3309" WIDTH="124" />
<SP HEIGHT="37" HPOS="882" VPOS="3311" WIDTH="29" />
<String CONTENT="20;" HEIGHT="44" HPOS="912" VPOS="3311" WIDTH="81" />
<SP HEIGHT="35" HPOS="994" VPOS="3320" WIDTH="33" />
<String CONTENT="aff." HEIGHT="41" HPOS="1028" VPOS="3310" WIDTH="80" />
<SP HEIGHT="39" HPOS="1109" VPOS="3312" WIDTH="31" />
<String CONTENT="June" HEIGHT="39" HPOS="1141" VPOS="3312" WIDTH="128" />
<SP HEIGHT="39" HPOS="1270" VPOS="3312" WIDTH="26" />
<String CONTENT="21;" HEIGHT="41" HPOS="1297" VPOS="3312" WIDTH="81" />
<SP HEIGHT="41" HPOS="1379" VPOS="3312" WIDTH="34" />
<String CONTENT="A" HEIGHT="38" HPOS="1414" VPOS="3312" WIDTH="40" />
<SP HEIGHT="39" HPOS="1455" VPOS="3312" WIDTH="30" />
<String CONTENT="72922:" HEIGHT="40" HPOS="1486" VPOS="3311" WIDTH="169" />
<SP HEIGHT="39" HPOS="1656" VPOS="3313" WIDTH="34" />
<String CONTENT="West" HEIGHT="39" HPOS="1691" VPOS="3313" WIDTH="134" />
<SP HEIGHT="46" HPOS="1826" VPOS="3314" WIDTH="28" />
<String CONTENT="pub." HEIGHT="47" HPOS="1855" VPOS="3313" WIDTH="109" />
<SP HEIGHT="28" HPOS="1965" VPOS="3324" WIDTH="33" />
<String CONTENT="co." HEIGHT="30" HPOS="1999" VPOS="3322" WIDTH="66" />
</TextLine>
<TextLine HEIGHT="66" HPOS="179" STYLEREFS="StyleId-ADDD80FC-924D-4A8D-A781-11FE97BF872A-" VPOS="3426" WIDTH="1232">
<String CONTENT="Stephens," HEIGHT="63" HPOS="179" VPOS="3426" WIDTH="311" />
<SP HEIGHT="62" HPOS="491" VPOS="3427" WIDTH="30" />
<String CONTENT="Charles" HEIGHT="54" HPOS="522" VPOS="3426" WIDTH="245" />
<SP HEIGHT="53" HPOS="768" VPOS="3427" WIDTH="27" />
<String CONTENT="Asbury," HEIGHT="65" HPOS="796" VPOS="3427" WIDTH="259" />
<SP HEIGHT="57" HPOS="1056" VPOS="3435" WIDTH="31" />
<String CONTENT="1845-1931." HEIGHT="50" HPOS="1088" VPOS="3434" WIDTH="323" />
</TextLine>
<TextLine CS="1" HEIGHT="70" HPOS="249" STYLEREFS="StyleId-039F5F42-65F0-4980-B845-4330C33F3FE9-" VPOS="3504" WIDTH="1932">
<String CONTENT="My" HEIGHT="67" HPOS="249" VPOS="3505" WIDTH="103" />
<SP HEIGHT="68" HPOS="353" VPOS="3504" WIDTH="42" />
<String CONTENT="folks" HEIGHT="53" HPOS="396" VPOS="3504" WIDTH="152" />
<SP HEIGHT="53" HPOS="549" VPOS="3504" WIDTH="40" />
<String CONTENT="in" HEIGHT="51" HPOS="590" VPOS="3504" WIDTH="57" />
<SP HEIGHT="51" HPOS="648" VPOS="3504" WIDTH="43" />
<String CONTENT="Maine," HEIGHT="69" HPOS="692" VPOS="3504" WIDTH="210" />
<SP HEIGHT="68" HPOS="903" VPOS="3505" WIDTH="38" />
<String CONTENT="by" HEIGHT="68" HPOS="942" VPOS="3505" WIDTH="75" />
<SP HEIGHT="68" HPOS="1018" VPOS="3505" WIDTH="41" />
<String CONTENT="C." HEIGHT="54" HPOS="1060" VPOS="3505" WIDTH="60" />
<SP HEIGHT="53" HPOS="1121" VPOS="3505" WIDTH="42" />
<String CONTENT="A." HEIGHT="53" HPOS="1164" VPOS="3505" WIDTH="69" />
<SP HEIGHT="54" HPOS="1234" VPOS="3506" WIDTH="45" />
<String CONTENT="Stephens" HEIGHT="67" HPOS="1280" VPOS="3506" WIDTH="279" />
<SP HEIGHT="33" HPOS="1560" VPOS="3527" WIDTH="47" />
<String CONTENT="&#8230;" CS="1" />
<SP HEIGHT="52" HPOS="1664" VPOS="3507" WIDTH="78" />
<String CONTENT="Norway," HEIGHT="67" HPOS="1743" VPOS="3507" WIDTH="267" />
<SP HEIGHT="65" HPOS="2011" VPOS="3508" WIDTH="41" />
<String CONTENT="Me.," HEIGHT="65" HPOS="2053" VPOS="3508" WIDTH="128" />
</TextLine>
<TextLine HEIGHT="69" HPOS="180" STYLEREFS="StyleId-039F5F42-65F0-4980-B845-4330C33F3FE9-" VPOS="3581" WIDTH="1098">
<String CONTENT="The" HEIGHT="52" HPOS="180" VPOS="3582" WIDTH="120" />
<SP HEIGHT="55" HPOS="301" VPOS="3581" WIDTH="27" />
<String CONTENT="Old" HEIGHT="55" HPOS="329" VPOS="3581" WIDTH="115" />
<SP HEIGHT="51" HPOS="445" VPOS="3583" WIDTH="25" />
<String CONTENT="squire&#8217;s" HEIGHT="68" HPOS="471" VPOS="3581" WIDTH="230" />
<SP HEIGHT="53" HPOS="702" VPOS="3581" WIDTH="28" />
<String CONTENT="book" HEIGHT="54" HPOS="731" VPOS="3581" WIDTH="148" />
<SP HEIGHT="54" HPOS="880" VPOS="3582" WIDTH="25" />
<String CONTENT="store" HEIGHT="51" HPOS="906" VPOS="3585" WIDTH="148" />
<SP HEIGHT="50" HPOS="1055" VPOS="3600" WIDTH="33" />
<String CONTENT="[c1934]" HEIGHT="63" HPOS="1089" VPOS="3587" WIDTH="189" />
</TextLine>
<TextLine CS="1" HEIGHT="48" HPOS="257" VPOS="3656" WIDTH="636">
<String CONTENT="vi" HEIGHT="38" HPOS="257" VPOS="3657" WIDTH="46" />
<SP HEIGHT="47" HPOS="304" VPOS="3657" WIDTH="25" />
<String CONTENT="p.," HEIGHT="36" HPOS="330" LANG="fr" VPOS="3668" WIDTH="57" />
<SP HEIGHT="45" HPOS="388" VPOS="3657" WIDTH="26" />
<String CONTENT="1" HEIGHT="38" HPOS="415" VPOS="3657" WIDTH="25" />
<SP />
<String CONTENT="l.," CS="1" />
<SP />
<String CONTENT="304" HEIGHT="40" HPOS="538" VPOS="3656" WIDTH="85" />
<SP HEIGHT="47" HPOS="624" VPOS="3657" WIDTH="25" />
<String CONTENT="p." HEIGHT="38" HPOS="650" VPOS="3666" WIDTH="43" />
<SP HEIGHT="40" HPOS="694" VPOS="3656" WIDTH="54" />
<String CONTENT="19&#189;cm." CS="1" HEIGHT="6" HPOS="885" VPOS="3690" WIDTH="8" />
</TextLine>
<TextLine HEIGHT="48" HPOS="257" VPOS="3713" WIDTH="634">
<String CONTENT="Plans" HEIGHT="40" HPOS="257" VPOS="3713" WIDTH="147" />
<SP HEIGHT="29" HPOS="405" VPOS="3724" WIDTH="32" />
<String CONTENT="on" HEIGHT="29" HPOS="438" VPOS="3724" WIDTH="59" />
<SP HEIGHT="38" HPOS="498" VPOS="3714" WIDTH="28" />
<String CONTENT="lining-papers." HEIGHT="48" HPOS="527" VPOS="3713" WIDTH="364" />
</TextLine>
<TextLine HEIGHT="50" HPOS="255" VPOS="3769" WIDTH="1926">
<String CONTENT="A" HEIGHT="39" HPOS="255" VPOS="3769" WIDTH="40" />
<SP HEIGHT="40" HPOS="296" VPOS="3769" WIDTH="30" />
<String CONTENT="collection" HEIGHT="40" HPOS="327" VPOS="3769" WIDTH="251" />
<SP HEIGHT="29" HPOS="579" VPOS="3780" WIDTH="33" />
<String CONTENT="of" HEIGHT="40" HPOS="613" VPOS="3769" WIDTH="50" />
<SP HEIGHT="39" HPOS="664" VPOS="3769" WIDTH="30" />
<String CONTENT="heretofore" HEIGHT="40" HPOS="695" VPOS="3770" WIDTH="278" />
<SP HEIGHT="29" HPOS="974" VPOS="3781" WIDTH="29" />
<String CONTENT="unpublished" HEIGHT="47" HPOS="1004" VPOS="3772" WIDTH="321" />
<SP HEIGHT="39" HPOS="1326" VPOS="3774" WIDTH="34" />
<String CONTENT="stories" HEIGHT="40" HPOS="1361" VPOS="3773" WIDTH="175" />
<SP HEIGHT="30" HPOS="1537" VPOS="3783" WIDTH="33" />
<String CONTENT="of" HEIGHT="39" HPOS="1571" VPOS="3773" WIDTH="53" />
<SP HEIGHT="40" HPOS="1625" VPOS="3773" WIDTH="30" />
<String CONTENT="the" HEIGHT="39" HPOS="1656" VPOS="3774" WIDTH="81" />
<SP HEIGHT="39" HPOS="1738" VPOS="3774" WIDTH="33" />
<String CONTENT="days" HEIGHT="45" HPOS="1772" VPOS="3774" WIDTH="119" />
<SP HEIGHT="30" HPOS="1892" VPOS="3783" WIDTH="32" />
<String CONTENT="when" HEIGHT="39" HPOS="1925" VPOS="3773" WIDTH="139" />
<SP HEIGHT="39" HPOS="2065" VPOS="3773" WIDTH="33" />
<String CONTENT="the" HEIGHT="39" HPOS="2099" VPOS="3773" WIDTH="82" />
</TextLine>
<TextLine HEIGHT="43" HPOS="184" VPOS="3826" WIDTH="1475">
<String CONTENT="author&#8217;s" HEIGHT="41" HPOS="184" VPOS="3826" WIDTH="217" />
<SP HEIGHT="30" HPOS="402" VPOS="3837" WIDTH="28" />
<String CONTENT="ancestors" HEIGHT="38" HPOS="431" VPOS="3829" WIDTH="247" />
<SP HEIGHT="30" HPOS="679" VPOS="3837" WIDTH="28" />
<String CONTENT="settled" HEIGHT="39" HPOS="708" VPOS="3828" WIDTH="175" />
<SP HEIGHT="39" HPOS="884" VPOS="3828" WIDTH="27" />
<String CONTENT="in" HEIGHT="38" HPOS="912" VPOS="3828" WIDTH="49" />
<SP HEIGHT="37" HPOS="962" VPOS="3831" WIDTH="27" />
<String CONTENT="the" HEIGHT="39" HPOS="990" VPOS="3829" WIDTH="81" />
<SP HEIGHT="29" HPOS="1072" VPOS="3839" WIDTH="26" />
<String CONTENT="northern" HEIGHT="39" HPOS="1099" VPOS="3830" WIDTH="232" />
<SP HEIGHT="29" HPOS="1332" VPOS="3839" WIDTH="27" />
<String CONTENT="wilderness." HEIGHT="40" HPOS="1360" VPOS="3829" WIDTH="299" />
</TextLine>
<TextLine CS="1" HEIGHT="54" HPOS="189" VPOS="3891" WIDTH="1991">
<String CONTENT="&#169;" HEIGHT="52" HPOS="189" VPOS="3891" WIDTH="52" />
<SP HEIGHT="52" HPOS="242" VPOS="3891" WIDTH="31" />
<String CONTENT="May" HEIGHT="46" HPOS="274" VPOS="3898" WIDTH="114" />
<SP HEIGHT="47" HPOS="389" VPOS="3897" WIDTH="31" />
<String CONTENT="12," HEIGHT="47" HPOS="421" VPOS="3897" WIDTH="68" />
<SP HEIGHT="47" HPOS="490" VPOS="3897" WIDTH="34" />
<String CONTENT="1934;" HEIGHT="47" HPOS="525" VPOS="3897" WIDTH="139" />
<SP />
<String CONTENT="1c." CS="1" />
<SP />
<String CONTENT="May" HEIGHT="46" HPOS="804" VPOS="3899" WIDTH="113" />
<SP HEIGHT="47" HPOS="918" VPOS="3898" WIDTH="32" />
<String CONTENT="22;" HEIGHT="47" HPOS="951" VPOS="3898" WIDTH="81" />
<SP HEIGHT="46" HPOS="1033" VPOS="3899" WIDTH="37" />
<String CONTENT="1c." CS="1" HEIGHT="29" HPOS="1100" VPOS="3910" WIDTH="35" />
<SP HEIGHT="39" HPOS="1136" VPOS="3900" WIDTH="35" />
<String CONTENT="June" HEIGHT="40" HPOS="1172" VPOS="3900" WIDTH="124" />
<SP HEIGHT="40" HPOS="1297" VPOS="3900" WIDTH="33" />
<String CONTENT="1;" HEIGHT="42" HPOS="1331" VPOS="3900" WIDTH="51" />
<SP HEIGHT="31" HPOS="1383" VPOS="3911" WIDTH="37" />
<String CONTENT="aff." HEIGHT="39" HPOS="1421" VPOS="3900" WIDTH="79" />
<SP HEIGHT="38" HPOS="1501" VPOS="3901" WIDTH="36" />
<String CONTENT="May" HEIGHT="44" HPOS="1538" VPOS="3901" WIDTH="115" />
<SP HEIGHT="44" HPOS="1654" VPOS="3901" WIDTH="32" />
<String CONTENT="21;" HEIGHT="44" HPOS="1687" VPOS="3901" WIDTH="81" />
<SP HEIGHT="45" HPOS="1769" VPOS="3900" WIDTH="37" />
<String CONTENT="A" HEIGHT="39" HPOS="1807" VPOS="3900" WIDTH="41" />
<SP HEIGHT="39" HPOS="1849" VPOS="3900" WIDTH="31" />
<String CONTENT="71942;" CS="1" HEIGHT="41" HPOS="1881" VPOS="3898" WIDTH="142" />
<SP HEIGHT="41" HPOS="2051" VPOS="3899" WIDTH="39" />
<String CONTENT="Old" HEIGHT="40" HPOS="2091" VPOS="3899" WIDTH="89" />
</TextLine>
<TextLine HEIGHT="50" HPOS="255" VPOS="3953" WIDTH="876">
<String CONTENT="squire&#8217;s" HEIGHT="47" HPOS="255" VPOS="3953" WIDTH="202" />
<SP HEIGHT="39" HPOS="458" VPOS="3954" WIDTH="26" />
<String CONTENT="book" HEIGHT="40" HPOS="485" VPOS="3954" WIDTH="122" />
<SP HEIGHT="39" HPOS="608" VPOS="3954" WIDTH="27" />
<String CONTENT="store." HEIGHT="38" HPOS="636" VPOS="3956" WIDTH="141" />
<SP HEIGHT="47" HPOS="778" VPOS="3954" WIDTH="74" />
<String CONTENT="(34-15304)" HEIGHT="49" HPOS="853" VPOS="3954" WIDTH="278" />
</TextLine>
</TextBlock>
</PrintSpace>
</Page>
</Layout>
</alto>