<alto xmlns="http://www.loc.gov/standards/alto/ns-v3#" xmlns:xsi="http://www.w3.org/2001/XMLSchema-instance" xsi:schemaLocation="http://www.loc.gov/standards/alto/ns-v3# http://www.loc.gov/alto/v3/alto-3-0.xsd"><Description>
<MeasurementUnit>pixel</MeasurementUnit>
<sourceImageInformation>
<fileName>1934_v1_Part1.pdf</fileName>
</sourceImageInformation>
<OCRProcessing ID="IdOcr">
<ocrProcessingStep>
<processingDateTime>2019-01-10</processingDateTime>
<processingSoftware>
<softwareCreator>ABBYY</softwareCreator>
<softwareName>ABBYY Recognition Server</softwareName>
<softwareVersion>4.0</softwareVersion>
</processingSoftware>
</ocrProcessingStep>
</OCRProcessing>
</Description>
<Styles>
<ParagraphStyle ALIGN="Left" FIRSTLINE="0." ID="StyleId-FFFFFFFF-FFFF-FFFF-FFFF-FFFFFFFFFFFF-" LEFT="0." RIGHT="0." />
<ParagraphStyle ALIGN="Right" FIRSTLINE="0." ID="StyleId-521E1FC6-FE7E-43A4-90E6-A9B61626A263-" LEFT="0." LINESPACE="13.30000019" RIGHT="0." />
<ParagraphStyle ALIGN="Left" FIRSTLINE="-27." ID="StyleId-639B624E-F6F5-47B6-BB1D-34E64B53022F-" LEFT="0." LINESPACE="13.43999958" RIGHT="0." />
<ParagraphStyle ALIGN="Left" FIRSTLINE="0." ID="StyleId-100905F9-D385-406B-A5BD-ED5B8FD85431-" LEFT="0." RIGHT="0." />
<ParagraphStyle ALIGN="Left" FIRSTLINE="-27." ID="StyleId-7C9F9BA2-EF3A-4B7F-8486-CCC7B7F49B39-" LEFT="0." LINESPACE="18.71999931" RIGHT="0." />
<ParagraphStyle ALIGN="Block" FIRSTLINE="-27." ID="StyleId-350780E3-60F2-4605-88F5-BB54F9B87091-" LEFT="0." LINESPACE="18.71999931" RIGHT="0." />
<ParagraphStyle ALIGN="Left" FIRSTLINE="0." ID="StyleId-90B16C58-D795-4C77-9B89-30378C515D40-" LEFT="0." LINESPACE="14.39999962" RIGHT="0." />
<ParagraphStyle ALIGN="Right" FIRSTLINE="-27." ID="StyleId-17090E09-AFAF-4086-BD9B-4E99FAE6B057-" LEFT="0." LINESPACE="14.39999962" RIGHT="0." />
<ParagraphStyle ALIGN="Left" FIRSTLINE="-27." ID="StyleId-8B87B633-89DB-4D72-B1FC-26E4ABD680BC-" LEFT="0." LINESPACE="18.47999954" RIGHT="0." />
<ParagraphStyle ALIGN="Left" FIRSTLINE="0." ID="StyleId-42DA7417-CA90-4D71-A57B-06556C38D752-" LEFT="0." LINESPACE="13.30000019" RIGHT="0." />
<ParagraphStyle ALIGN="Block" FIRSTLINE="0." ID="StyleId-D8EE2A7E-42AE-4E35-98DB-F0F935637AA0-" LEFT="0." LINESPACE="6.599999905" RIGHT="0." />
<ParagraphStyle ALIGN="Left" FIRSTLINE="0." ID="StyleId-33CD3121-D4F5-43B6-BA96-6382D166E6B8-" LEFT="0." LINESPACE="15.5" RIGHT="0." />
<ParagraphStyle ALIGN="Block" FIRSTLINE="-21." ID="StyleId-1CE52AFA-C319-4DD9-B4B1-F0EBFA2B3F0B-" LEFT="0." LINESPACE="18.71999931" RIGHT="0." />
<ParagraphStyle ALIGN="Left" FIRSTLINE="0." ID="StyleId-B74F1B65-92F1-49C5-A5FA-D20442F031F2-" LEFT="0." LINESPACE="17.70006076" RIGHT="0." />
<ParagraphStyle ALIGN="Center" FIRSTLINE="0." ID="StyleId-79E2924A-215C-40B7-B577-7236BFBAA25E-" LEFT="0." LINESPACE="7.199999809" RIGHT="0." />
</Styles>
<Layout>
<Page HEIGHT="4196" ID="Page224" PHYSICAL_IMG_NR="224" WIDTH="2350">
<TopMargin HEIGHT="409" HPOS="0" VPOS="0" WIDTH="2350">
</TopMargin>
<LeftMargin HEIGHT="3581" HPOS="0" VPOS="409" WIDTH="221">
</LeftMargin>
<RightMargin HEIGHT="3581" HPOS="2246" VPOS="409" WIDTH="104">
</RightMargin>
<BottomMargin HEIGHT="206" HPOS="0" VPOS="3990" WIDTH="2350">
<TextBlock HEIGHT="60" HPOS="1183" ID="Page224_Block1" LANG="en-US" STYLEREFS="StyleId-E0F61E8C-456C-4761-B9AA-D1214C845141-" VPOS="4015" WIDTH="114">
<TextLine HEIGHT="48" HPOS="1189" VPOS="4021" WIDTH="102">
<String CONTENT="224" HEIGHT="48" HPOS="1189" VPOS="4021" WIDTH="102" />
</TextLine>
</TextBlock>
</BottomMargin>
<PrintSpace HEIGHT="3581" HPOS="221" VPOS="409" WIDTH="2025">
<TextBlock CS="1" HEIGHT="3581" HPOS="221" ID="Page224_Block2" LANG="en-US" STYLEREFS="StyleId-358B9B1E-40C5-4A3C-9433-6975C620A53D-" VPOS="409" WIDTH="2025">
<TextLine CS="1" HEIGHT="49" HPOS="323" VPOS="491" WIDTH="649">
<String CONTENT="xiv" HEIGHT="41" HPOS="323" VPOS="491" WIDTH="82" />
<SP />
<String CONTENT="p.," HEIGHT="37" HPOS="435" VPOS="503" WIDTH="56" />
<SP HEIGHT="48" HPOS="492" VPOS="492" WIDTH="26" />
<String CONTENT="2" HEIGHT="38" HPOS="519" VPOS="492" WIDTH="25" />
<SP HEIGHT="39" HPOS="545" VPOS="492" WIDTH="24" />
<String CONTENT="l.," CS="1" HEIGHT="16" HPOS="605" VPOS="523" WIDTH="8" />
<SP HEIGHT="48" HPOS="614" VPOS="491" WIDTH="27" />
<String CONTENT="98" HEIGHT="40" HPOS="642" VPOS="491" WIDTH="56" />
<SP HEIGHT="47" HPOS="699" VPOS="492" WIDTH="24" />
<String CONTENT="p." HEIGHT="36" HPOS="724" VPOS="503" WIDTH="43" />
<SP HEIGHT="41" HPOS="768" VPOS="492" WIDTH="58" />
<String CONTENT="19&#189;" CS="1" HEIGHT="40" HPOS="827" VPOS="491" WIDTH="55" />
<String CONTENT="cm" CS="1" HEIGHT="20" HPOS="914" STYLE="superscript" VPOS="495" WIDTH="14" />
<String CONTENT="." HEIGHT="8" HPOS="964" VPOS="524" WIDTH="8" />
</TextLine>
<TextLine CS="1" HEIGHT="51" HPOS="257" VPOS="559" WIDTH="1707">
<String CONTENT="&#169;" HEIGHT="51" HPOS="257" VPOS="559" WIDTH="50" />
<SP HEIGHT="51" HPOS="308" VPOS="559" WIDTH="29" />
<String CONTENT="Feb." HEIGHT="38" HPOS="338" VPOS="564" WIDTH="109" />
<SP HEIGHT="37" HPOS="448" VPOS="565" WIDTH="27" />
<String CONTENT="13," HEIGHT="41" HPOS="476" VPOS="564" WIDTH="67" />
<SP HEIGHT="40" HPOS="544" VPOS="565" WIDTH="27" />
<String CONTENT="1934;" CS="1" HEIGHT="39" HPOS="572" VPOS="563" WIDTH="114" />
<SP HEIGHT="45" HPOS="712" VPOS="563" WIDTH="30" />
<String CONTENT="2" HEIGHT="37" HPOS="743" VPOS="563" WIDTH="24" />
<SP HEIGHT="39" HPOS="768" VPOS="563" WIDTH="1" />
<String CONTENT="c." HEIGHT="32" HPOS="769" VPOS="570" WIDTH="38" />
<SP HEIGHT="28" HPOS="808" VPOS="574" WIDTH="28" />
<String CONTENT="and" HEIGHT="38" HPOS="837" VPOS="564" WIDTH="94" />
<SP HEIGHT="38" HPOS="932" VPOS="564" WIDTH="28" />
<String CONTENT="aff." CS="1" HEIGHT="39" HPOS="961" VPOS="563" WIDTH="78" />
<SP HEIGHT="37" HPOS="1040" VPOS="564" WIDTH="31" />
<String CONTENT="Feb." HEIGHT="38" HPOS="1072" VPOS="564" WIDTH="107" />
<SP HEIGHT="37" HPOS="1180" VPOS="565" WIDTH="29" />
<String CONTENT="14:" CS="1" HEIGHT="37" HPOS="1210" VPOS="565" WIDTH="54" />
<SP HEIGHT="39" HPOS="1291" VPOS="564" WIDTH="29" />
<String CONTENT="A" HEIGHT="38" HPOS="1321" VPOS="564" WIDTH="42" />
<SP HEIGHT="39" HPOS="1364" VPOS="564" WIDTH="24" />
<String CONTENT="69421;" CS="1" HEIGHT="39" HPOS="1389" VPOS="564" WIDTH="141" />
<SP HEIGHT="45" HPOS="1559" VPOS="565" WIDTH="31" />
<String CONTENT="Macmillan" HEIGHT="40" HPOS="1591" VPOS="564" WIDTH="279" />
<SP HEIGHT="28" HPOS="1871" VPOS="576" WIDTH="28" />
<String CONTENT="co." HEIGHT="27" HPOS="1900" VPOS="578" WIDTH="64" />
</TextLine>
<TextLine HEIGHT="47" HPOS="337" VPOS="620" WIDTH="249">
<String CONTENT="(34-4091)" HEIGHT="47" HPOS="337" VPOS="620" WIDTH="249" />
</TextLine>
<TextLine HEIGHT="66" HPOS="251" STYLEREFS="StyleId-A116D473-B893-4289-A208-B11CF0ED588E-" VPOS="722" WIDTH="1547">
<String CONTENT="Thompson," HEIGHT="65" HPOS="251" VPOS="722" WIDTH="353" />
<SP HEIGHT="64" HPOS="605" VPOS="723" WIDTH="28" />
<String CONTENT="Edward," HEIGHT="63" HPOS="634" VPOS="723" WIDTH="272" />
<SP HEIGHT="46" HPOS="907" VPOS="740" WIDTH="27" />
<String CONTENT="company," HEIGHT="49" HPOS="935" VPOS="738" WIDTH="302" />
<SP HEIGHT="62" HPOS="1238" VPOS="725" WIDTH="23" />
<String CONTENT="Northport," HEIGHT="64" HPOS="1262" VPOS="724" WIDTH="342" />
<SP HEIGHT="63" HPOS="1605" VPOS="725" WIDTH="21" />
<String CONTENT="N." HEIGHT="51" HPOS="1627" LANG="fr" VPOS="725" WIDTH="71" />
<SP HEIGHT="50" HPOS="1699" VPOS="726" WIDTH="28" />
<String CONTENT="Y." HEIGHT="50" HPOS="1728" VPOS="726" WIDTH="70" />
</TextLine>
<TextLine CS="1" HEIGHT="129" HPOS="249" STYLEREFS="StyleId-97540938-FF27-4C24-AAFA-077C3FB303BB-" VPOS="800" WIDTH="1962">
<String CONTENT="Federal" HEIGHT="51" HPOS="320" VPOS="801" WIDTH="240" />
<SP HEIGHT="50" HPOS="561" VPOS="800" WIDTH="26" />
<String CONTENT="law" HEIGHT="51" HPOS="588" VPOS="800" WIDTH="110" />
<SP HEIGHT="33" HPOS="699" VPOS="819" WIDTH="26" />
<String CONTENT="of" HEIGHT="51" HPOS="726" VPOS="801" WIDTH="65" />
<SP HEIGHT="53" HPOS="792" VPOS="801" WIDTH="23" />
<String CONTENT="contracts," HEIGHT="62" HPOS="816" VPOS="805" WIDTH="297" />
<SP HEIGHT="48" HPOS="1114" VPOS="819" WIDTH="28" />
<String CONTENT="a" HEIGHT="33" HPOS="1143" VPOS="819" WIDTH="30" />
<SP HEIGHT="45" HPOS="1174" VPOS="807" WIDTH="24" />
<String CONTENT="treatise" HEIGHT="52" HPOS="1199" VPOS="800" WIDTH="227" />
<SP HEIGHT="33" HPOS="1427" VPOS="819" WIDTH="27" />
<String CONTENT="covering" HEIGHT="64" HPOS="1455" VPOS="802" WIDTH="266" />
<SP HEIGHT="59" HPOS="1722" VPOS="807" WIDTH="29" />
<String CONTENT="the" HEIGHT="51" HPOS="1752" VPOS="801" WIDTH="94" />
<SP HEIGHT="33" HPOS="1847" VPOS="819" WIDTH="27" />
<String CONTENT="administration" HEIGHT="129" HPOS="249" VPOS="800" WIDTH="1962" />
</TextLine>
<TextLine CS="1" HEIGHT="68" HPOS="403" STYLEREFS="StyleId-97540938-FF27-4C24-AAFA-077C3FB303BB-" VPOS="876" WIDTH="1832">
<String CONTENT="of" HEIGHT="52" HPOS="403" VPOS="877" WIDTH="64" />
<SP HEIGHT="52" HPOS="468" VPOS="877" WIDTH="28" />
<String CONTENT="the" HEIGHT="51" HPOS="497" VPOS="878" WIDTH="94" />
<SP HEIGHT="50" HPOS="592" VPOS="878" WIDTH="31" />
<String CONTENT="law" HEIGHT="51" HPOS="624" VPOS="878" WIDTH="108" />
<SP HEIGHT="34" HPOS="733" VPOS="895" WIDTH="32" />
<String CONTENT="of" HEIGHT="51" HPOS="766" VPOS="877" WIDTH="63" />
<SP HEIGHT="52" HPOS="830" VPOS="877" WIDTH="29" />
<String CONTENT="contracts" HEIGHT="47" HPOS="860" VPOS="883" WIDTH="280" />
<SP HEIGHT="52" HPOS="1141" VPOS="878" WIDTH="30" />
<String CONTENT="by" HEIGHT="66" HPOS="1172" VPOS="878" WIDTH="73" />
<SP HEIGHT="61" HPOS="1246" VPOS="883" WIDTH="29" />
<String CONTENT="the" HEIGHT="52" HPOS="1276" VPOS="878" WIDTH="95" />
<SP HEIGHT="54" HPOS="1372" VPOS="876" WIDTH="31" />
<String CONTENT="federal" HEIGHT="54" HPOS="1404" VPOS="876" WIDTH="220" />
<SP HEIGHT="51" HPOS="1625" VPOS="880" WIDTH="32" />
<String CONTENT="courts" HEIGHT="48" HPOS="1658" VPOS="883" WIDTH="185" />
<SP HEIGHT="32" HPOS="1844" VPOS="898" WIDTH="37" />
<String CONTENT="&#8230;" CS="1" />
<SP HEIGHT="50" HPOS="1938" VPOS="880" WIDTH="78" />
<String CONTENT="By" HEIGHT="64" HPOS="2017" VPOS="880" WIDTH="89" />
<SP HEIGHT="60" HPOS="2107" VPOS="884" WIDTH="33" />
<String CONTENT="the" HEIGHT="50" HPOS="2141" VPOS="880" WIDTH="94" />
</TextLine>
<TextLine CS="1" HEIGHT="67" HPOS="248" STYLEREFS="StyleId-97540938-FF27-4C24-AAFA-077C3FB303BB-" VPOS="955" WIDTH="1954">
<String CONTENT="publishers&#8217;" HEIGHT="66" HPOS="248" VPOS="955" WIDTH="336" />
<SP HEIGHT="51" HPOS="585" VPOS="956" WIDTH="27" />
<String CONTENT="editorial" HEIGHT="52" HPOS="613" VPOS="955" WIDTH="264" />
<SP HEIGHT="50" HPOS="878" VPOS="957" WIDTH="25" />
<String CONTENT="staff." HEIGHT="52" HPOS="904" VPOS="955" WIDTH="147" />
<SP HEIGHT="52" HPOS="1052" VPOS="956" WIDTH="75" />
<String CONTENT="Northport," HEIGHT="66" HPOS="1128" VPOS="956" WIDTH="336" />
<SP HEIGHT="65" HPOS="1465" VPOS="957" WIDTH="25" />
<String CONTENT="Edward" HEIGHT="51" HPOS="1491" VPOS="957" WIDTH="253" />
<SP HEIGHT="51" HPOS="1745" VPOS="957" WIDTH="23" />
<String CONTENT="Thompson" HEIGHT="65" HPOS="1769" VPOS="957" WIDTH="328" />
<SP HEIGHT="32" HPOS="2098" VPOS="975" WIDTH="26" />
<String CONTENT="co.;" CS="1" HEIGHT="34" HPOS="2125" VPOS="974" WIDTH="77" />
</TextLine>
<TextLine CS="1" HEIGHT="69" HPOS="251" STYLEREFS="StyleId-97540938-FF27-4C24-AAFA-077C3FB303BB-" VPOS="1030" WIDTH="1139">
<String CONTENT="St." HEIGHT="54" HPOS="251" VPOS="1030" WIDTH="82" />
<SP HEIGHT="50" HPOS="334" VPOS="1034" WIDTH="28" />
<String CONTENT="Paul," HEIGHT="65" HPOS="363" VPOS="1033" WIDTH="163" />
<SP HEIGHT="65" HPOS="527" VPOS="1033" WIDTH="26" />
<String CONTENT="West" HEIGHT="53" HPOS="554" VPOS="1033" WIDTH="159" />
<SP HEIGHT="61" HPOS="714" VPOS="1038" WIDTH="26" />
<String CONTENT="publishing" HEIGHT="67" HPOS="741" VPOS="1032" WIDTH="333" />
<SP HEIGHT="48" HPOS="1075" VPOS="1051" WIDTH="29" />
<String CONTENT="co." HEIGHT="35" HPOS="1105" VPOS="1052" WIDTH="76" />
<SP HEIGHT="33" HPOS="1182" VPOS="1066" WIDTH="34" />
<String CONTENT="[" HEIGHT="33" HPOS="1217" STYLE="subscript" VPOS="1066" WIDTH="12" />
<String CONTENT="c" HEIGHT="21" HPOS="1234" STYLE="superscript" VPOS="1039" WIDTH="17" />
<String CONTENT="1934]" CS="1" HEIGHT="48" HPOS="1257" VPOS="1037" WIDTH="133" />
</TextLine>
<TextLine HEIGHT="41" HPOS="322" VPOS="1104" WIDTH="273">
<String CONTENT="2" HEIGHT="39" HPOS="322" VPOS="1104" WIDTH="27" />
<SP HEIGHT="41" HPOS="350" VPOS="1104" WIDTH="25" />
<String CONTENT="v." HEIGHT="28" HPOS="376" VPOS="1117" WIDTH="42" />
<SP HEIGHT="39" HPOS="419" VPOS="1106" WIDTH="59" />
<String CONTENT="25" HEIGHT="39" HPOS="479" VPOS="1105" WIDTH="55" />
<String CONTENT="cm" HEIGHT="21" HPOS="538" STYLE="superscript" VPOS="1107" WIDTH="43" />
<String CONTENT="." HEIGHT="7" HPOS="588" VPOS="1137" WIDTH="7" />
</TextLine>
<TextLine HEIGHT="48" HPOS="326" VPOS="1166" WIDTH="1913">
<String CONTENT="&#8220;The" HEIGHT="40" HPOS="326" VPOS="1167" WIDTH="126" />
<SP HEIGHT="37" HPOS="453" VPOS="1170" WIDTH="28" />
<String CONTENT="text" HEIGHT="37" HPOS="482" VPOS="1169" WIDTH="104" />
<SP HEIGHT="38" HPOS="587" VPOS="1169" WIDTH="29" />
<String CONTENT="of" HEIGHT="40" HPOS="617" VPOS="1167" WIDTH="51" />
<SP HEIGHT="39" HPOS="669" VPOS="1167" WIDTH="29" />
<String CONTENT="this" HEIGHT="40" HPOS="699" VPOS="1166" WIDTH="97" />
<SP HEIGHT="29" HPOS="797" VPOS="1177" WIDTH="28" />
<String CONTENT="work" HEIGHT="38" HPOS="826" VPOS="1168" WIDTH="133" />
<SP HEIGHT="37" HPOS="960" VPOS="1168" WIDTH="28" />
<String CONTENT="has" HEIGHT="39" HPOS="989" VPOS="1168" WIDTH="88" />
<SP HEIGHT="39" HPOS="1078" VPOS="1168" WIDTH="32" />
<String CONTENT="been" HEIGHT="38" HPOS="1111" VPOS="1168" WIDTH="116" />
<SP HEIGHT="37" HPOS="1228" VPOS="1177" WIDTH="27" />
<String CONTENT="prepared" HEIGHT="47" HPOS="1256" VPOS="1167" WIDTH="236" />
<SP HEIGHT="39" HPOS="1493" VPOS="1167" WIDTH="26" />
<String CONTENT="by" HEIGHT="47" HPOS="1520" VPOS="1167" WIDTH="63" />
<SP HEIGHT="47" HPOS="1584" VPOS="1167" WIDTH="27" />
<String CONTENT="Briscoe" HEIGHT="39" HPOS="1612" VPOS="1166" WIDTH="196" />
<SP HEIGHT="38" HPOS="1809" VPOS="1167" WIDTH="28" />
<String CONTENT="Baldwin" HEIGHT="39" HPOS="1838" VPOS="1167" WIDTH="222" />
<SP HEIGHT="40" HPOS="2061" VPOS="1167" WIDTH="31" />
<String CONTENT="Clark" HEIGHT="40" HPOS="2093" VPOS="1167" WIDTH="146" />
</TextLine>
<TextLine HEIGHT="48" HPOS="252" VPOS="1223" WIDTH="1318">
<String CONTENT="of" HEIGHT="39" HPOS="252" VPOS="1223" WIDTH="51" />
<SP HEIGHT="40" HPOS="304" VPOS="1223" WIDTH="28" />
<String CONTENT="the" HEIGHT="40" HPOS="333" VPOS="1223" WIDTH="80" />
<SP HEIGHT="37" HPOS="414" VPOS="1234" WIDTH="28" />
<String CONTENT="publishers'" HEIGHT="48" HPOS="443" VPOS="1223" WIDTH="287" />
<SP HEIGHT="39" HPOS="731" VPOS="1224" WIDTH="34" />
<String CONTENT="staff!.&#8221;&#8212;Publishers&#8217;" HEIGHT="40" HPOS="766" VPOS="1223" WIDTH="516" />
<SP HEIGHT="39" HPOS="1283" VPOS="1223" WIDTH="28" />
<String CONTENT="foreword." HEIGHT="43" HPOS="1312" VPOS="1223" WIDTH="258" />
</TextLine>
<TextLine HEIGHT="48" HPOS="323" VPOS="1280" WIDTH="1914">
<String CONTENT="Kept" HEIGHT="46" HPOS="323" VPOS="1280" WIDTH="129" />
<SP HEIGHT="37" HPOS="453" VPOS="1283" WIDTH="29" />
<String CONTENT="up" HEIGHT="36" HPOS="483" VPOS="1291" WIDTH="63" />
<SP HEIGHT="43" HPOS="547" VPOS="1284" WIDTH="29" />
<String CONTENT="to" HEIGHT="36" HPOS="577" VPOS="1284" WIDTH="47" />
<SP HEIGHT="38" HPOS="625" VPOS="1281" WIDTH="32" />
<String CONTENT="date" HEIGHT="39" HPOS="658" VPOS="1281" WIDTH="111" />
<SP HEIGHT="38" HPOS="770" VPOS="1281" WIDTH="31" />
<String CONTENT="by" HEIGHT="46" HPOS="802" VPOS="1281" WIDTH="58" />
<SP HEIGHT="36" HPOS="861" VPOS="1291" WIDTH="30" />
<String CONTENT="cumulative" HEIGHT="40" HPOS="892" VPOS="1280" WIDTH="293" />
<SP HEIGHT="29" HPOS="1186" VPOS="1290" WIDTH="29" />
<String CONTENT="supplements" HEIGHT="46" HPOS="1216" VPOS="1281" WIDTH="327" />
<SP HEIGHT="38" HPOS="1544" VPOS="1281" WIDTH="31" />
<String CONTENT="to" HEIGHT="38" HPOS="1576" VPOS="1281" WIDTH="47" />
<SP HEIGHT="38" HPOS="1624" VPOS="1282" WIDTH="32" />
<String CONTENT="be" HEIGHT="38" HPOS="1657" VPOS="1282" WIDTH="55" />
<SP HEIGHT="39" HPOS="1713" VPOS="1280" WIDTH="30" />
<String CONTENT="inserted" HEIGHT="40" HPOS="1744" VPOS="1280" WIDTH="213" />
<SP HEIGHT="40" HPOS="1958" VPOS="1280" WIDTH="29" />
<String CONTENT="in" HEIGHT="39" HPOS="1988" VPOS="1280" WIDTH="50" />
<SP HEIGHT="37" HPOS="2039" VPOS="1291" WIDTH="30" />
<String CONTENT="pocket" HEIGHT="47" HPOS="2070" VPOS="1281" WIDTH="167" />
</TextLine>
<TextLine HEIGHT="40" HPOS="252" VPOS="1336" WIDTH="1086">
<String CONTENT="on" HEIGHT="29" HPOS="252" VPOS="1345" WIDTH="60" />
<SP HEIGHT="37" HPOS="313" VPOS="1337" WIDTH="27" />
<String CONTENT="inside" HEIGHT="40" HPOS="341" VPOS="1336" WIDTH="154" />
<SP HEIGHT="29" HPOS="496" VPOS="1347" WIDTH="27" />
<String CONTENT="of" HEIGHT="40" HPOS="524" VPOS="1336" WIDTH="50" />
<SP HEIGHT="40" HPOS="575" VPOS="1336" WIDTH="24" />
<String CONTENT="back" HEIGHT="39" HPOS="600" VPOS="1337" WIDTH="120" />
<SP HEIGHT="39" HPOS="721" VPOS="1337" WIDTH="27" />
<String CONTENT="cover" HEIGHT="30" HPOS="749" VPOS="1346" WIDTH="139" />
<SP HEIGHT="28" HPOS="889" VPOS="1348" WIDTH="24" />
<String CONTENT="of" HEIGHT="39" HPOS="914" VPOS="1337" WIDTH="50" />
<SP HEIGHT="39" HPOS="965" VPOS="1337" WIDTH="24" />
<String CONTENT="each" HEIGHT="39" HPOS="990" VPOS="1337" WIDTH="117" />
<SP HEIGHT="39" HPOS="1108" VPOS="1337" WIDTH="27" />
<String CONTENT="volume." HEIGHT="39" HPOS="1136" VPOS="1337" WIDTH="202" />
</TextLine>
<TextLine CS="1" HEIGHT="50" HPOS="256" VPOS="1404" WIDTH="1984">
<String CONTENT="&#169;" HEIGHT="50" HPOS="256" VPOS="1404" WIDTH="50" />
<SP HEIGHT="50" HPOS="307" VPOS="1404" WIDTH="34" />
<String CONTENT="Jan." HEIGHT="40" HPOS="342" VPOS="1408" WIDTH="109" />
<SP HEIGHT="38" HPOS="452" VPOS="1410" WIDTH="33" />
<String CONTENT="11," HEIGHT="44" HPOS="486" VPOS="1410" WIDTH="67" />
<SP HEIGHT="44" HPOS="554" VPOS="1410" WIDTH="34" />
<String CONTENT="1934;" HEIGHT="40" HPOS="589" VPOS="1408" WIDTH="139" />
<SP HEIGHT="39" HPOS="729" VPOS="1409" WIDTH="35" />
<String CONTENT="2c." HEIGHT="39" HPOS="765" VPOS="1409" WIDTH="66" />
<SP HEIGHT="30" HPOS="832" VPOS="1418" WIDTH="33" />
<String CONTENT="each" HEIGHT="38" HPOS="866" VPOS="1409" WIDTH="116" />
<SP HEIGHT="37" HPOS="983" VPOS="1409" WIDTH="33" />
<String CONTENT="and" HEIGHT="38" HPOS="1017" VPOS="1409" WIDTH="95" />
<SP HEIGHT="38" HPOS="1113" VPOS="1409" WIDTH="34" />
<String CONTENT="affs." HEIGHT="39" HPOS="1148" VPOS="1407" WIDTH="106" />
<SP HEIGHT="39" HPOS="1255" VPOS="1407" WIDTH="35" />
<String CONTENT="Feb." HEIGHT="39" HPOS="1291" VPOS="1407" WIDTH="108" />
<SP HEIGHT="38" HPOS="1400" VPOS="1407" WIDTH="35" />
<String CONTENT="23;" HEIGHT="46" HPOS="1436" VPOS="1407" WIDTH="81" />
<SP HEIGHT="45" HPOS="1518" VPOS="1408" WIDTH="36" />
<String CONTENT="A" HEIGHT="37" HPOS="1555" VPOS="1408" WIDTH="40" />
<SP HEIGHT="39" HPOS="1596" VPOS="1408" WIDTH="33" />
<String CONTENT="69619," HEIGHT="47" HPOS="1630" VPOS="1407" WIDTH="155" />
<SP HEIGHT="46" HPOS="1786" VPOS="1408" WIDTH="36" />
<String CONTENT="60620;" CS="1" HEIGHT="40" HPOS="1823" VPOS="1407" WIDTH="141" />
<SP HEIGHT="44" HPOS="1992" VPOS="1409" WIDTH="37" />
<String CONTENT="Edward" HEIGHT="39" HPOS="2030" VPOS="1407" WIDTH="210" />
</TextLine>
<TextLine CS="1" HEIGHT="48" HPOS="321" VPOS="1464" WIDTH="1205">
<String CONTENT="Thompson" HEIGHT="45" HPOS="321" VPOS="1466" WIDTH="272" />
<SP HEIGHT="28" HPOS="594" VPOS="1476" WIDTH="27" />
<String CONTENT="co." HEIGHT="29" HPOS="622" VPOS="1475" WIDTH="64" />
<SP HEIGHT="27" HPOS="687" VPOS="1476" WIDTH="28" />
<String CONTENT="and" HEIGHT="37" HPOS="716" VPOS="1466" WIDTH="94" />
<SP HEIGHT="38" HPOS="811" VPOS="1466" WIDTH="26" />
<String CONTENT="West" HEIGHT="38" HPOS="838" VPOS="1466" WIDTH="133" />
<SP HEIGHT="45" HPOS="972" VPOS="1467" WIDTH="27" />
<String CONTENT="pub." HEIGHT="47" HPOS="1000" VPOS="1465" WIDTH="108" />
<SP HEIGHT="29" HPOS="1109" VPOS="1475" WIDTH="27" />
<String CONTENT="co." HEIGHT="28" HPOS="1137" VPOS="1475" WIDTH="65" />
<SP HEIGHT="46" HPOS="1203" VPOS="1464" WIDTH="72" />
<String CONTENT="(34-4093)" CS="1" HEIGHT="46" HPOS="1276" VPOS="1464" WIDTH="250" />
</TextLine>
<TextLine HEIGHT="67" HPOS="250" STYLEREFS="StyleId-DC2B0368-92A2-4116-8434-237C07591EA3-" VPOS="1568" WIDTH="829">
<String CONTENT="U." HEIGHT="54" HPOS="250" LANG="fr" VPOS="1568" WIDTH="71" />
<SP HEIGHT="53" HPOS="322" VPOS="1569" WIDTH="29" />
<String CONTENT="S." HEIGHT="53" HPOS="352" VPOS="1569" WIDTH="56" />
<SP HEIGHT="50" HPOS="409" VPOS="1570" WIDTH="73" />
<String CONTENT="Laws," HEIGHT="65" HPOS="483" VPOS="1570" WIDTH="183" />
<SP HEIGHT="47" HPOS="667" VPOS="1588" WIDTH="27" />
<String CONTENT="statutes," HEIGHT="59" HPOS="695" VPOS="1575" WIDTH="255" />
<SP HEIGHT="48" HPOS="951" VPOS="1586" WIDTH="28" />
<String CONTENT="etc." HEIGHT="45" HPOS="980" VPOS="1576" WIDTH="99" />
</TextLine>
<TextLine HEIGHT="67" HPOS="322" STYLEREFS="StyleId-97540938-FF27-4C24-AAFA-077C3FB303BB-" VPOS="1645" WIDTH="1915">
<String CONTENT="United" HEIGHT="54" HPOS="322" VPOS="1645" WIDTH="213" />
<SP HEIGHT="55" HPOS="536" VPOS="1646" WIDTH="40" />
<String CONTENT="States" HEIGHT="54" HPOS="577" VPOS="1647" WIDTH="187" />
<SP HEIGHT="54" HPOS="765" VPOS="1647" WIDTH="37" />
<String CONTENT="Code" HEIGHT="55" HPOS="803" VPOS="1646" WIDTH="152" />
<SP HEIGHT="33" HPOS="956" VPOS="1665" WIDTH="36" />
<String CONTENT="annotated." HEIGHT="51" HPOS="993" VPOS="1646" WIDTH="323" />
<SP HEIGHT="52" HPOS="1317" VPOS="1647" WIDTH="72" />
<String CONTENT="January," HEIGHT="65" HPOS="1390" VPOS="1647" WIDTH="279" />
<SP HEIGHT="62" HPOS="1670" VPOS="1650" WIDTH="37" />
<String CONTENT="1934," HEIGHT="64" HPOS="1708" VPOS="1648" WIDTH="150" />
<SP HEIGHT="48" HPOS="1859" VPOS="1664" WIDTH="35" />
<String CONTENT="cumulative" HEIGHT="53" HPOS="1895" VPOS="1645" WIDTH="342" />
</TextLine>
<TextLine HEIGHT="67" HPOS="250" STYLEREFS="StyleId-97540938-FF27-4C24-AAFA-077C3FB303BB-" VPOS="1723" WIDTH="1988">
<String CONTENT="pamphlet." HEIGHT="66" HPOS="250" VPOS="1724" WIDTH="311" />
<SP HEIGHT="51" HPOS="562" VPOS="1723" WIDTH="74" />
<String CONTENT="Annotations" HEIGHT="52" HPOS="637" VPOS="1723" WIDTH="386" />
<SP HEIGHT="33" HPOS="1024" VPOS="1742" WIDTH="64" />
<String CONTENT="and" HEIGHT="51" HPOS="1089" VPOS="1724" WIDTH="109" />
<SP HEIGHT="51" HPOS="1199" VPOS="1724" WIDTH="63" />
<String CONTENT="appendix," HEIGHT="66" HPOS="1263" VPOS="1724" WIDTH="306" />
<SP HEIGHT="49" HPOS="1570" VPOS="1741" WIDTH="61" />
<String CONTENT="containing" HEIGHT="66" HPOS="1632" VPOS="1723" WIDTH="331" />
<SP HEIGHT="64" HPOS="1964" VPOS="1725" WIDTH="59" />
<String CONTENT="Liquor" HEIGHT="66" HPOS="2024" VPOS="1724" WIDTH="214" />
</TextLine>
<TextLine CS="1" HEIGHT="68" HPOS="251" STYLEREFS="StyleId-97540938-FF27-4C24-AAFA-077C3FB303BB-" VPOS="1800" WIDTH="1984">
<String CONTENT="taxing" HEIGHT="68" HPOS="251" VPOS="1800" WIDTH="202" />
<SP HEIGHT="48" HPOS="454" VPOS="1820" WIDTH="28" />
<String CONTENT="act" HEIGHT="47" HPOS="483" VPOS="1806" WIDTH="88" />
<SP HEIGHT="50" HPOS="572" VPOS="1806" WIDTH="27" />
<String CONTENT="of" HEIGHT="55" HPOS="600" VPOS="1801" WIDTH="63" />
<SP HEIGHT="51" HPOS="664" VPOS="1801" WIDTH="30" />
<String CONTENT="1934," HEIGHT="53" HPOS="695" VPOS="1804" WIDTH="149" />
<SP HEIGHT="36" HPOS="845" VPOS="1821" WIDTH="27" />
<String CONTENT="executive" HEIGHT="51" HPOS="873" VPOS="1803" WIDTH="285" />
<SP HEIGHT="34" HPOS="1159" VPOS="1820" WIDTH="28" />
<String CONTENT="orders" HEIGHT="52" HPOS="1188" VPOS="1802" WIDTH="191" />
<SP HEIGHT="33" HPOS="1380" VPOS="1820" WIDTH="31" />
<String CONTENT="and" HEIGHT="50" HPOS="1412" VPOS="1803" WIDTH="110" />
<SP HEIGHT="65" HPOS="1523" VPOS="1803" WIDTH="28" />
<String CONTENT="proclamations" HEIGHT="68" HPOS="1552" VPOS="1800" WIDTH="440" />
<SP HEIGHT="32" HPOS="1993" VPOS="1821" WIDTH="35" />
<String CONTENT="&#8230;" CS="1" />
<SP HEIGHT="54" HPOS="2083" VPOS="1803" WIDTH="70" />
<String CONTENT="St." HEIGHT="54" HPOS="2154" VPOS="1803" WIDTH="81" />
</TextLine>
<TextLine HEIGHT="68" HPOS="251" STYLEREFS="StyleId-97540938-FF27-4C24-AAFA-077C3FB303BB-" VPOS="1879" WIDTH="1984">
<String CONTENT="Paul," HEIGHT="66" HPOS="251" VPOS="1880" WIDTH="163" />
<SP HEIGHT="64" HPOS="415" VPOS="1882" WIDTH="34" />
<String CONTENT="West" HEIGHT="51" HPOS="450" VPOS="1882" WIDTH="150" />
<SP HEIGHT="60" HPOS="601" VPOS="1886" WIDTH="32" />
<String CONTENT="publishing" HEIGHT="67" HPOS="634" VPOS="1879" WIDTH="334" />
<SP HEIGHT="48" HPOS="969" VPOS="1898" WIDTH="30" />
<String CONTENT="co.;" HEIGHT="37" HPOS="1000" VPOS="1898" WIDTH="106" />
<SP HEIGHT="54" HPOS="1107" VPOS="1881" WIDTH="34" />
<String CONTENT="Northport," HEIGHT="66" HPOS="1142" VPOS="1880" WIDTH="338" />
<SP HEIGHT="53" HPOS="1481" VPOS="1882" WIDTH="30" />
<String CONTENT="Edward" HEIGHT="52" HPOS="1512" VPOS="1880" WIDTH="254" />
<SP HEIGHT="52" HPOS="1767" VPOS="1880" WIDTH="31" />
<String CONTENT="Thompson" HEIGHT="66" HPOS="1799" VPOS="1881" WIDTH="327" />
<SP HEIGHT="34" HPOS="2127" VPOS="1898" WIDTH="31" />
<String CONTENT="co." HEIGHT="34" HPOS="2159" VPOS="1898" WIDTH="76" />
</TextLine>
<TextLine HEIGHT="64" HPOS="256" STYLEREFS="StyleId-97540938-FF27-4C24-AAFA-077C3FB303BB-" VPOS="1960" WIDTH="191">
<String CONTENT="[" HEIGHT="33" HPOS="256" STYLE="subscript" VPOS="1991" WIDTH="12" />
<String CONTENT="c" HEIGHT="21" HPOS="274" STYLE="superscript" VPOS="1962" WIDTH="17" />
<String CONTENT="1934" HEIGHT="49" HPOS="297" VPOS="1960" WIDTH="134" />
<String CONTENT="]" HEIGHT="32" HPOS="436" STYLE="subscript" VPOS="1991" WIDTH="11" />
</TextLine>
<TextLine HEIGHT="48" HPOS="320" VPOS="2030" WIDTH="324">
<String CONTENT="205" HEIGHT="40" HPOS="320" VPOS="2030" WIDTH="84" />
<SP HEIGHT="47" HPOS="405" VPOS="2031" WIDTH="25" />
<String CONTENT="p." HEIGHT="37" HPOS="431" VPOS="2041" WIDTH="41" />
<SP HEIGHT="38" HPOS="473" VPOS="2031" WIDTH="55" />
<String CONTENT="23" HEIGHT="39" HPOS="529" VPOS="2031" WIDTH="54" />
<String CONTENT="cm" HEIGHT="20" HPOS="588" STYLE="superscript" VPOS="2033" WIDTH="42" />
<String CONTENT="." HEIGHT="7" HPOS="637" VPOS="2063" WIDTH="7" />
</TextLine>
<TextLine HEIGHT="51" HPOS="254" VPOS="2098" WIDTH="1981">
<String CONTENT="&#169;" HEIGHT="51" HPOS="254" VPOS="2098" WIDTH="50" />
<SP HEIGHT="51" HPOS="305" VPOS="2098" WIDTH="40" />
<String CONTENT="Jan." HEIGHT="38" HPOS="346" VPOS="2103" WIDTH="107" />
<SP HEIGHT="40" HPOS="454" VPOS="2101" WIDTH="39" />
<String CONTENT="26," HEIGHT="46" HPOS="494" VPOS="2101" WIDTH="68" />
<SP HEIGHT="43" HPOS="563" VPOS="2104" WIDTH="39" />
<String CONTENT="1934;" HEIGHT="40" HPOS="603" VPOS="2102" WIDTH="139" />
<SP HEIGHT="39" HPOS="743" VPOS="2103" WIDTH="40" />
<String CONTENT="2c." HEIGHT="38" HPOS="784" VPOS="2103" WIDTH="66" />
<SP HEIGHT="28" HPOS="851" VPOS="2112" WIDTH="40" />
<String CONTENT="and" HEIGHT="39" HPOS="892" VPOS="2101" WIDTH="94" />
<SP HEIGHT="39" HPOS="987" VPOS="2101" WIDTH="38" />
<String CONTENT="aff." HEIGHT="39" HPOS="1026" VPOS="2101" WIDTH="81" />
<SP HEIGHT="39" HPOS="1108" VPOS="2101" WIDTH="40" />
<String CONTENT="Feb." HEIGHT="40" HPOS="1149" VPOS="2101" WIDTH="108" />
<SP HEIGHT="40" HPOS="1258" VPOS="2101" WIDTH="38" />
<String CONTENT="23;" HEIGHT="46" HPOS="1297" VPOS="2101" WIDTH="81" />
<SP HEIGHT="46" HPOS="1379" VPOS="2101" WIDTH="42" />
<String CONTENT="A" HEIGHT="38" HPOS="1422" VPOS="2101" WIDTH="40" />
<SP HEIGHT="39" HPOS="1463" VPOS="2101" WIDTH="37" />
<String CONTENT="69588:" HEIGHT="40" HPOS="1501" VPOS="2101" WIDTH="169" />
<SP HEIGHT="39" HPOS="1671" VPOS="2102" WIDTH="41" />
<String CONTENT="West" HEIGHT="39" HPOS="1713" VPOS="2102" WIDTH="133" />
<SP HEIGHT="45" HPOS="1847" VPOS="2103" WIDTH="39" />
<String CONTENT="pub." HEIGHT="47" HPOS="1887" VPOS="2101" WIDTH="105" />
<SP HEIGHT="28" HPOS="1993" VPOS="2111" WIDTH="41" />
<String CONTENT="co." HEIGHT="29" HPOS="2035" VPOS="2111" WIDTH="65" />
<SP HEIGHT="27" HPOS="2101" VPOS="2113" WIDTH="40" />
<String CONTENT="and" HEIGHT="39" HPOS="2142" VPOS="2101" WIDTH="93" />
</TextLine>
<TextLine HEIGHT="45" HPOS="321" VPOS="2160" WIDTH="606">
<String CONTENT="Edward" HEIGHT="38" HPOS="321" VPOS="2160" WIDTH="210" />
<SP HEIGHT="38" HPOS="532" VPOS="2160" WIDTH="28" />
<String CONTENT="Thompson" HEIGHT="45" HPOS="561" VPOS="2160" WIDTH="272" />
<SP HEIGHT="28" HPOS="834" VPOS="2169" WIDTH="27" />
<String CONTENT="co." HEIGHT="29" HPOS="862" VPOS="2168" WIDTH="65" />
</TextLine>
<TextLine CS="1" HEIGHT="67" HPOS="251" STYLEREFS="StyleId-A116D473-B893-4289-A208-B11CF0ED588E-" VPOS="2260" WIDTH="1449">
<String CONTENT="Vanderpoel," CS="1" HEIGHT="65" HPOS="251" VPOS="2260" WIDTH="383" />
<SP HEIGHT="64" HPOS="635" VPOS="2261" WIDTH="27" />
<String CONTENT="Ambrose" HEIGHT="53" HPOS="663" VPOS="2261" WIDTH="289" />
<SP HEIGHT="51" HPOS="953" VPOS="2261" WIDTH="27" />
<String CONTENT="Ely," HEIGHT="64" HPOS="981" VPOS="2260" WIDTH="128" />
<SP HEIGHT="60" HPOS="1110" VPOS="2264" WIDTH="30" />
<String CONTENT="1875-" HEIGHT="52" HPOS="1141" VPOS="2260" WIDTH="170" />
<SP HEIGHT="33" HPOS="1312" VPOS="2279" WIDTH="210" />
<String CONTENT="comp." HEIGHT="49" HPOS="1523" VPOS="2278" WIDTH="177" />
</TextLine>
<TextLine HEIGHT="67" HPOS="319" STYLEREFS="StyleId-97540938-FF27-4C24-AAFA-077C3FB303BB-" VPOS="2338" WIDTH="1916">
<String CONTENT="History" HEIGHT="66" HPOS="319" VPOS="2339" WIDTH="244" />
<SP HEIGHT="48" HPOS="564" VPOS="2357" WIDTH="49" />
<String CONTENT="of" HEIGHT="52" HPOS="614" VPOS="2338" WIDTH="63" />
<SP HEIGHT="53" HPOS="678" VPOS="2338" WIDTH="46" />
<String CONTENT="Madison" HEIGHT="52" HPOS="725" VPOS="2339" WIDTH="265" />
<SP HEIGHT="50" HPOS="991" VPOS="2340" WIDTH="46" />
<String CONTENT="lodge" HEIGHT="66" HPOS="1038" VPOS="2339" WIDTH="166" />
<SP HEIGHT="34" HPOS="1205" VPOS="2355" WIDTH="47" />
<String CONTENT="no." HEIGHT="36" HPOS="1253" VPOS="2355" WIDTH="88" />
<SP HEIGHT="48" HPOS="1342" VPOS="2343" WIDTH="49" />
<String CONTENT="93" HEIGHT="48" HPOS="1392" VPOS="2343" WIDTH="63" />
<SP HEIGHT="47" HPOS="1456" VPOS="2344" WIDTH="52" />
<String CONTENT="of" HEIGHT="51" HPOS="1509" VPOS="2338" WIDTH="64" />
<SP HEIGHT="52" HPOS="1574" VPOS="2338" WIDTH="46" />
<String CONTENT="Free" HEIGHT="50" HPOS="1621" VPOS="2340" WIDTH="142" />
<SP HEIGHT="33" HPOS="1764" VPOS="2357" WIDTH="48" />
<String CONTENT="and" HEIGHT="51" HPOS="1813" VPOS="2339" WIDTH="111" />
<SP HEIGHT="51" HPOS="1925" VPOS="2339" WIDTH="48" />
<String CONTENT="accepted" HEIGHT="65" HPOS="1974" VPOS="2339" WIDTH="261" />
</TextLine>
<TextLine CS="1" HEIGHT="145" HPOS="246" STYLEREFS="StyleId-97540938-FF27-4C24-AAFA-077C3FB303BB-" VPOS="2416" WIDTH="1964">
<String CONTENT="masons," HEIGHT="48" HPOS="246" VPOS="2435" WIDTH="239" />
<SP HEIGHT="65" HPOS="486" VPOS="2418" WIDTH="31" />
<String CONTENT="Madison," HEIGHT="66" HPOS="518" VPOS="2416" WIDTH="283" />
<SP HEIGHT="64" HPOS="802" VPOS="2418" WIDTH="31" />
<String CONTENT="New" HEIGHT="51" HPOS="834" VPOS="2418" WIDTH="137" />
<SP HEIGHT="53" HPOS="972" VPOS="2417" WIDTH="32" />
<String CONTENT="Jersey," HEIGHT="65" HPOS="1005" VPOS="2417" WIDTH="215" />
<SP HEIGHT="47" HPOS="1221" VPOS="2435" WIDTH="31" />
<String CONTENT="compiled" HEIGHT="66" HPOS="1253" VPOS="2416" WIDTH="280" />
<SP HEIGHT="51" HPOS="1534" VPOS="2417" WIDTH="29" />
<String CONTENT="by" HEIGHT="66" HPOS="1564" VPOS="2417" WIDTH="75" />
<SP HEIGHT="66" HPOS="1640" VPOS="2417" WIDTH="30" />
<String CONTENT="Ambrose" HEIGHT="52" HPOS="1671" VPOS="2416" WIDTH="276" />
<SP HEIGHT="50" HPOS="1948" VPOS="2417" WIDTH="30" />
<String CONTENT="E." HEIGHT="50" HPOS="1979" VPOS="2417" WIDTH="66" />
<SP HEIGHT="52" HPOS="2046" VPOS="2417" WIDTH="34" />
<String CONTENT="Vanderpoel." HEIGHT="144" HPOS="246" VPOS="2417" WIDTH="1964" />
</TextLine>
<TextLine HEIGHT="68" HPOS="567" STYLEREFS="StyleId-97540938-FF27-4C24-AAFA-077C3FB303BB-" VPOS="2492" WIDTH="1269">
<String CONTENT="New" HEIGHT="52" HPOS="567" VPOS="2495" WIDTH="137" />
<SP HEIGHT="51" HPOS="705" VPOS="2496" WIDTH="29" />
<String CONTENT="York," HEIGHT="66" HPOS="735" VPOS="2494" WIDTH="177" />
<SP HEIGHT="65" HPOS="913" VPOS="2495" WIDTH="32" />
<String CONTENT="Charles" HEIGHT="55" HPOS="946" VPOS="2494" WIDTH="233" />
<SP HEIGHT="51" HPOS="1180" VPOS="2495" WIDTH="31" />
<String CONTENT="Francis" HEIGHT="54" HPOS="1212" VPOS="2492" WIDTH="238" />
<SP HEIGHT="48" HPOS="1451" VPOS="2512" WIDTH="30" />
<String CONTENT="press," HEIGHT="48" HPOS="1482" VPOS="2512" WIDTH="173" />
<SP HEIGHT="60" HPOS="1656" VPOS="2499" WIDTH="32" />
<String CONTENT="1934." HEIGHT="48" HPOS="1689" VPOS="2498" WIDTH="147" />
</TextLine>
<TextLine CS="1" HEIGHT="49" HPOS="321" VPOS="2565" WIDTH="1039">
<String CONTENT="1" HEIGHT="38" HPOS="321" VPOS="2568" WIDTH="26" />
<SP />
<String CONTENT="p." HEIGHT="37" HPOS="373" LANG="fr" VPOS="2577" WIDTH="43" />
<SP />
<String CONTENT="l." CS="1" LANG="fr" />
<String CONTENT="," HEIGHT="16" HPOS="479" VPOS="2598" WIDTH="8" />
<SP HEIGHT="46" HPOS="488" VPOS="2568" WIDTH="28" />
<String CONTENT="ix," HEIGHT="46" HPOS="517" VPOS="2568" WIDTH="63" />
<SP HEIGHT="46" HPOS="581" VPOS="2568" WIDTH="27" />
<String CONTENT="261" HEIGHT="39" HPOS="609" VPOS="2567" WIDTH="83" />
<SP HEIGHT="47" HPOS="693" VPOS="2567" WIDTH="27" />
<String CONTENT="p." HEIGHT="37" HPOS="721" VPOS="2577" WIDTH="42" />
<SP HEIGHT="39" HPOS="764" VPOS="2567" WIDTH="58" />
<String CONTENT="front.," HEIGHT="46" HPOS="823" VPOS="2567" WIDTH="163" />
<SP HEIGHT="37" HPOS="987" VPOS="2577" WIDTH="26" />
<String CONTENT="plates." HEIGHT="47" HPOS="1014" VPOS="2567" WIDTH="169" />
<SP HEIGHT="39" HPOS="1184" VPOS="2565" WIDTH="59" />
<String CONTENT="23" HEIGHT="40" HPOS="1244" VPOS="2565" WIDTH="55" />
<String CONTENT="cm" HEIGHT="20" HPOS="1303" STYLE="superscript" VPOS="2568" WIDTH="43" />
<String CONTENT="." HEIGHT="8" HPOS="1352" VPOS="2597" WIDTH="8" />
</TextLine>
<TextLine CS="1" HEIGHT="49" HPOS="323" VPOS="2621" WIDTH="1497">
<String CONTENT="&#8220;Outline" HEIGHT="40" HPOS="323" VPOS="2624" WIDTH="223" />
<SP HEIGHT="38" HPOS="547" VPOS="2625" WIDTH="29" />
<String CONTENT="history" HEIGHT="47" HPOS="577" VPOS="2623" WIDTH="187" />
<SP HEIGHT="36" HPOS="765" VPOS="2634" WIDTH="30" />
<String CONTENT="of" HEIGHT="39" HPOS="796" VPOS="2623" WIDTH="49" />
<SP HEIGHT="40" HPOS="846" VPOS="2623" WIDTH="31" />
<String CONTENT="Chatham" HEIGHT="40" HPOS="878" VPOS="2623" WIDTH="240" />
<SP HEIGHT="37" HPOS="1119" VPOS="2623" WIDTH="30" />
<String CONTENT="lodge," HEIGHT="47" HPOS="1150" VPOS="2622" WIDTH="149" />
<SP HEIGHT="36" HPOS="1300" VPOS="2633" WIDTH="30" />
<String CONTENT="no." HEIGHT="28" HPOS="1331" VPOS="2633" WIDTH="74" />
<SP HEIGHT="39" HPOS="1406" VPOS="2623" WIDTH="29" />
<String CONTENT="33&#8221;:" CS="1" HEIGHT="41" HPOS="1436" VPOS="2621" WIDTH="83" />
<SP HEIGHT="38" HPOS="1549" VPOS="2632" WIDTH="32" />
<String CONTENT="p." HEIGHT="37" HPOS="1582" VPOS="2633" WIDTH="41" />
<SP HEIGHT="29" HPOS="1624" VPOS="2641" WIDTH="37" />
<String CONTENT="[1]-15." HEIGHT="49" HPOS="1662" VPOS="2621" WIDTH="158" />
</TextLine>
<TextLine CS="1" HEIGHT="51" HPOS="253" VPOS="2691" WIDTH="1982">
<String CONTENT="&#169;" HEIGHT="51" HPOS="253" VPOS="2691" WIDTH="50" />
<SP HEIGHT="51" HPOS="304" VPOS="2691" WIDTH="33" />
<String CONTENT="Jan." HEIGHT="38" HPOS="338" VPOS="2696" WIDTH="107" />
<SP HEIGHT="38" HPOS="446" VPOS="2696" WIDTH="32" />
<String CONTENT="30," HEIGHT="44" HPOS="479" VPOS="2695" WIDTH="68" />
<SP HEIGHT="43" HPOS="548" VPOS="2696" WIDTH="32" />
<String CONTENT="1934;" CS="1" HEIGHT="40" HPOS="581" VPOS="2694" WIDTH="112" />
<SP HEIGHT="43" HPOS="721" VPOS="2695" WIDTH="32" />
<String CONTENT="2c." HEIGHT="38" HPOS="754" VPOS="2695" WIDTH="67" />
<SP HEIGHT="28" HPOS="822" VPOS="2704" WIDTH="32" />
<String CONTENT="and" HEIGHT="37" HPOS="855" VPOS="2695" WIDTH="93" />
<SP HEIGHT="37" HPOS="949" VPOS="2695" WIDTH="32" />
<String CONTENT="aff." HEIGHT="40" HPOS="982" VPOS="2692" WIDTH="80" />
<SP HEIGHT="39" HPOS="1063" VPOS="2693" WIDTH="33" />
<String CONTENT="Jan." HEIGHT="39" HPOS="1097" VPOS="2693" WIDTH="108" />
<SP HEIGHT="38" HPOS="1206" VPOS="2694" WIDTH="30" />
<String CONTENT="31:" HEIGHT="39" HPOS="1237" VPOS="2694" WIDTH="81" />
<SP HEIGHT="40" HPOS="1319" VPOS="2693" WIDTH="35" />
<String CONTENT="A" HEIGHT="38" HPOS="1355" VPOS="2693" WIDTH="39" />
<SP HEIGHT="39" HPOS="1395" VPOS="2693" WIDTH="33" />
<String CONTENT="70134;" HEIGHT="46" HPOS="1429" VPOS="2692" WIDTH="167" />
<SP HEIGHT="44" HPOS="1597" VPOS="2694" WIDTH="36" />
<String CONTENT="Madison" HEIGHT="39" HPOS="1634" VPOS="2693" WIDTH="219" />
<SP HEIGHT="36" HPOS="1854" VPOS="2695" WIDTH="33" />
<String CONTENT="lodge" HEIGHT="47" HPOS="1888" VPOS="2693" WIDTH="137" />
<SP HEIGHT="30" HPOS="2026" VPOS="2701" WIDTH="31" />
<String CONTENT="no." HEIGHT="29" HPOS="2058" VPOS="2704" WIDTH="74" />
<SP HEIGHT="39" HPOS="2133" VPOS="2694" WIDTH="33" />
<String CONTENT="93." HEIGHT="39" HPOS="2167" VPOS="2694" WIDTH="68" />
</TextLine>
<TextLine CS="1" HEIGHT="50" HPOS="321" VPOS="2748" WIDTH="1041">
<String CONTENT="F." HEIGHT="41" HPOS="321" LANG="fr" VPOS="2751" WIDTH="50" />
<SP HEIGHT="40" HPOS="372" VPOS="2752" WIDTH="27" />
<String CONTENT="&amp;" HEIGHT="39" HPOS="400" VPOS="2752" WIDTH="34" />
<SP HEIGHT="39" HPOS="435" VPOS="2752" WIDTH="25" />
<String CONTENT="A." HEIGHT="38" HPOS="461" VPOS="2752" WIDTH="53" />
<SP HEIGHT="37" HPOS="515" VPOS="2753" WIDTH="27" />
<String CONTENT="M.," HEIGHT="45" HPOS="543" VPOS="2753" WIDTH="75" />
<SP HEIGHT="46" HPOS="619" VPOS="2752" WIDTH="28" />
<String CONTENT="Madison," HEIGHT="46" HPOS="648" VPOS="2750" WIDTH="236" />
<SP HEIGHT="45" HPOS="885" VPOS="2751" WIDTH="27" />
<String CONTENT="N." CS="1" HEIGHT="7" HPOS="960" VPOS="2781" WIDTH="7" />
<SP HEIGHT="39" HPOS="968" VPOS="2750" WIDTH="28" />
<String CONTENT="J." HEIGHT="39" HPOS="997" VPOS="2750" WIDTH="42" />
<SP HEIGHT="48" HPOS="1040" VPOS="2748" WIDTH="72" />
<String CONTENT="(34-4246)" HEIGHT="49" HPOS="1113" VPOS="2748" WIDTH="249" />
</TextLine>
<TextLine HEIGHT="65" HPOS="249" STYLEREFS="StyleId-A116D473-B893-4289-A208-B11CF0ED588E-" VPOS="2853" WIDTH="726">
<String CONTENT="Vestal," HEIGHT="65" HPOS="249" VPOS="2853" WIDTH="223" />
<SP HEIGHT="63" HPOS="473" VPOS="2855" WIDTH="33" />
<String CONTENT="Stanley," HEIGHT="64" HPOS="507" VPOS="2853" WIDTH="261" />
<SP HEIGHT="60" HPOS="769" VPOS="2857" WIDTH="36" />
<String CONTENT="1887-" HEIGHT="52" HPOS="806" VPOS="2853" WIDTH="169" />
</TextLine>
<TextLine CS="1" HEIGHT="148" HPOS="249" STYLEREFS="StyleId-97540938-FF27-4C24-AAFA-077C3FB303BB-" VPOS="2928" WIDTH="1978">
<String CONTENT="Warpath;" CS="1" HEIGHT="67" HPOS="316" VPOS="2931" WIDTH="285" />
<SP HEIGHT="61" HPOS="631" VPOS="2937" WIDTH="25" />
<String CONTENT="the" HEIGHT="52" HPOS="657" VPOS="2932" WIDTH="95" />
<SP HEIGHT="46" HPOS="753" VPOS="2937" WIDTH="21" />
<String CONTENT="true" HEIGHT="48" HPOS="775" VPOS="2937" WIDTH="125" />
<SP HEIGHT="34" HPOS="901" VPOS="2951" WIDTH="23" />
<String CONTENT="story" HEIGHT="60" HPOS="925" VPOS="2936" WIDTH="157" />
<SP HEIGHT="48" HPOS="1083" VPOS="2948" WIDTH="23" />
<String CONTENT="of" HEIGHT="52" HPOS="1107" VPOS="2929" WIDTH="64" />
<SP HEIGHT="52" HPOS="1172" VPOS="2929" WIDTH="21" />
<String CONTENT="the" HEIGHT="51" HPOS="1194" VPOS="2930" WIDTH="94" />
<SP HEIGHT="52" HPOS="1289" VPOS="2929" WIDTH="23" />
<String CONTENT="fighting" HEIGHT="67" HPOS="1313" VPOS="2929" WIDTH="249" />
<SP HEIGHT="66" HPOS="1563" VPOS="2930" WIDTH="23" />
<String CONTENT="Sioux" HEIGHT="55" HPOS="1587" VPOS="2929" WIDTH="177" />
<SP HEIGHT="47" HPOS="1765" VPOS="2934" WIDTH="24" />
<String CONTENT="told" HEIGHT="51" HPOS="1790" VPOS="2930" WIDTH="121" />
<SP HEIGHT="52" HPOS="1912" VPOS="2929" WIDTH="22" />
<String CONTENT="in" HEIGHT="51" HPOS="1935" VPOS="2929" WIDTH="59" />
<SP HEIGHT="32" HPOS="1995" VPOS="2948" WIDTH="25" />
<String CONTENT="a" HEIGHT="32" HPOS="2021" VPOS="2948" WIDTH="31" />
<SP HEIGHT="51" HPOS="2053" VPOS="2930" WIDTH="21" />
<String CONTENT="biography" HEIGHT="148" HPOS="249" VPOS="2928" WIDTH="1960" />
<SP HEIGHT="48" HPOS="434" VPOS="3027" WIDTH="23" />
<String CONTENT="of" HEIGHT="52" HPOS="458" VPOS="3009" WIDTH="64" />
<SP HEIGHT="54" HPOS="523" VPOS="3009" WIDTH="25" />
<String CONTENT="Chief" HEIGHT="55" HPOS="549" VPOS="3008" WIDTH="173" />
<SP HEIGHT="52" HPOS="723" VPOS="3008" WIDTH="23" />
<String CONTENT="'White" HEIGHT="53" HPOS="747" VPOS="3009" WIDTH="195" />
<SP HEIGHT="50" HPOS="943" VPOS="3010" WIDTH="26" />
<String CONTENT="Bull," HEIGHT="65" HPOS="970" VPOS="3008" WIDTH="151" />
<SP HEIGHT="66" HPOS="1122" VPOS="3007" WIDTH="24" />
<String CONTENT="by" HEIGHT="66" HPOS="1147" VPOS="3007" WIDTH="74" />
<SP HEIGHT="66" HPOS="1222" VPOS="3007" WIDTH="27" />
<String CONTENT="Stanley" HEIGHT="65" HPOS="1250" VPOS="3007" WIDTH="236" />
<SP HEIGHT="65" HPOS="1487" VPOS="3007" WIDTH="24" />
<String CONTENT="Vestal" HEIGHT="53" HPOS="1512" VPOS="3007" WIDTH="197" />
<SP HEIGHT="50" HPOS="1710" VPOS="3008" WIDTH="32" />
<String CONTENT="&#8230;" CS="1" />
<SP HEIGHT="50" HPOS="1797" VPOS="3008" WIDTH="78" />
<String CONTENT="Boston" HEIGHT="51" HPOS="1876" VPOS="3008" WIDTH="216" />
<SP HEIGHT="33" HPOS="2093" VPOS="3025" WIDTH="26" />
<String CONTENT="and" HEIGHT="51" HPOS="2120" VPOS="3008" WIDTH="107" />
</TextLine>
<TextLine HEIGHT="67" HPOS="248" STYLEREFS="StyleId-97540938-FF27-4C24-AAFA-077C3FB303BB-" VPOS="3084" WIDTH="1425">
<String CONTENT="New" HEIGHT="52" HPOS="248" VPOS="3085" WIDTH="136" />
<SP HEIGHT="51" HPOS="385" VPOS="3087" WIDTH="30" />
<String CONTENT="York," HEIGHT="65" HPOS="416" VPOS="3086" WIDTH="178" />
<SP HEIGHT="64" HPOS="595" VPOS="3087" WIDTH="26" />
<String CONTENT="Houghton" HEIGHT="65" HPOS="622" VPOS="3086" WIDTH="318" />
<SP HEIGHT="51" HPOS="941" VPOS="3087" WIDTH="26" />
<String CONTENT="Mifflin" HEIGHT="53" HPOS="968" VPOS="3084" WIDTH="202" />
<SP HEIGHT="33" HPOS="1171" VPOS="3103" WIDTH="27" />
<String CONTENT="company," HEIGHT="48" HPOS="1199" VPOS="3102" WIDTH="294" />
<SP HEIGHT="60" HPOS="1494" VPOS="3089" WIDTH="28" />
<String CONTENT="1934." HEIGHT="50" HPOS="1523" VPOS="3087" WIDTH="150" />
</TextLine>
<TextLine CS="1" HEIGHT="51" HPOS="320" VPOS="3155" WIDTH="1719">
<String CONTENT="xv" HEIGHT="28" HPOS="320" VPOS="3169" WIDTH="63" />
<SP HEIGHT="37" HPOS="384" VPOS="3168" WIDTH="28" />
<String CONTENT="p.," HEIGHT="37" HPOS="413" VPOS="3168" WIDTH="55" />
<SP HEIGHT="44" HPOS="469" VPOS="3160" WIDTH="31" />
<String CONTENT="2" HEIGHT="38" HPOS="501" VPOS="3160" WIDTH="25" />
<SP />
<String CONTENT="l.," CS="1" HEIGHT="14" HPOS="592" VPOS="3189" WIDTH="7" />
<SP HEIGHT="29" HPOS="600" VPOS="3177" WIDTH="34" />
<String CONTENT="[3]-291" HEIGHT="48" HPOS="635" VPOS="3158" WIDTH="172" />
<SP HEIGHT="46" HPOS="808" VPOS="3159" WIDTH="30" />
<String CONTENT="p." HEIGHT="36" HPOS="839" VPOS="3169" WIDTH="41" />
<SP HEIGHT="40" HPOS="881" VPOS="3157" WIDTH="59" />
<String CONTENT="front.," HEIGHT="47" HPOS="941" VPOS="3157" WIDTH="161" />
<SP HEIGHT="48" HPOS="1103" VPOS="3156" WIDTH="30" />
<String CONTENT="illus." HEIGHT="39" HPOS="1134" VPOS="3156" WIDTH="125" />
<SP HEIGHT="46" HPOS="1260" VPOS="3157" WIDTH="28" />
<String CONTENT="(maps)" HEIGHT="48" HPOS="1289" VPOS="3155" WIDTH="184" />
<SP HEIGHT="48" HPOS="1474" VPOS="3155" WIDTH="39" />
<String CONTENT="plates," HEIGHT="46" HPOS="1514" VPOS="3157" WIDTH="168" />
<SP HEIGHT="37" HPOS="1683" VPOS="3166" WIDTH="33" />
<String CONTENT="ports." HEIGHT="47" HPOS="1717" VPOS="3156" WIDTH="147" />
<SP HEIGHT="39" HPOS="1865" VPOS="3155" WIDTH="59" />
<String CONTENT="21" HEIGHT="38" HPOS="1925" VPOS="3155" WIDTH="53" />
<String CONTENT="cm" HEIGHT="21" HPOS="1983" STYLE="superscript" VPOS="3157" WIDTH="43" />
<String CONTENT="." HEIGHT="7" HPOS="2032" VPOS="3189" WIDTH="7" />
</TextLine>
<TextLine HEIGHT="48" HPOS="320" VPOS="3220" WIDTH="620">
<String CONTENT="Maps" HEIGHT="46" HPOS="320" VPOS="3220" WIDTH="139" />
<SP HEIGHT="31" HPOS="460" VPOS="3229" WIDTH="28" />
<String CONTENT="on" HEIGHT="30" HPOS="489" VPOS="3229" WIDTH="61" />
<SP HEIGHT="38" HPOS="551" VPOS="3220" WIDTH="27" />
<String CONTENT="lining-papers." HEIGHT="48" HPOS="579" VPOS="3220" WIDTH="361" />
</TextLine>
<TextLine CS="1" HEIGHT="50" HPOS="320" VPOS="3275" WIDTH="595">
<String CONTENT="Bibliography:" CS="1" HEIGHT="49" HPOS="320" VPOS="3275" WIDTH="347" />
<SP HEIGHT="37" HPOS="695" VPOS="3287" WIDTH="28" />
<String CONTENT="p." HEIGHT="36" HPOS="724" VPOS="3288" WIDTH="41" />
<SP HEIGHT="29" HPOS="766" VPOS="3295" WIDTH="35" />
<String CONTENT="[275]" HEIGHT="49" HPOS="802" VPOS="3276" WIDTH="113" />
</TextLine>
<TextLine HEIGHT="51" HPOS="253" VPOS="3342" WIDTH="1980">
<String CONTENT="&#169;" HEIGHT="51" HPOS="253" VPOS="3342" WIDTH="50" />
<SP HEIGHT="51" HPOS="304" VPOS="3342" WIDTH="38" />
<String CONTENT="Feb." HEIGHT="39" HPOS="343" VPOS="3346" WIDTH="109" />
<SP HEIGHT="38" HPOS="453" VPOS="3347" WIDTH="35" />
<String CONTENT="21," HEIGHT="44" HPOS="489" VPOS="3347" WIDTH="68" />
<SP HEIGHT="43" HPOS="558" VPOS="3348" WIDTH="37" />
<String CONTENT="1934;" HEIGHT="41" HPOS="596" VPOS="3346" WIDTH="139" />
<SP HEIGHT="41" HPOS="736" VPOS="3346" WIDTH="39" />
<String CONTENT="2c." HEIGHT="39" HPOS="776" VPOS="3346" WIDTH="64" />
<SP HEIGHT="37" HPOS="841" VPOS="3347" WIDTH="39" />
<String CONTENT="Mar." HEIGHT="37" HPOS="881" VPOS="3347" WIDTH="119" />
<SP HEIGHT="37" HPOS="1001" VPOS="3346" WIDTH="37" />
<String CONTENT="1;" HEIGHT="40" HPOS="1039" VPOS="3346" WIDTH="51" />
<SP HEIGHT="30" HPOS="1091" VPOS="3356" WIDTH="40" />
<String CONTENT="aff." HEIGHT="40" HPOS="1132" VPOS="3344" WIDTH="79" />
<SP HEIGHT="40" HPOS="1212" VPOS="3344" WIDTH="39" />
<String CONTENT="Feb." HEIGHT="39" HPOS="1252" VPOS="3344" WIDTH="109" />
<SP HEIGHT="40" HPOS="1362" VPOS="3343" WIDTH="37" />
<String CONTENT="27;" HEIGHT="47" HPOS="1400" VPOS="3343" WIDTH="80" />
<SP HEIGHT="46" HPOS="1481" VPOS="3344" WIDTH="40" />
<String CONTENT="A" HEIGHT="38" HPOS="1522" VPOS="3344" WIDTH="39" />
<SP HEIGHT="39" HPOS="1562" VPOS="3344" WIDTH="37" />
<String CONTENT="69668;" HEIGHT="47" HPOS="1600" VPOS="3343" WIDTH="167" />
<SP HEIGHT="46" HPOS="1768" VPOS="3344" WIDTH="41" />
<String CONTENT="Walter" HEIGHT="40" HPOS="1810" VPOS="3344" WIDTH="184" />
<SP HEIGHT="39" HPOS="1995" VPOS="3344" WIDTH="41" />
<String CONTENT="Stanley" HEIGHT="44" HPOS="2037" VPOS="3344" WIDTH="196" />
</TextLine>
<TextLine HEIGHT="49" HPOS="324" VPOS="3400" WIDTH="973">
<String CONTENT="Campbell," HEIGHT="46" HPOS="324" VPOS="3403" WIDTH="258" />
<SP HEIGHT="47" HPOS="583" VPOS="3402" WIDTH="30" />
<String CONTENT="Norman," HEIGHT="40" HPOS="614" VPOS="3402" WIDTH="226" />
<SP HEIGHT="39" HPOS="841" VPOS="3403" WIDTH="32" />
<String CONTENT="Okl." HEIGHT="39" HPOS="874" VPOS="3403" WIDTH="103" />
<SP HEIGHT="46" HPOS="978" VPOS="3402" WIDTH="70" />
<String CONTENT="(34-4353)" HEIGHT="48" HPOS="1049" VPOS="3400" WIDTH="248" />
</TextLine>
<TextLine HEIGHT="64" HPOS="250" STYLEREFS="StyleId-A116D473-B893-4289-A208-B11CF0ED588E-" VPOS="3505" WIDTH="846">
<String CONTENT="Vosseler," HEIGHT="63" HPOS="250" VPOS="3506" WIDTH="289" />
<SP HEIGHT="62" HPOS="540" VPOS="3507" WIDTH="28" />
<String CONTENT="Edward" HEIGHT="52" HPOS="569" VPOS="3506" WIDTH="251" />
<SP HEIGHT="51" HPOS="821" VPOS="3506" WIDTH="25" />
<String CONTENT="Adolph." HEIGHT="64" HPOS="847" VPOS="3505" WIDTH="249" />
</TextLine>
<TextLine CS="1" HEIGHT="146" HPOS="253" STYLEREFS="StyleId-97540938-FF27-4C24-AAFA-077C3FB303BB-" VPOS="3580" WIDTH="1949">
<String CONTENT="Cases" HEIGHT="54" HPOS="321" VPOS="3583" WIDTH="167" />
<SP HEIGHT="33" HPOS="489" VPOS="3602" WIDTH="37" />
<String CONTENT="on" HEIGHT="34" HPOS="527" VPOS="3601" WIDTH="70" />
<SP HEIGHT="45" HPOS="598" VPOS="3589" WIDTH="36" />
<String CONTENT="the" HEIGHT="50" HPOS="635" VPOS="3584" WIDTH="94" />
<SP HEIGHT="51" HPOS="730" VPOS="3583" WIDTH="36" />
<String CONTENT="law" HEIGHT="51" HPOS="767" VPOS="3583" WIDTH="108" />
<SP HEIGHT="33" HPOS="876" VPOS="3602" WIDTH="38" />
<String CONTENT="of" HEIGHT="53" HPOS="915" VPOS="3582" WIDTH="63" />
<SP HEIGHT="52" HPOS="979" VPOS="3582" WIDTH="38" />
<String CONTENT="executors" HEIGHT="47" HPOS="1018" VPOS="3587" WIDTH="285" />
<SP HEIGHT="34" HPOS="1304" VPOS="3600" WIDTH="38" />
<String CONTENT="and" HEIGHT="50" HPOS="1343" VPOS="3583" WIDTH="109" />
<SP HEIGHT="50" HPOS="1453" VPOS="3583" WIDTH="39" />
<String CONTENT="administrators," HEIGHT="53" HPOS="1493" VPOS="3580" WIDTH="474" />
<SP HEIGHT="52" HPOS="1968" VPOS="3581" WIDTH="37" />
<String CONTENT="by" HEIGHT="64" HPOS="2006" VPOS="3581" WIDTH="73" />
<SP HEIGHT="64" HPOS="2080" VPOS="3581" WIDTH="36" />
<String CONTENT="Edward" HEIGHT="132" HPOS="253" VPOS="3580" WIDTH="1949" />
<SP HEIGHT="51" HPOS="408" VPOS="3661" WIDTH="24" />
<String CONTENT="A." HEIGHT="52" HPOS="433" VPOS="3661" WIDTH="70" />
<SP HEIGHT="53" HPOS="504" VPOS="3661" WIDTH="26" />
<String CONTENT="Vosseler" HEIGHT="53" HPOS="531" VPOS="3661" WIDTH="259" />
<SP HEIGHT="33" HPOS="791" VPOS="3679" WIDTH="31" />
<String CONTENT="&#8230;" CS="1" />
<SP HEIGHT="50" HPOS="878" VPOS="3662" WIDTH="78" />
<String CONTENT="Brooklyn," HEIGHT="65" HPOS="957" VPOS="3661" WIDTH="310" />
<SP HEIGHT="66" HPOS="1268" VPOS="3659" WIDTH="26" />
<String CONTENT="N." HEIGHT="53" HPOS="1295" LANG="fr" VPOS="3659" WIDTH="68" />
<SP HEIGHT="52" HPOS="1364" VPOS="3660" WIDTH="28" />
<String CONTENT="Y.," HEIGHT="63" HPOS="1393" VPOS="3660" WIDTH="88" />
<SP HEIGHT="59" HPOS="1482" VPOS="3664" WIDTH="29" />
<String CONTENT="1934." HEIGHT="48" HPOS="1512" VPOS="3663" WIDTH="147" />
</TextLine>
<TextLine CS="1" HEIGHT="39" HPOS="320" VPOS="3733" WIDTH="273">
<String CONTENT="2" HEIGHT="39" HPOS="320" VPOS="3733" WIDTH="26" />
<SP />
<String CONTENT="v." HEIGHT="29" HPOS="375" VPOS="3743" WIDTH="42" />
<SP HEIGHT="39" HPOS="418" VPOS="3733" WIDTH="58" />
<String CONTENT="23" HEIGHT="39" HPOS="477" VPOS="3733" WIDTH="55" />
<String CONTENT="cm" HEIGHT="20" HPOS="536" STYLE="superscript" VPOS="3735" WIDTH="43" />
<String CONTENT="." HEIGHT="8" HPOS="585" VPOS="3764" WIDTH="8" />
</TextLine>
<TextLine HEIGHT="48" HPOS="324" VPOS="3787" WIDTH="540">
<String CONTENT="Paged" HEIGHT="47" HPOS="324" VPOS="3787" WIDTH="160" />
<SP HEIGHT="39" HPOS="485" VPOS="3789" WIDTH="27" />
<String CONTENT="continuously." HEIGHT="47" HPOS="513" VPOS="3788" WIDTH="351" />
</TextLine>
<TextLine CS="1" HEIGHT="59" HPOS="253" VPOS="3847" WIDTH="1928">
<String CONTENT="&#169;" HEIGHT="51" HPOS="253" VPOS="3855" WIDTH="51" />
<SP HEIGHT="51" HPOS="305" VPOS="3855" WIDTH="31" />
<String CONTENT="Jan." HEIGHT="38" HPOS="337" VPOS="3860" WIDTH="107" />
<SP HEIGHT="39" HPOS="445" VPOS="3859" WIDTH="29" />
<String CONTENT="30," HEIGHT="46" HPOS="475" VPOS="3859" WIDTH="69" />
<SP HEIGHT="44" HPOS="545" VPOS="3861" WIDTH="30" />
<String CONTENT="1934;" CS="1" HEIGHT="40" HPOS="576" VPOS="3858" WIDTH="114" />
<SP HEIGHT="45" HPOS="716" VPOS="3859" WIDTH="33" />
<String CONTENT="2c." HEIGHT="38" HPOS="750" VPOS="3859" WIDTH="64" />
<SP HEIGHT="28" HPOS="815" VPOS="3868" WIDTH="32" />
<String CONTENT="each" HEIGHT="37" HPOS="848" VPOS="3860" WIDTH="116" />
<SP HEIGHT="37" HPOS="965" VPOS="3860" WIDTH="31" />
<String CONTENT="and" HEIGHT="37" HPOS="997" VPOS="3860" WIDTH="93" />
<SP HEIGHT="37" HPOS="1091" VPOS="3860" WIDTH="31" />
<String CONTENT="aff." HEIGHT="40" HPOS="1123" VPOS="3858" WIDTH="79" />
<SP HEIGHT="40" HPOS="1203" VPOS="3858" WIDTH="31" />
<String CONTENT="Feb." HEIGHT="38" HPOS="1235" VPOS="3858" WIDTH="110" />
<SP HEIGHT="38" HPOS="1346" VPOS="3858" WIDTH="30" />
<String CONTENT="3;" CS="1" HEIGHT="38" HPOS="1377" VPOS="3858" WIDTH="24" />
<SP HEIGHT="46" HPOS="1430" VPOS="3856" WIDTH="34" />
<String CONTENT="A" HEIGHT="38" HPOS="1465" VPOS="3856" WIDTH="40" />
<SP HEIGHT="40" HPOS="1506" VPOS="3856" WIDTH="29" />
<String CONTENT="70129;" CS="1" HEIGHT="40" HPOS="1536" VPOS="3856" WIDTH="143" />
<SP HEIGHT="43" HPOS="1706" VPOS="3858" WIDTH="34" />
<String CONTENT="E." HEIGHT="37" HPOS="1741" VPOS="3858" WIDTH="50" />
<SP HEIGHT="38" HPOS="1792" VPOS="3857" WIDTH="32" />
<String CONTENT="A." HEIGHT="38" HPOS="1825" VPOS="3857" WIDTH="54" />
<SP HEIGHT="38" HPOS="1880" VPOS="3857" WIDTH="31" />
<String CONTENT="Vosseler," HEIGHT="43" HPOS="1912" VPOS="3857" WIDTH="233" />
<SP HEIGHT="53" HPOS="2146" VPOS="3847" WIDTH="35" />
<String CONTENT="&#8453;" CS="1" />
</TextLine>
<TextLine HEIGHT="50" HPOS="322" VPOS="3912" WIDTH="1176">
<String CONTENT="Brooklyn" HEIGHT="46" HPOS="322" VPOS="3916" WIDTH="244" />
<SP HEIGHT="36" HPOS="567" VPOS="3917" WIDTH="26" />
<String CONTENT="law" HEIGHT="37" HPOS="594" VPOS="3917" WIDTH="93" />
<SP HEIGHT="28" HPOS="688" VPOS="3926" WIDTH="27" />
<String CONTENT="school," HEIGHT="46" HPOS="716" VPOS="3916" WIDTH="174" />
<SP HEIGHT="47" HPOS="891" VPOS="3915" WIDTH="29" />
<String CONTENT="Brooklyn." HEIGHT="46" HPOS="921" VPOS="3915" WIDTH="256" />
<SP HEIGHT="47" HPOS="1178" VPOS="3913" WIDTH="71" />
<String CONTENT="(34-4094)" HEIGHT="49" HPOS="1250" VPOS="3912" WIDTH="248" />
</TextLine>
</TextBlock>
<GraphicalElement HEIGHT="3" HPOS="1328" ID="Page224_Block3" VPOS="1487" WIDTH="84" />
</PrintSpace>
</Page>
</Layout>
</alto>