2350 4196
1159 4000 98 48 840

289 406 87 42 285
406 420 42 37 p.
509 407 55 41 19
567 411 43 20 cm
616 440 7 8 .

222 472 50 51 ©
306 477 125 39 June
462 476 68 48 29,
564 477 139 46 1934;
738 478 66 39 2c.
838 478 126 39 June
995 476 56 41 30;
1113 476 79 40 aff.
1227 477 115 47 July
1375 477 51 45 3;
1463 475 41 40 A
1534 476 168 46 73292;
1738 476 216 40 William
1989 474 214 49 Godwin,

291 532 90 41 inc.
452 532 278 50 (34-18191)

215 637 203 63 Yates,
449 637 306 54 Elizabeth
785 638 151 56 Hall.

349 714 1688 66 … Interval in Eden. New York, R. D. Henkle [ c 1934]
292 787 83 40 287
405 798 42 37 p.
509 786 56 40 19½
595 789 44 21 cm
644 819 8 8 .

223 852 1931 53 © May 31, 1934; 2c. June 28; aff. July 11; A 73375; E. H. Yates, ℅
290 915 101 40 Rae
418 916 55 38 D.
501 915 201 46 Henkle,
730 917 115 38 New
871 917 141 38 York.
1085 915 277 47 (34-19929)

214 1015 229 66 Zeitlin,
478 1016 287 67 Solomon,
804 1022 167 48 1892-

293 1094 120 52 The
460 1092 218 69 history
725 1094 63 52 of
832 1095 95 53 the
974 1094 199 53 second
1221 1093 214 53 Jewish
1483 1093 488 66 commonwealth;

224 1092 1981 148 prolegomena, by Solomon Zeitlin, PH. D. Philadelphia, The Dropsie
224 1249 207 68 college
459 1250 92 53 for
578 1250 242 53 Hebrew
849 1250 111 51 and
989 1255 234 62 cognate
1249 1249 276 67 learning,
1555 1251 148 50 1933.

288 1324 83 45 xii,
400 1324 54 40 78
483 1335 40 37 p.
581 1325 54 40 23½
669 1327 43 21 cm
716 1356 8 8 .

222 1377 50 51 ©
310 1382 125 47 Sept.
469 1383 66 45 11,
570 1382 138 41 1933;
744 1382 66 39 2c.
845 1382 108 39 Feb.
988 1382 68 45 12,
1090 1381 138 45 1934;
1266 1380 80 41 aff.
1381 1381 128 39 June
1540 1381 80 44 23;
1655 1382 44 39 A
1728 1380 168 47 73189;
1937 1381 42 40 S.
2016 1379 187 48 Zeitlin,

288 1439 352 47 Philadelphia.
712 1439 276 47 (34-18506)

215 1541 212 64 Zenda,
455 1542 219 57 Pierre.

348 1615 1523 69 … Amour roi, roman. Paris, J. Tallandier [1934]
289 1689 739 51 3 p. l., [9]-219 p., 1 l. 19 cm .
223 1744 50 51 ©
309 1749 108 40 Jan.
451 1750 68 45 17,
553 1749 140 44 1934;
730 1749 66 41 1c.
833 1751 113 45 May
979 1749 80 46 15;
1095 1747 309 49 A-Foreign
1437 1748 143 40 24655;
1648 1747 186 41 Société
1868 1746 255 41 d’éditions
2160 1749 47 37 et

290 1807 57 38 de
379 1805 335 48 publications,
749 1805 152 40 Paris.
974 1805 277 48 (34-17962)

215 1907 254 68 Zinsser,
503 1911 181 63 Hans,
716 1909 169 54 1878-

287 1987 52 52 A
383 1986 278 58 textbook,
693 1986 64 54 of
797 1986 401 69 bacteriology,
1242 1987 139 52 with
1425 2006 31 33 a
1499 1988 210 50 section
1752 2003 71 35 on
1868 1984 338 69 pathogenic

216 2071 262 62 protozoa;
549 2065 95 52 the
679 2064 350 68 application
1065 2065 64 52 of
1160 2064 384 69 bacteriology
1580 2065 111 52 and
1727 2062 388 69 immunology
2148 2070 58 46 to

216 2144 94 51 the
345 2143 264 66 etiology,
644 2142 304 69 diagnosis,
984 2141 221 67 specific
1236 2144 243 66 therapy
1514 2144 110 51 and
1658 2141 337 69 prevention
2026 2141 65 53 of
217 2143 1965 130 infectious

482 2220 239 54 diseases
748 2221 93 52 for
865 2221 254 53 students
1147 2222 110 51 and
1284 2220 397 68 practitioners
1707 2219 65 54 of
1794 2218 276 55 medicine
2094 2220 110 53 and

217 2297 1989 70 public health, by Hans Zinsser … and Stanhope Bayne-Jones
277 2374 1927 70 … (rewritten, rev. and reset) with 174 illustrations in the text.
217 2453 97 54 7th
352 2455 83 52 ed.
512 2454 137 52 New
687 2454 176 66 York,
901 2454 255 67 London,
1191 2455 70 51 D.
1304 2454 572 69 Appleton-Century
1912 2472 295 51 company,

215 2533 617 67 incorporated [ c 1934]
288 2604 1039 51 xix p., 1 l., 1226 p. illus., diagrs. 24 cm.
291 2661 347 42 “References”
665 2665 51 36 at
743 2662 90 39 end
860 2660 52 41 of
936 2664 124 38 most
1086 2661 52 41 of
1164 2662 79 40 the
1271 2663 238 47 chapters.

224 2716 1980 52 © June 26, 1934; 2c. and aff. June 28; A 73245; D. Appleton-Century co.,
292 2777 88 40 inc.
453 2776 276 48 (34-18375)

218 2878 388 67 Znamensky,
642 2880 226 63 George
901 2877 490 67 Alexandrovich,
1427 2883 169 50 1890-

289 2957 139 52 New
464 2957 108 68 key
607 2963 59 47 to
702 2957 308 65 ourselves;
1051 2957 211 52 human
1298 2958 270 52 behavior
1603 2958 61 51 in
1703 2958 94 51 the
1833 2957 150 68 light
2021 2955 62 54 of
222 2974 1958 128 reflexology

556 3034 194 68 (based
793 3053 71 34 on
905 3041 187 46 recent
1135 3036 246 52 Russian
1422 3035 278 69 findings)
1752 3035 75 69 by
1871 3035 218 68 George
2132 3034 70 52 A.

220 3112 1959 144 Znamensky … with a foreword by Dr. Walter Fenno Dearborn … [Boston,
815 3190 120 51 The
969 3190 219 67 author,
1220 3197 17 21 c
1242 3194 151 63 1934]

291 3261 623 51 3 p. l., 73, [2] p. 18½ cm .
297 3319 243 40 “Selected
568 3319 334 48 bibliography
928 3319 51 40 of
1006 3319 268 42 references
1301 3322 138 40 made
1463 3322 49 39 in
1541 3323 80 40 the
1647 3321 131 42 text”:
1835 3334 42 37 p.
1922 3324 174 48 [74]-75]

227 3373 49 51 ©
313 3378 116 46 May
460 3378 38 45 3,
535 3377 138 46 1934;
710 3377 66 39 2c.
811 3378 115 45 May
957 3377 51 46 9;
1047 3377 79 39 aff.
1164 3379 112 47 May
1311 3379 80 47 21;
1429 3380 40 38 A
1504 3381 168 46 72449;
1713 3381 52 40 G.
1800 3382 53 38 A.
1892 3381 312 47 Znamensky,

295 3434 195 39 Boston.
561 3433 277 48 (34-16138)

217 3534 332 66 Znaniecki,
582 3535 259 66 Florjan,
876 3538 168 50 1882-

298 3610 1904 70 The method of sociology, by Florian Znaniecki … New
228 3689 176 67 York,
435 3690 212 51 Farrar
674 3690 44 49 &
748 3689 292 67 Rinehart,
1068 3688 123 69 inc.,
1221 3694 146 47 1934.

294 3760 82 48 xii,
409 3761 84 40 338
523 3771 41 37 p.
626 3761 54 39 19½cm.

297 3817 345 40 “References”
668 3820 52 38 at
743 3819 90 39 end
858 3818 52 40 of
934 3819 115 39 each
1077 3820 210 45 chapter,
1315 3823 167 45 except
1509 3823 199 47 chapter
1734 3824 123 39 four.

228 3874 51 51 ©
306 3879 125 40 June
455 3880 39 45 4,
521 3879 138 45 1934;
688 3878 66 41 2c.
781 3877 125 41 June
931 3877 52 47 6;
1013 3878 80 40 aff.
1121 3879 125 39 June
1272 3880 51 45 5;
1353 3880 39 38 A
1418 3881 169 47 72710;
1616 3882 49 39 F.
1697 3881 271 49 Znaniecki,
1998 3883 205 47 Poznan,

298 3936 197 39 Poland.
565 3934 278 47 (34-15766)
