2350 4196
1120 3998 133 52 1802

211 369 304 69 Hughson,
544 374 173 55 Beth.

212 448 1962 131 … In foreign lands, an exploratory language course and cultural
387 527 388 53 introduction
800 534 58 46 to
1033 545 45 50 Rome,
1102 527 174 67 Italy,
1302 527 237 66 France,
1567 524 200 69 Spain,
1793 525 309 69 Germany,
2123 526 77 70 by

212 604 147 52 Beth
390 604 287 68 Hughson
706 606 114 52 and
852 604 130 55 Oda
1013 604 238 55 Gostick
1359 611 7 9 …“
1415 604 235 67 Boston,
1681 603 139 58 Hew
1853 604 163 52 York
2054 607 138 63 [etc.]

212 680 1037 71 D. C. Heath and company [ c 1934]
283 768 97 48 xvi,
416 767 87 41 362
534 777 44 38 p.
641 768 85 41 col.
760 769 163 48 front.,
960 769 126 39 illus.
1116 767 132 49 (incl.
1285 767 161 48 maps)
1517 765 59 41 19½
1606 768 45 21 cm
1655 798 8 9 .
1738 766 229 48 (Heath’s
2003 767 135 39 modern

213 823 236 50 language
479 825 173 48 series)

280 894 227 42 Includes
534 895 391 49 bibliographies.

280 950 227 42 Includes
531 952 167 41 music.

213 1019 50 51 ©
292 1023 101 41 Oct.
421 1023 68 48 26,
517 1023 140 48 1934;
685 1023 66 40 2c.
781 1025 115 39 Nov.
922 1023 25 38 2;
1005 1035 26 28 a
1036 1023 48 39 ft.
1113 1024 115 38 Nov.
1257 1023 52 46 1;
1339 1023 40 38 A
1406 1021 169 48 77055;
1607 1023 57 39 D.
1692 1022 48 41 C.
1770 1024 163 40 Heath
1963 1023 37 40 &
2025 1033 67 29 co·.

289 1081 220 48 (35-515)

213 1182 206 64 Hume,
449 1182 200 65 Edgar
677 1182 270 65 Erskine,
979 1188 170 50 1889-

281 1257 520 70 Sesquicentennial
843 1259 222 68 history
1107 1259 112 52 and
1261 1264 182 47 roster
1482 1258 64 53 of
1587 1258 96 53 the
1728 1257 227 70 Society
1996 1257 66 55 of
2100 1258 99 53 the

210 1335 324 54 Cincinnati
589 1335 62 54 in
700 1337 95 52 the
846 1341 146 48 state
1041 1335 63 54 of
1153 1335 289 69 Virginia,
1494 1335 327 69 1783-1933,
1871 1335 77 71 by
1999 1336 201 69 Edgar

211 1413 244 53 Erskine
491 1414 207 53 Hume.
772 1414 341 68 Richmond,
1151 1414 125 66 Va.,
1315 1413 120 53 The
1479 1411 248 72 Society,
1764 1415 151 52 1934.

281 1498 87 42 312
393 1511 43 37 p.
465 1501 108 40 incl.
604 1501 163 46 front.,
796 1501 126 40 illus.
952 1501 130 49 (incl,.
1114 1501 162 47 ports.,
1306 1500 128 48 plan,
1466 1500 239 48 facsims.)
1773 1498 58 42 26½
1863 1501 45 22 cm
1911 1531 9 9 .

280 1570 137 42 “Roll
440 1572 53 39 of
511 1572 247 48 members,
785 1570 289 42 1783-1933”:
1129 1580 44 39 p.
1197 1570 216 41 271-296.

285 1626 181 42 “Other
491 1628 324 47 publications
845 1640 59 28 on
933 1629 80 40 the
1046 1627 190 47 Society
1265 1628 53 39 of
1344 1629 81 41 the
1454 1626 279 42 Cincinnati
1761 1628 61 46 by
1852 1629 80 39 the
1963 1627 231 41 author”:

208 1693 43 37 p.
277 1683 217 42 311-312.

212 1751 1987 53 © Oct. 18, 1934; 2c. and aff. Nov. 9; A 78021; Society of the Cincinnati
277 1813 52 38 in
357 1814 84 39 the
467 1815 130 38 state
624 1813 51 39 of
703 1813 234 48 Virginia.
1010 1812 219 49 (35-915)

206 1916 234 64 Jervey,
473 1917 203 62 Huger
699 1918 345 63 Wilkinson,
1073 1917 82 53 ed.

279 1994 122 52 The
433 2013 122 34 case
589 1994 62 53 of
684 1996 305 66 monopoly
1025 2014 190 33 versus
1250 1994 395 68 competition;
1684 2012 193 38 source
1909 1996 289 51 materials

207 2072 63 52 in
297 2073 97 53 the
421 2071 132 53 field
583 2073 62 53 of
674 2072 250 53 business
955 2074 218 52 control
1200 2073 60 51 in
1289 2074 241 65 French,
1560 2073 249 54 German
1840 2074 112 51 and
206 2074 1991 129 Anglo-American

266 2151 1933 144 law. Edited by Huger W. Jervey and Francis De á & … [New York]
742 2228 299 56 Columbia
1069 2229 314 68 university
1413 2249 173 48 press,
1618 2233 148 51 1934.

275 2318 29 40 3
331 2329 41 29 v.
431 2317 55 41 28
490 2319 43 21 cm
537 2348 8 8 .

275 2389 406 48 Mimeographed.

274 2447 161 47 Paged
468 2445 351 47 continuously.

280 2503 274 47 “Prepared
586 2502 81 39 for
699 2502 80 39 the
816 2512 84 29 use
936 2501 52 40 of
1022 2502 220 40 students
1277 2502 52 38 in
1362 2502 332 48 comparative
1727 2504 94 38 law
1858 2504 55 39 at
1948 2502 250 41 Columbia

207 2560 273 47 university
508 2559 171 41 School
708 2558 51 41 of
787 2557 138 41 law.”

280 2617 178 39 “Table
484 2617 52 39 of
560 2615 163 41 cases”:
779 2628 41 27 v.
850 2616 39 47 3,
918 2626 42 36 p.
989 2614 215 41 925-984.

281 2672 439 48 “Bibliographical
747 2671 279 40 materials”:
1084 2684 40 27 v.
1153 2673 37 46 1,
1217 2672 85 40 6th
1327 2673 183 47 prelim,
1538 2673 113 39 leaf.
1709 2672 175 40 “Table
1909 2672 52 41 of
1988 2673 210 41 statutes

209 2732 95 38 and
334 2729 168 41 codes”:
561 2741 42 29 v.
633 2730 40 46 3,
704 2740 41 37 p.
776 2728 215 41 922-924.

211 2797 1984 53 © Oct. 10, 1934; 2c. each Nov. 30; aff. Nov. 28; A 77441; Columbia univ.
276 2869 148 37 press.
496 2858 84 48 (CA
595 2857 176 41 34-186
787 2856 234 48 Unrev’d)

213 2962 299 67 [Johnson,
543 2960 315 66 Kendrick]

278 3037 364 54 Babelaisian
674 3036 419 53 reminiscenses
1146 3037 29 65 [!]
1213 3037 63 52 of
1306 3040 176 65 Beno,
1511 3038 76 66 by
1618 3056 30 33 a
1677 3038 263 52 bachelor
1970 3040 226 65 lawyer.

206 3115 111 54 Los
339 3115 265 68 Angeles,
630 3113 145 55 Gem
798 3112 336 70 publishing
1156 3132 96 48 co.,
1279 3116 107 51 inc.
1419 3147 13 34 [
1435 3120 20 22 c
1460 3117 151 63 1934]

277 3201 86 39 114
390 3211 43 38 p.
493 3199 58 41 19½
582 3202 44 21 cm
630 3232 8 9 .

280 3270 1006 49 “Copyright … by Kendrick Johnson.”
212 3340 1985 52 © Dec. 4, 1934; 2c. Dec. 12; aff. Dec. 10; A 78624; K. Johnson, Reno,
278 3402 113 40 Nev.
463 3400 220 49 (35-623)

208 3502 339 66 Kernahan,
577 3502 230 54 Arthur
840 3503 155 65 Earl,
1029 3507 168 49 1888-
1410 3522 177 49 comp.

285 3578 177 55 Great
498 3597 246 36 sermons
782 3578 94 53 for
910 3579 260 67 growing
1203 3576 280 72 disciples,
1522 3578 279 68 compiled
1838 3578 74 68 by
1949 3577 69 53 A.
2055 3577 140 52 Earl

213 3654 1983 70 Kernahan … New York [etc.] Fleming H. Bevell company
219 3767 13 35 [
236 3740 19 22 c
260 3736 152 65 1934]

279 3807 88 41 160
391 3818 44 38 p.
491 3806 58 40 19½
578 3809 44 21 cm
628 3839 8 8 .

212 3874 1903 52 © Oct. 13, 1934; 2c. and aff. Oct. 20; A 75880; Fleming H. Revell co.
288 3935 220 49 (35-500)
