2350 4196
1192 3993 96 47 982

254 380 170 53 Delta
453 396 254 48 gamma.

322 457 93 51 An
452 455 290 53 historical
779 456 192 52 sketch
1010 455 62 51 of
1108 456 93 50 the
1238 452 170 54 Delta
1445 470 224 50 gamma
1706 451 326 68 fraternity,
258 452 1979 134 1874-1934.
486 533 308 67 [Menasha,

843 533 157 55 Wis.,
1054 532 218 68 George
1324 532 189 50 Santa
1563 527 333 70 publishing
1947 547 294 50 company,

254 617 17 21 c
276 614 136 49 1934
415 644 12 33 ]

323 685 25 39 3
375 695 43 37 p.
479 716 8 16 l.,
513 683 57 40 66
593 696 41 36 p.
696 684 140 47 illus.,
865 686 146 45 ports.
1041 683 47 46 (1
1117 681 250 47 mounted)
1430 680 55 39 23
1488 683 45 21 cm
1538 713 7 7 .

325 741 256 39 Foreword
615 741 192 47 signed:
841 741 167 46 Nancy
1042 741 175 37 Brown
1250 738 240 46 Woollett,
1527 737 262 49 chairman,
1824 736 266 40 Historical
255 748 1970 90 committee.

261 852 50 50 ©
346 856 129 40 June
502 855 39 47 9,
575 855 138 45 1934;
749 855 66 38 2c.
849 854 115 47 July
997 853 80 46 10;
1114 852 79 40 aff.
1229 852 114 47 July
1375 849 25 40 9;
1464 851 42 38 A
1538 850 168 47 73369;
1743 852 145 39 Delta
1922 861 189 37 gamma

332 850 1893 109 fraternity,
558 912 335 46 Minneapolis.
964 909 276 48 (34-22400)

255 1002 208 65 Eakin,
497 1005 137 50 Mrs.
667 1003 248 51 Mildred
948 1000 191 54 Olivia
1168 1000 270 63 (Moody)
1483 1001 170 52 1890-

328 1080 290 67 Teaching
646 1080 193 67 junior
868 1080 135 66 boys
1036 1078 111 52 and
1176 1078 140 68 girls
1370 1078 92 66 [by]
1497 1077 253 51 Mildred
1780 1076 214 67 Moody
2022 1076 218 65 Eakin;

260 1175 31 33 a
319 1158 268 52 textbook
615 1158 61 51 in
705 1157 95 52 the
832 1156 291 55 Standard
1154 1174 190 34 course
1374 1156 61 50 in
1466 1155 321 68 leadership
1817 1155 273 67 training,
259 1159 1962 128 outlined
450 1236 111 51 and
598 1235 291 67 approved
925 1235 75 67 by
1033 1234 95 53 the
1165 1233 420 53 International
1623 1234 217 51 council
1877 1233 63 52 of
1975 1233 269 67 religious

260 1312 314 53 education.
668 1312 138 52 New
869 1312 177 67 York,
1106 1311 328 55 Cincinnati
1517 1316 119 61 [etc.]
1700 1311 242 52 Printed
2001 1311 93 52 for
2150 1312 95 52 the

261 1390 347 68 Leadership
647 1391 256 67 training
942 1390 332 68 publishing
1313 1389 336 53 association
1687 1389 35 52 by
1800 1390 96 52 the
1932 1389 314 53 Methodist

260 1468 142 52 book
432 1487 234 33 concern
701 1501 13 34 [
720 1476 17 20 c
742 1471 134 49 1934
881 1502 12 33 ]

327 1540 364 48 277 p. 17½ cm .
336 1597 237 41 “Editor’s
600 1599 358 39 introduction”
990 1598 166 48 signed
1175 1610 7 27 :
1212 1598 165 39 Erwin
1406 1598 48 39 L.
1488 1597 196 48 Shaver,
1713 1599 264 47 chairman,
2007 1600 240 40 Editorial

260 1657 95 38 and
386 1656 308 40 educational
726 1655 194 40 section.

333 1713 186 39 “Books
546 1716 48 37 to
622 1712 215 40 consult”
868 1715 50 37 at
948 1713 90 39 end
1068 1712 50 40 of
1144 1713 116 39 each
1288 1713 212 47 chapter.

265 1769 50 50 ©
348 1773 114 45 July
494 1771 38 46 9,
564 1771 139 46 1934;
738 1770 64 39 2c.
837 1771 93 38 and
962 1769 81 39 aff.
1076 1770 114 46 July
1221 1770 81 46 14;
1337 1770 40 38 A
1410 1770 141 40 73423;
1615 1771 61 38 M.
1709 1772 61 38 M.
1805 1769 170 48 Eakin,
2010 1772 235 40 Madison.

330 1829 55 38 N.
416 1829 42 39 J.
529 1827 278 48 (34-22206)

254 1917 517 54 Electrochemical
803 1916 241 64 society.

324 1995 401 53 Transactions
753 1995 62 52 of
841 1995 93 52 the
963 1995 499 52 Electrochemical
1489 1996 250 65 society.
1852 1997 240 52 Volume
2117 2015 126 34 lxv.

258 2071 326 69 Sixty-fifth
630 2073 227 68 general
897 2073 264 67 meeting,
1201 2073 132 52 held
1375 2073 209 67 jointly
1626 2075 138 51 with
1806 2075 94 53 the
1941 2076 305 52 American

256 2152 236 51 ceramic
533 2152 225 64 society,
797 2151 309 66 Asheville,
1147 2153 66 51 N.
1311 2194 27 23 C.,
1377 2152 174 67 April
1590 2155 83 64 26,
1714 2152 64 52 27
1820 2153 111 51 and
1970 2157 82 63 28,
2095 2155 148 50 1934.

255 2231 137 51 New
419 2229 161 53 York
605 2229 131 67 city,
763 2229 119 52 The
910 2229 499 52 Electrochemical
1436 2231 226 66 society,
1687 2232 126 65 inc.,
1843 2234 147 50 1934.

330 2303 1472 47 xiii, 440 p. front. (port.) illus., tables, diagrs. 23½ cm .
264 2357 50 50 ©
345 2361 125 46 Sept.
500 2361 36 38 3.
565 2360 139 39 1934;
733 2360 64 38 2c.
831 2360 125 46 Sept.
985 2361 51 39 7;
1068 2359 80 40 aff.
1179 2359 126 47 Sept.
1335 2360 50 46 6;
1416 2360 40 38 A
1482 2360 169 46 75195;
1684 2360 423 40 Electrochemical
2139 2370 107 38 soc.,

330 2418 90 39 inc.

259 2508 297 64 Feldman,
589 2508 303 52 Abraham
924 2507 204 65 Jehiel,
1164 2512 168 50 1893-

261 2584 1959 143 Sources of Jewish inspiration, by Rabbi Abraham J. Feldman … Hartford, 1934.
330 2736 97 48 209,
481 2736 24 39 [3]
558 2747 41 37 p.
661 2736 54 40 19
719 2738 42 20 cm
767 2769 7 6 .

336 2793 286 41 “Published
653 2794 213 39 volumes
893 2794 59 46 by
1027 2794 110 38 Rabbi
1166 2794 241 39 Abraham
1437 2794 41 40 J.
1508 2795 259 40 Feldman”
1788 2806 8 28 :
1826 2807 41 36 p.
1900 2794 263 51 [211]-[212]

265 2849 50 50 ©
343 2853 114 46 July
484 2852 67 41 16,
578 2851 137 46 1934;
744 2851 64 38 2c.
838 2850 115 46 July
978 2850 52 41 2;
1061 2849 80 41 aff.
1171 2851 112 47 July
1383 2863 7 29 18:
1420 2853 40 37 A
1488 2852 168 47 74268;
1685 2854 52 37 A.
1767 2854 41 38 J.
1838 2853 245 48 Feldman,
2111 2854 137 40 West

330 2910 254 39 Hartford.
616 2908 145 39 Conn.
836 2907 278 46 (34-22202)

263 3001 197 51 Fierro
491 3000 232 63 Bianco,
755 2999 257 52 Antonio
1044 3000 87 54 de.

333 3077 157 64 Rico,
526 3076 200 52 bandit
760 3077 110 51 and
904 3075 260 67 dictator,
1197 3077 73 66 by
1303 3079 253 51 Antonio
1591 3081 66 51 de
1692 3078 198 54 Fierro
1927 3080 214 52 Blanco
2180 3124 31 8 ..
266 3157 213 51 Boston
505 3142 113 67 land
650 3155 137 51 New

823 3154 172 64 York,
1024 3155 318 66 Houghton
1368 3156 203 52 Mifflin
1602 3174 294 50 company,
1929 3161 146 49 1934.

334 3229 26 37 4
386 3240 42 36 p.
491 3260 7 13 l.,
526 3227 96 39 194.
655 3228 53 47 [1]
734 3238 41 35 p.
837 3226 161 47 front.,
1027 3228 168 46 plates.
1256 3227 140 39 20½cm.

265 3283 50 50 ©
345 3287 114 44 July
487 3286 67 39 31,
585 3284 138 41 1934;
753 3284 66 39 2c.
849 3284 118 46 Aug.
994 3285 52 38 4:
1080 3284 79 39 aff.
1187 3285 117 47 Aug.
1335 3287 51 45 3;
1420 3287 39 37 A
1488 3286 169 47 73716;
1690 3287 261 46 Houghton
1982 3285 166 41 Mifflin
2178 3295 66 33 co.

344 3341 277 48 (34-22375)

262 3432 260 63 Findlay,
552 3432 187 52 Bruce
767 3430 194 63 Allyn.

331 3507 161 61 Key$
519 3509 111 51 and
656 3506 131 62 cue$
824 3507 276 67 (business
1128 3509 189 67 plays)
1355 3510 91 53 for
1473 3512 237 66 reading
1737 3529 61 33 or
1825 3510 410 68 presentation;

264 3587 91 51 the
403 3585 275 53 dramatic
724 3603 124 47 way
895 3585 62 51 of
1003 3585 261 67 teaching
1309 3587 250 53 business
1604 3589 289 66 attitudes,
1938 3589 74 66 by
2057 3591 181 49 Bruce

262 3663 178 67 Allyn
471 3663 250 67 Findlay
778 3664 127 65 [and]
947 3664 206 51 Esther
1186 3665 162 51 Blair
1381 3665 264 68 Findlay.
1722 3668 137 51 New
1894 3667 176 65 York,

262 3665 1952 143 Chicago
449 3746 97 46 [etc.]
599 3742 119 51 The
744 3741 193 67 Gregg
963 3741 331 69 publishing
1319 3761 278 49 company
1628 3779 12 32 [
1645 3750 17 21 c
1668 3747 135 49 1934
1806 3777 12 33 ]

333 3823 43 36 x,
407 3813 80 39 591
517 3825 42 36 p.
620 3813 55 39 20½
707 3815 43 20 cm
756 3845 7 7 .

264 3868 50 50 ©
352 3872 113 46 July
564 3902 6 14 18,
610 3871 138 45 1934;
788 3871 66 38 2c.
894 3872 93 38 and
1026 3871 80 38 aff.
1145 3872 113 46 July
1296 3873 81 39 23:
1418 3874 38 37 A
1496 3873 167 47 73562;
1704 3875 52 38 B.
1796 3874 52 38 A.
1890 3873 218 46 Findlay.
2148 3873 91 39 Los

329 3929 215 45 Angeles.
617 3927 276 47 (34-22170)
