2350 4196
1128 4000 98 49 666

182 384 192 66 Clark,
405 385 252 53 Edward
690 385 60 54 C.

255 462 118 52 The
408 462 145 52 fatal
583 462 253 67 element,
865 463 74 66 by
969 463 250 52 Edward
1252 462 59 54 C.
1348 460 189 55 Clark.
1605 461 137 51 New
1775 461 179 65 York,
1983 461 183 67 Paris,

188 536 1122 64 Empire publishing company [ c 1934]
261 611 27 38 2
315 621 42 37 p.
419 643 7 12 l.,
454 611 143 40 7-304
620 621 42 36 p.
724 611 113 40 22cm.

188 664 51 51 ©
267 669 111 47 Apr.
408 669 68 46 21,
502 668 139 45 1984;
672 669 66 39 2c.
768 669 113 46 May
908 669 81 45 12;
1020 668 81 40 aff.
1131 669 124 39 June
1282 669 25 38 7;
1365 667 40 38 A
1433 667 169 45 71981;
1635 667 194 47 Empire
1857 667 107 48 pub.
1995 678 64 29 co.

267 725 277 47 (34-14906)

183 825 226 65 Clarke,
436 828 128 62 Roy
589 826 303 66 Manning,
923 833 170 48 1883-

186 900 1984 148 Diseases of the heart [by] R. Manning Clarke … Mountain View, Calif., Omaha [etc.]
1024 978 1142 69 Pacific press publishing assn. [ c 1934]
255 1050 56 40 64
336 1062 43 37 p.
407 1053 108 39 incl.
544 1053 83 39 col.
657 1053 160 46 front.,
848 1054 177 46 diagrs.
1085 1052 55 40 19½
1174 1054 41 21 cm
1221 1084 7 7 .

189 1105 55 51 ©
270 1111 114 46 May
411 1110 67 42 22,
509 1110 116 40 1934;
680 1111 64 39 2c.
776 1113 94 37 and
901 1111 79 38 aff.
1011 1112 113 45 May
1152 1110 80 41 28;
1265 1110 40 38 A
1334 1109 168 46 71824;
1536 1109 177 40 Pacific
1742 1120 135 37 press
1904 1109 108 48 pub.
2044 1119 127 31 assn.

267 1167 277 48 (34-15237)

184 1257 130 62 Coe,
345 1256 225 64 George
598 1257 412 64 Washington,
1042 1263 165 48 1856-

257 1333 265 53 Frontier
552 1333 223 68 fighter,
805 1336 94 51 the
931 1334 455 67 autobiography
1418 1333 64 53 of
1511 1332 221 68 George
1761 1333 91 53 W.
1886 1332 130 68 Coe,
2046 1335 124 50 who

189 1409 210 69 fought
423 1412 112 52 and
565 1412 134 52 rode
729 1412 139 52 with
898 1412 158 67 Billy
1085 1413 97 52 the
1207 1411 118 67 kid,
1356 1430 59 34 as
1444 1412 215 51 related
1689 1416 58 47 to
1778 1411 129 53 Nan
1936 1411 235 67 Hillary

188 1488 300 53 Harrison.
582 1491 214 51 Boston
845 1491 110 52 and
1004 1490 137 52 New
1189 1489 179 66 York,
1414 1489 318 66 Houghton
1776 1489 204 51 Mifflin
187 1507 1963 127 company,
390 1569 149 51 1934.

254 1640 82 39 xiv
363 1650 57 37 p.,
449 1641 24 37 1
537 1670 7 16 l.,
572 1640 86 39 220
685 1650 41 37 p.
787 1640 163 45 front.,
979 1642 168 46 plates,
1178 1642 160 46 ports.,
1367 1639 213 41 facsims.
1643 1639 144 41 21½cm.

192 1692 53 51 ©
273 1698 113 46 May
414 1696 70 48 29;
512 1696 114 40 1934;
684 1697 64 39 2c.
782 1697 124 38 June
936 1697 52 45 2;
1021 1696 79 40 aff.
1133 1697 129 39 June
1286 1697 51 41 1;
1371 1697 40 38 A
1438 1696 169 46 72570;
1641 1697 108 39 Nan
1779 1696 195 48 Hillary
258 1693 1897 107 Harrison,

391 1753 189 45 Austin,
617 1753 114 39 Tex.
801 1752 277 47 (34-14519)

185 1842 293 63 Crowson,
510 1844 151 54 Carl.

257 1919 229 67 Leaves,
526 1920 74 67 by
642 1919 136 55 Carl
820 1920 286 54 Crowson.
1183 1921 232 65 Boston,
1456 1921 120 51 The
1615 1921 376 67 Christopher
185 1921 1962 143 publishing
427 1997 171 52 house
634 2030 13 34 [
649 2004 20 21 c
675 2000 150 64 1934]

261 2070 24 38 1
315 2080 42 37 p.
419 2100 8 16 l.,
455 2068 113 41 7-99
594 2080 43 37 p.
698 2069 54 39 21
757 2071 43 21 cm
804 2102 8 7 .

260 2126 180 41 Poems.

192 2180 51 51 ©
277 2185 112 46 May
422 2185 67 39 15.
524 2184 138 47 1934;
697 2185 67 39 2c.
798 2185 113 46 May
943 2185 80 46 16;
1060 2184 81 40 aff.
1173 2186 112 46 May
1318 2186 80 46 19;
1435 2187 40 38 A
1508 2187 169 45 72422;
1715 2187 315 47 Christopher
2065 2189 107 45 pub.

258 2242 162 38 house.
490 2241 278 47 (34-14322)

187 2330 244 64 Cullum,
464 2330 301 64 Ridgwell,
800 2333 167 52 1867-

256 2408 119 50 The
399 2406 234 68 flaming
658 2407 324 53 wilderness
1013 2408 107 68 [by]
1152 2408 282 69 Ridgwell
1461 2410 244 55 Cullum.
1769 2408 404 70 Philadelphia
186 2488 45 48 &
257 2485 256 53 London.
541 2484 54 54 J.
627 2485 67 50 B.

723 2484 336 67 Lippincott
1086 2504 293 50 company,
1411 2491 147 49 1934.

257 2557 85 40 319
369 2569 43 36 p.
472 2557 56 40 19½c
575 2559 27 21 m
607 2588 7 7 .

194 2610 51 51 ©
275 2616 112 46 May
416 2615 67 40 22.
514 2615 139 46 1934;
686 2615 64 39 2c.
783 2617 94 38 and
908 2615 77 39 aff.
1020 2616 127 39 June
1174 2617 50 46 1;
1257 2618 39 38 A
1325 2618 141 40 72593;
1528 2620 55 39 R.
1615 2619 204 48 Cullum,
1851 2621 210 39 London.

273 2671 278 49 (34-14542)

186 2757 288 67 Fenwick,
509 2761 242 54 Charles
786 2762 346 64 Ghequiere,
1169 2770 167 49 1880-

261 2837 1908 69 International law, by Charles G. Fenwick … 2d ed., rev.
189 2916 112 51 and
332 2915 103 52 enl.
512 2917 137 51 New
679 2917 177 66 York,
885 2920 255 66 London,
1168 2921 69 51 D.
1270 2922 575 67 Appleton-Century
1876 2940 294 49 company,

189 2989 396 69 incorporated
624 3028 11 32 [
639 3000 18 21 c
663 2998 148 63 1934]

261 3063 1911 53 xlvii, 623 p. 23cm. [The Century political science series, ed. by F. A.
194 3118 113 49 Ogg]

264 3174 133 42 “List
423 3177 51 39 of
500 3177 158 41 works
684 3179 216 40 referred
925 3180 77 40 to”:
1061 3192 41 37 p.
1129 3183 232 39 xxix-xli.

264 3230 175 42 “Table
468 3234 51 39 of
544 3234 198 46 judicial
775 3236 264 40 decisions”:
1096 3249 41 36 p.
1167 3239 271 41 xliii-xlvii.

195 3284 51 51 ©
272 3290 114 46 May
410 3290 68 46 16,
505 3291 139 42 1934;
673 3292 63 39 2c.
767 3294 93 38 and
888 3294 79 41 aff.
994 3296 112 45 May
1133 3296 78 45 18;
1242 3297 39 38 A
1310 3298 166 46 71679;
1508 3300 55 40 D.
1593 3299 471 48 Appleton-Century
2092 3311 81 34 co.,

262 3345 89 40 inc.
425 3346 277 50 (34-14334)

187 3435 191 64 Frost,
411 3437 202 63 Henry
642 3439 258 64 Weston,
935 3446 168 49 1858-

259 3512 119 53 The
414 3515 201 51 second
650 3516 223 68 coming
908 3516 64 53 of
1009 3517 221 69 Christ;
1271 3539 31 33 a
1340 3522 204 52 review
1581 3523 64 52 of
1679 3524 96 51 the
1811 3522 267 68 teaching
2111 3522 64 53 of

193 3587 1978 80 Scripture concerning the return of Christ … by Henry W.
189 3666 1962 146 Frost … Grand Rapids, Mich., Wm. B. Eerdmans publishing company, 1934.
256 3815 83 41 251
371 3828 40 37 p.
473 3818 114 40 20cm.

195 3868 50 51 ©
275 3874 110 46 Apr.
416 3875 67 45 25,
513 3874 138 47 1934;
683 3876 64 39 2c.
779 3879 94 37 and
903 3878 79 39 aff.
1014 3880 111 46 May
1155 3880 79 47 21;
1268 3882 40 39 A
1337 3882 168 47 71716;
1535 3884 120 39 Wm.
1686 3885 54 39 B.
1770 3884 267 40 Eerdmans
2067 3884 107 48 pub.

262 3940 65 31 co.
398 3930 276 47 (34-14512)
