2350 4196
1134 4001 98 49 584

247 449 41 38 A
313 447 191 48 Harper
531 448 161 39 sealed
719 448 213 46 mystery
961 448 132 44 story
1122 445 64 47 (p.
1215 442 202 41 169-269
1445 443 185 40 sealed)

248 502 161 41 “First
440 502 223 41 edition.”

185 556 50 51 ©
262 561 113 46 May
398 560 39 47 2,
463 559 138 46 1934;
628 559 65 39 2c.
720 559 113 46 May
857 558 25 40 8;
939 556 78 40 aff.
1046 557 113 46 May
1182 556 52 47 9;
1262 556 41 38 A
1328 555 142 40 72343;
1527 554 191 48 Haiper
1747 554 37 41 &
1808 555 123 40 bros.

261 615 278 49 (34-12274)

178 716 221 65 Griese,
433 716 320 54 Friedrich.
791 719 170 49 1890-

310 790 1857 71 … Das letzte gesicht; roman. München, A. Langen/G.
182 872 225 67 Muller,
440 874 149 51 1934.

249 945 97 48 318,
381 945 55 50 [1]
469 955 56 38 p.,
556 945 25 39 1
632 974 7 8 l.
701 942 59 41 19½cm.

278 1001 337 39 "4 6. tausend."
187 1053 1984 53 © Sept. 30, 1933; 1c. Mar. 13, 1934; A-Foreign 24038; Albert Langen-
255 1114 154 48 Georg
433 1113 178 40 Müller
631 1114 178 46 verlag,
836 1123 41 37 g.
901 1122 45 28 m
986 1112 41 39 b.
1052 1112 44 38 b.
1161 1108 278 51 (34-12568)

181 1214 312 66 Guilfoyle,
524 1217 203 52 James
754 1216 92 64 H.,
881 1217 168 49 1890-

252 1292 91 55 On
366 1293 94 52 the
485 1293 136 53 trail
644 1292 62 54 of
731 1293 93 51 the
850 1292 294 67 forgotten
1165 1309 159 48 man;
1355 1310 30 33 a
1410 1291 229 67 journal
1664 1290 62 52 of
1750 1292 97 50 the
1872 1292 302 51 Roosevelt

181 1370 370 69 presidential
585 1369 318 69 campaign,
934 1370 74 56 by
1039 1372 191 52 James
1263 1370 75 51 H.
1373 1368 314 68 Guilfoyle.
1720 1369 139 52 with
1893 1388 72 33 an

183 1370 1989 145 introduction by Robert E, Rogers … Boston, Peabody master
181 1526 265 69 printers,
480 1529 148 51 1933.

257 1598 1396 50 6 p. l., v p., 1 l., 222 p. front, plates, ports. 20½cm.
187 1654 1969 100 “The factual material upon which this volume is based … was published
370 1710 1804 50 serially … in the Worcester Sunday telegram from December 18,
187 1770 125 47 1932,
341 1773 48 37 to
415 1770 136 46 April
577 1769 40 47 2,
647 1767 448 41 1933.”—Author’s
1122 1769 125 39 note.

262 1827 272 40 Concerned
559 1826 186 46 largely
772 1824 118 40 with
918 1825 81 39 the
1025 1827 114 45 part
1164 1825 171 46 played
1363 1824 50 39 in
1440 1825 82 40 the
1550 1824 254 48 campaign
1830 1825 61 47 by
1919 1825 167 40 James
2112 1824 63 41 M.

189 1883 187 47 Curley,
406 1893 166 36 mayor
600 1882 52 39 of
678 1882 195 39 Boston.

191 1936 50 51 ©
270 1940 126 39 June
421 1940 67 45 14,
516 1938 110 40 1933;
684 1937 64 40 2c.
779 1938 94 39 and
901 1937 80 39 aff.
1011 1937 110 47 Apr.
1149 1936 53 41 19;
1258 1937 41 38 A
1326 1935 143 42 71291;
1528 1937 42 40 J.
1599 1938 60 39 H.
1690 1936 258 48 Guilfoyle,
1979 1937 196 40 Boston,

272 1995 276 47 (33-22170)

185 2101 171 62 Hart,
386 2100 222 62 Henry,
641 2101 168 51 1903-

258 2175 120 52 The
413 2179 161 64 great
611 2193 119 48 one,
768 2193 30 33 a
838 2175 165 51 novel
1042 2172 64 54 of
1144 2174 303 52 American
1488 2172 122 68 life,
1648 2174 75 68 by
1764 2174 203 69 Henry
2005 2173 170 53 Hart.

190 2251 136 53 New
353 2251 177 67 York,
556 2252 121 51 The
705 2251 153 54 John
885 2251 131 69 Day
1045 2269 277 50 company
1375 2254 156 49 [c1934]

256 2324 27 38 4
310 2334 43 38 p.
404 2356 7 7 l.,
458 2323 97 41 323.
592 2325 52 48 [1]
677 2334 43 36 p.
781 2324 142 40 19½cm.

194 2379 50 51 ©
272 2384 112 46 May
409 2382 66 48 10,
502 2382 113 40 1934;
669 2382 65 40 2c,
761 2383 95 39 and
882 2381 79 40 aff.
991 2383 112 47 May
1129 2383 52 37 11;
1236 2383 41 38 A
1302 2382 169 47 71589;
1501 2383 58 39 H.
1589 2383 141 48 Hart,
1759 2384 116 39 New
1902 2383 143 39 York.

270 2438 276 49 (34-12097)

190 2529 180 62 Hunt,
400 2528 254 64 Frazier,
687 2531 168 49 1885-

260 2603 139 54 This
427 2603 338 54 bewildered
798 2605 178 52 world
1009 2605 110 52 and
1150 2605 72 53 its
1254 2606 193 52 search
1481 2605 93 53 for
1606 2626 30 33 a
1668 2624 122 34 new
1824 2606 250 68 rhythm,
2105 2605 74 68 by

192 2680 231 53 Frazier
465 2681 195 67 Hunt;
708 2681 137 52 with
891 2682 157 68 eight
1093 2682 429 67 reproductions
1568 2684 59 51 in
1673 2682 508 54 black-and-white

193 2757 149 53 from
366 2759 408 67 photographs,
801 2757 132 54 four
956 2777 161 49 maps
1145 2760 110 52 and
1283 2778 71 34 an
1381 2761 186 51 index.
1630 2761 139 52 New
1795 2759 180 69 York,

192 2760 1962 127 Frederick
369 2836 71 52 A.
472 2834 199 56 Stokes
700 2853 295 51 company,
1029 2839 148 50 1934.

265 2907 1493 51 viii p.. 2 l., 3-371 p. front., illus. (maps) ports. 21cm.
197 2962 50 51 ©
276 2967 112 46 May
412 2967 39 45 3,
479 2966 138 46 1934;
647 2966 65 40 2c.
741 2967 94 38 and
863 2966 78 39 aff,
972 2967 113 47 May
1109 2967 52 46 8;
1189 2968 40 37 A
1257 2968 167 47 71546;
1457 2969 50 41 F,
1536 2969 151 47 Hunt,
1717 2968 294 48 Bronxville,
2041 2969 55 40 N.
2126 2970 54 40 Y.

274 3021 276 48 (34-12538)

191 3110 293 65 Jameson,
514 3112 216 64 Storm,
764 3112 168 52 1897-

265 3187 296 68 Company
596 3189 214 66 parade
865 3189 92 67 [by]
1003 3188 189 56 Storm
1227 3191 285 53 Jameson.
1606 3193 137 52 New
1782 3192 179 65 York,
1998 3192 70 52 A.
2108 3192 71 52 A.

192 3262 222 70 Knopf,
440 3267 149 50 1934.

261 3337 728 48 4 p. l., 3-374 p., 1 l. 19½cm.
265 3392 161 41 “First
456 3392 252 41 American
742 3393 224 41 edition.”

200 3445 53 51 ©
281 3450 112 45 May
422 3450 66 44 14,
520 3448 112 40 1934;
691 3449 65 39 2c.
788 3450 93 38 and
912 3449 80 42 aff.
1025 3451 111 46 May
1167 3451 52 39 16;
1277 3453 39 38 A
1348 3454 141 40 72399;
1552 3456 249 48 Margaret
1835 3456 158 41 Storm
267 3456 1896 89 Jameson
376 3505 260 47 Chapman,
663 3505 209 41 London.
936 3506 276 48 (34-12268)

193 3592 275 64 Keating,
498 3593 312 54 Lawrence
839 3596 70 53 A.

266 3667 307 68 Fleming’s
603 3668 162 69 folly,
790 3670 76 69 by
891 3670 298 54 Lawrence
1220 3674 68 51 A.
1317 3674 269 70 Keating.
1654 3677 136 52 New
1822 3676 178 69 York,
2028 3677 67 52 E.
2124 3677 55 54 J.

198 3742 190 67 Clode,
418 3745 104 52 inc.
560 3748 188 64 [c1934]

297 3817 651 48 v p., 1 l., 9-256 p. 19½cm.
201 3869 50 51 ©
276 3875 112 47 Apr.
414 3876 67 45 15,
536 3875 84 40 1934;
673 3876 66 40 2c.
765 3877 94 39 and
885 3877 80 40 aff.
992 3879 112 47 May
1128 3879 24 39 9;
1205 3880 40 38 A
1270 3881 141 40 72402;
1469 3885 211 39 Edward
1707 3885 42 40 J.
1777 3885 158 47 Clode,
1963 3885 87 39 inc.

278 3930 276 50 (34-12698)
