2350 4196
1114 4005 98 51 755

182 360 196 63 Owen,
406 359 190 53 David
626 361 272 53 Edward.

187 433 1994 147 British opium policy in China and India, by David Edward Owen … New Haven, Yale university press; London,
183 589 75 53 H.
289 590 264 67 Milford,
583 589 230 55 Oxford
841 589 317 69 university
1187 607 175 50 press,
1391 591 148 51 1934.

255 660 1924 51 ix p., 1 l., 399 p. 22cm. (Half-title: Yale historical publications.
187 716 207 43 Studies,
557 720 13 47 VIII)

258 774 126 40 “The
418 774 245 41 sixteenth
696 776 188 40 volume
918 775 253 48 published
1205 774 152 40 under
1392 775 82 40 the
1507 774 236 40 direction
1780 775 51 40 of
1865 776 81 39 the
189 775 1978 95 Department
339 831 53 39 of
414 831 186 49 history
626 842 60 29 on
713 832 81 40 the
820 832 234 47 Kingsley
1080 832 129 39 trust
1233 829 296 42 association
1553 830 299 48 publication
1878 832 123 40 fund
188 832 1977 94 established
375 887 58 47 by
467 889 80 38 the
580 886 152 41 Scroll
764 889 95 39 and
890 888 90 46 key
1013 887 179 47 society
1225 887 52 39 of
1309 886 118 41 Yale
1460 885 327 49 college.”—p.
1840 888 30 50 [i]

253 941 268 49 Originally
585 945 262 39 submitted
898 955 53 29 as
1000 955 27 28 a
1076 945 215 38 doctoral
1343 943 332 47 dissertation,
1728 943 117 41 Yale
1896 945 284 46 university,

183 996 125 42 1927.
370 1000 61 46 cf.
464 999 127 41 Pref.

255 1053 438 49 “Bibliographical
729 1058 139 39 note”
888 1069 8 27 :
934 1068 40 36 p.
1014 1056 245 51 [355]-372.

188 1109 54 51 ©
270 1115 112 45 May
410 1113 69 45 29,
510 1114 139 41 1934;
682 1116 67 39 2c.
779 1115 94 39 and
904 1115 81 41 aff.
1017 1115 125 39 June
1171 1116 51 45 4;
1256 1115 40 38 A
1325 1114 144 40 72590;
1528 1116 119 39 Yale
1679 1116 127 39 univ.
1839 1127 147 37 press.

265 1170 279 48 (34-16356)

179 1259 63 54 P.
270 1260 70 53 U.
367 1261 67 53 R.
461 1260 186 68 digest
679 1261 397 68 (cumulative)
1115 1261 265 67 covering
1407 1262 94 51 the
1528 1260 111 53 full
1667 1263 199 66 period
1894 1263 61 51 of
1982 1263 198 68 utility

249 1337 321 68 regulation
604 1338 166 67 (with
803 1340 244 67 up-keep
1079 1340 415 67 supplements)
1571 1360 50 35 v.
1655 1343 44 49 6.
1771 1340 242 68 Service,
2048 1344 132 65 §406

249 1421 58 48 to
334 1417 222 67 Zoning
581 1416 348 53 ordinances.
1005 1418 399 67 Washington,
1432 1420 71 51 D.
1533 1419 79 65 C.,
1642 1420 323 67 Rochester,
1993 1422 67 51 N.
2091 1422 89 65 Y.,

249 1493 203 55 Public
483 1494 240 54 utilities
756 1500 238 63 reports,
1025 1495 125 67 inc.,
1183 1498 148 50 1934.

256 1569 98 44 xix,
384 1568 261 39 4929-5952
676 1580 40 36 p.
775 1568 115 40 25cm.

187 1621 51 50 ©
269 1625 125 39 June
424 1625 67 46 15,
523 1625 140 47 1934;
696 1626 66 39 2c.
793 1628 94 38 and
920 1625 80 41 aff.
1032 1626 114 47 July
1175 1626 53 46 2;
1262 1626 40 38 A
1333 1626 145 40 74088;
1538 1627 168 39 Public
1738 1626 207 41 utilities
1978 1631 201 45 reports,

254 1682 75 40 inc.

181 1770 220 65 Pascal,
431 1773 145 52 Paul
606 1770 204 55 Victor
838 1772 203 64 Henri,
1074 1774 170 50 1880-
1456 1773 84 54 ed.

248 1850 197 53 Traité
478 1851 68 51 de
580 1850 203 52 chimie
816 1851 289 66 minérale,
1139 1850 192 67 publié
1365 1869 127 34 sous
1528 1851 54 52 la
1618 1851 277 53 direction
1932 1854 67 51 de
2033 1856 147 51 Paul

179 1928 1988 73 Pascal … secrétaire général, Paul Baud … t. 6 (fasc. 1, 2)
180 2006 234 54 Métaux
471 2006 235 54 alcalins
760 2013 54 46 et
866 2007 228 52 métaux
1150 2007 516 66 alcalino-terreux,
1718 2010 310 53 industries
2082 2012 96 53 des

176 2084 1906 71 sels alcalins, par mm. P. Baud, L. Chassevent, A. Chrétien …
200 2169 54 46 [et
283 2163 67 65 el]
431 2163 183 67 Paris,
644 2165 232 51 Masson
906 2169 55 46 et
989 2163 115 66 cie.,
1137 2165 148 50 1934.

256 2237 25 39 2
308 2248 41 28 v.
406 2237 143 46 illus.,
579 2237 168 46 tables,
776 2236 177 48 diagrs.
1012 2236 114 39 26cm.

254 2294 233 40 Contains
518 2293 391 47 bibliographies.

184 2348 51 50 ©
272 2351 110 41 Feb.
416 2351 69 46 24,
522 2349 139 43 1934;
757 2381 7 7 1c.
798 2350 120 39 each
955 2350 125 39 June
1115 2350 80 46 21;
1235 2351 100 38 A-
1338 2350 207 49 Foreign
1579 2352 170 47 24956;
1791 2355 195 39 Masson
2023 2355 35 39 &
2094 2355 83 40 cie.

182 2439 368 64 Pemberton,
581 2439 209 64 Ralph,
825 2437 168 54 1877-

183 2515 1990 147 The medical and orthopædic management of chronic arthritis, by Ralph Pemberton … and Robert B. Osgood … New
183 2673 176 68 York,
389 2674 119 52 The
537 2673 333 53 Macmillan
900 2690 294 49 company,
1226 2676 148 50 1934.

255 2743 1919 51 vii p., 1 l., 403 p. illus., 2 diagr. 22 ½ cm. ( Half-title : Macmillan
184 2801 202 41 medical
416 2801 350 49 monographs)

255 2860 347 46 Bibliography
631 2861 51 37 at
711 2859 90 39 end
830 2859 51 38 of
908 2860 117 37 each
1055 2859 199 47 chapter
1282 2861 169 45 except
1478 2859 202 47 chapter
1808 2890 7 7 XIII.

184 2914 54 50 ©
268 2918 112 46 May
412 2917 67 46 29,
513 2916 113 40 1934;
688 2916 66 40 2c.
787 2918 94 37 and
915 2916 81 40 aff.
1030 2917 112 47 May
1174 2917 52 39 31;
1290 2917 40 38 A
1362 2916 144 40 71868;
1567 2915 280 40 Macmillan
1880 2925 68 30 co.

261 2973 278 49 (34-16378)

174 3063 303 66 Peterson,
512 3064 148 52 Axel
695 3062 245 65 George,
977 3066 169 50 1898-

249 3143 120 51 The
426 3142 258 67 training
742 3141 63 52 of
860 3141 344 68 elementary
1263 3142 112 52 and
1433 3140 311 67 secondary
1803 3142 251 50 teachers
2114 3139 55 52 in

179 3218 1968 148 Sweden, by A. G. Peterson … New York city, Teachers college, Columbia university, 1934.
252 3371 60 47 vi,
358 3370 84 40 110
486 3381 42 37 p.
590 3369 177 48 diagrs.
829 3369 145 40 23½cm.
1045 3369 262 48 (Teachers
1351 3371 192 46 college,
1589 3367 249 43 Columbia
1888 3367 284 48 university.

182 3426 364 41 Contributions
579 3428 47 37 to
657 3426 270 46 education,
958 3436 73 30 no.
1066 3425 109 48 575)

256 3484 167 39 Issued
452 3484 101 39 also
581 3493 53 30 as
661 3482 150 41 thesis
848 3483 107 46 (PH.
1012 3483 34 46 D.)
1080 3481 248 42 Columbia
1358 3483 285 47 university.

250 3539 346 48 Bibliography
616 3551 7 28 :
654 3550 40 37 p.
723 3539 214 41 108-110.

181 3592 50 51 ©
266 3598 121 39 Mar.
420 3598 68 41 21,
524 3597 113 39 1934;
699 3597 68 39 2c.
802 3598 121 38 Mar.
954 3597 55 39 31;
1073 3596 81 40 aff.
1189 3598 120 38 Mar.
1345 3597 55 40 27;
1465 3597 40 38 A
1538 3596 143 40 71103;
1746 3596 51 38 A.
1836 3595 51 40 G.
1924 3595 245 47 Peterson,

247 3654 330 47 Plattsburgh,
606 3654 55 40 N.
691 3654 52 38 Y.
818 3653 278 47 (34-16330)

171 3730 301 65 Peterson,
506 3729 225 63 George
761 3728 289 64 Maxwell,
1085 3732 166 51 1901-

174 3806 1966 146 … Mechanisms of handedness in the rat, by Geo. M. Peterson … Baltimore, Md., The Johns Hopkins press [1934]
