<alto xmlns="http://www.loc.gov/standards/alto/ns-v3#" xmlns:xsi="http://www.w3.org/2001/XMLSchema-instance" xsi:schemaLocation="http://www.loc.gov/standards/alto/ns-v3# http://www.loc.gov/alto/v3/alto-3-0.xsd"><Description>
<MeasurementUnit>pixel</MeasurementUnit>
<sourceImageInformation>
<fileName>1934_v1_Part1.pdf</fileName>
</sourceImageInformation>
<OCRProcessing ID="IdOcr">
<ocrProcessingStep>
<processingDateTime>2019-01-10</processingDateTime>
<processingSoftware>
<softwareCreator>ABBYY</softwareCreator>
<softwareName>ABBYY Recognition Server</softwareName>
<softwareVersion>4.0</softwareVersion>
</processingSoftware>
</ocrProcessingStep>
</OCRProcessing>
</Description>
<Styles>
<ParagraphStyle ALIGN="Left" FIRSTLINE="0." ID="StyleId-FFFFFFFF-FFFF-FFFF-FFFF-FFFFFFFFFFFF-" LEFT="0." RIGHT="0." />
<ParagraphStyle ALIGN="Right" FIRSTLINE="0." ID="StyleId-521E1FC6-FE7E-43A4-90E6-A9B61626A263-" LEFT="0." LINESPACE="13.30000019" RIGHT="0." />
<ParagraphStyle ALIGN="Left" FIRSTLINE="-27." ID="StyleId-639B624E-F6F5-47B6-BB1D-34E64B53022F-" LEFT="0." LINESPACE="13.43999958" RIGHT="0." />
<ParagraphStyle ALIGN="Left" FIRSTLINE="0." ID="StyleId-100905F9-D385-406B-A5BD-ED5B8FD85431-" LEFT="0." RIGHT="0." />
<ParagraphStyle ALIGN="Left" FIRSTLINE="-27." ID="StyleId-7C9F9BA2-EF3A-4B7F-8486-CCC7B7F49B39-" LEFT="0." LINESPACE="18.71999931" RIGHT="0." />
<ParagraphStyle ALIGN="Block" FIRSTLINE="-27." ID="StyleId-350780E3-60F2-4605-88F5-BB54F9B87091-" LEFT="0." LINESPACE="18.71999931" RIGHT="0." />
<ParagraphStyle ALIGN="Left" FIRSTLINE="0." ID="StyleId-90B16C58-D795-4C77-9B89-30378C515D40-" LEFT="0." LINESPACE="14.39999962" RIGHT="0." />
<ParagraphStyle ALIGN="Right" FIRSTLINE="-27." ID="StyleId-17090E09-AFAF-4086-BD9B-4E99FAE6B057-" LEFT="0." LINESPACE="14.39999962" RIGHT="0." />
<ParagraphStyle ALIGN="Left" FIRSTLINE="-27." ID="StyleId-8B87B633-89DB-4D72-B1FC-26E4ABD680BC-" LEFT="0." LINESPACE="18.47999954" RIGHT="0." />
<ParagraphStyle ALIGN="Left" FIRSTLINE="0." ID="StyleId-42DA7417-CA90-4D71-A57B-06556C38D752-" LEFT="0." LINESPACE="13.30000019" RIGHT="0." />
<ParagraphStyle ALIGN="Block" FIRSTLINE="0." ID="StyleId-D8EE2A7E-42AE-4E35-98DB-F0F935637AA0-" LEFT="0." LINESPACE="6.599999905" RIGHT="0." />
<ParagraphStyle ALIGN="Left" FIRSTLINE="0." ID="StyleId-33CD3121-D4F5-43B6-BA96-6382D166E6B8-" LEFT="0." LINESPACE="15.5" RIGHT="0." />
<ParagraphStyle ALIGN="Block" FIRSTLINE="-21." ID="StyleId-1CE52AFA-C319-4DD9-B4B1-F0EBFA2B3F0B-" LEFT="0." LINESPACE="18.71999931" RIGHT="0." />
<ParagraphStyle ALIGN="Left" FIRSTLINE="0." ID="StyleId-B74F1B65-92F1-49C5-A5FA-D20442F031F2-" LEFT="0." LINESPACE="17.70006076" RIGHT="0." />
<ParagraphStyle ALIGN="Center" FIRSTLINE="0." ID="StyleId-79E2924A-215C-40B7-B577-7236BFBAA25E-" LEFT="0." LINESPACE="7.199999809" RIGHT="0." />
</Styles>
<Layout>
<Page HEIGHT="4196" ID="Page1090" PHYSICAL_IMG_NR="1090" WIDTH="2350">
<TopMargin HEIGHT="359" HPOS="0" VPOS="0" WIDTH="2350">
</TopMargin>
<LeftMargin HEIGHT="3604" HPOS="0" VPOS="359" WIDTH="210">
</LeftMargin>
<RightMargin HEIGHT="3604" HPOS="2261" VPOS="359" WIDTH="89">
</RightMargin>
<BottomMargin HEIGHT="233" HPOS="0" VPOS="3963" WIDTH="2350">
<TextBlock HEIGHT="62" HPOS="1135" ID="Page1090_Block1" LANG="en-US" STYLEREFS="StyleId-C1D95B91-F790-49B2-A849-4D7657A65A1B-" VPOS="3998" WIDTH="143">
<TextLine HEIGHT="50" HPOS="1141" VPOS="4004" WIDTH="131">
<String CONTENT="1090" HEIGHT="50" HPOS="1141" VPOS="4004" WIDTH="131" />
</TextLine>
</TextBlock>
</BottomMargin>
<PrintSpace HEIGHT="3604" HPOS="210" VPOS="359" WIDTH="2051">
<TextBlock CS="1" HEIGHT="3604" HPOS="210" ID="Page1090_Block2" LANG="en-US" STYLEREFS="StyleId-F76A4B00-B810-4C08-A398-D7CDD0D51CE9-" VPOS="359" WIDTH="2051">
<TextLine HEIGHT="65" HPOS="218" STYLEREFS="StyleId-402AD7E9-64B7-428F-BA99-C47DF530010E-" VPOS="365" WIDTH="887">
<String CONTENT="May," HEIGHT="61" HPOS="218" VPOS="366" WIDTH="153" />
<SP HEIGHT="60" HPOS="372" VPOS="366" WIDTH="31" />
<String CONTENT="Charles" HEIGHT="53" HPOS="404" VPOS="365" WIDTH="243" />
<SP HEIGHT="51" HPOS="648" VPOS="367" WIDTH="29" />
<String CONTENT="Henry," HEIGHT="63" HPOS="678" VPOS="367" WIDTH="221" />
<SP HEIGHT="59" HPOS="900" VPOS="371" WIDTH="34" />
<String CONTENT="1861-" HEIGHT="49" HPOS="935" VPOS="369" WIDTH="170" />
</TextLine>
<TextLine HEIGHT="69" HPOS="285" STYLEREFS="StyleId-402AD7E9-64B7-428F-BA99-C47DF530010E-" VPOS="439" WIDTH="1919">
<String CONTENT="Manual" HEIGHT="53" HPOS="285" VPOS="439" WIDTH="237" />
<SP HEIGHT="51" HPOS="523" VPOS="441" WIDTH="32" />
<String CONTENT="of" HEIGHT="52" HPOS="556" VPOS="440" WIDTH="64" />
<SP HEIGHT="52" HPOS="621" VPOS="440" WIDTH="29" />
<String CONTENT="the" HEIGHT="52" HPOS="651" VPOS="441" WIDTH="93" />
<SP HEIGHT="51" HPOS="745" VPOS="442" WIDTH="34" />
<String CONTENT="diseases" HEIGHT="52" HPOS="780" VPOS="441" WIDTH="239" />
<SP HEIGHT="34" HPOS="1020" VPOS="459" WIDTH="32" />
<String CONTENT="of" HEIGHT="52" HPOS="1053" VPOS="440" WIDTH="63" />
<SP HEIGHT="52" HPOS="1117" VPOS="440" WIDTH="31" />
<String CONTENT="the" HEIGHT="51" HPOS="1149" VPOS="441" WIDTH="93" />
<SP HEIGHT="33" HPOS="1243" VPOS="459" WIDTH="34" />
<String CONTENT="eye" HEIGHT="48" HPOS="1278" VPOS="458" WIDTH="96" />
<SP HEIGHT="52" HPOS="1375" VPOS="439" WIDTH="35" />
<String CONTENT="for" HEIGHT="53" HPOS="1411" VPOS="439" WIDTH="92" />
<SP HEIGHT="33" HPOS="1504" VPOS="459" WIDTH="33" />
<String CONTENT="students" HEIGHT="52" HPOS="1538" VPOS="440" WIDTH="255" />
<SP HEIGHT="34" HPOS="1794" VPOS="458" WIDTH="34" />
<String CONTENT="and" HEIGHT="51" HPOS="1829" VPOS="441" WIDTH="111" />
<SP HEIGHT="67" HPOS="1941" VPOS="441" WIDTH="34" />
<String CONTENT="general" HEIGHT="68" HPOS="1976" VPOS="440" WIDTH="228" />
</TextLine>
<TextLine CS="1" HEIGHT="70" HPOS="220" STYLEREFS="StyleId-402AD7E9-64B7-428F-BA99-C47DF530010E-" VPOS="516" WIDTH="1985">
<String CONTENT="practitioners," HEIGHT="65" HPOS="220" VPOS="519" WIDTH="414" />
<SP HEIGHT="65" HPOS="635" VPOS="519" WIDTH="19" />
<String CONTENT="by" HEIGHT="67" HPOS="655" VPOS="519" WIDTH="72" />
<SP HEIGHT="68" HPOS="728" VPOS="518" WIDTH="38" />
<String CONTENT="Charles" HEIGHT="54" HPOS="767" VPOS="518" WIDTH="235" />
<SP HEIGHT="52" HPOS="1003" VPOS="519" WIDTH="34" />
<String CONTENT="H." CS="1" HEIGHT="9" HPOS="1106" VPOS="559" WIDTH="8" />
<SP HEIGHT="50" HPOS="1115" VPOS="519" WIDTH="21" />
<String CONTENT="May" HEIGHT="67" HPOS="1137" VPOS="519" WIDTH="136" />
<SP HEIGHT="49" HPOS="1274" VPOS="537" WIDTH="43" />
<String CONTENT="&#8230;" CS="1" />
<SP HEIGHT="47" HPOS="1373" VPOS="521" WIDTH="79" />
<String CONTENT="14th" HEIGHT="51" HPOS="1453" VPOS="517" WIDTH="131" />
<SP HEIGHT="52" HPOS="1585" VPOS="517" WIDTH="35" />
<String CONTENT="ed.," HEIGHT="67" HPOS="1621" VPOS="518" WIDTH="102" />
<SP HEIGHT="48" HPOS="1724" VPOS="537" WIDTH="34" />
<String CONTENT="rev.," HEIGHT="49" HPOS="1759" VPOS="535" WIDTH="131" />
<SP HEIGHT="48" HPOS="1891" VPOS="536" WIDTH="35" />
<String CONTENT="with" HEIGHT="52" HPOS="1927" VPOS="517" WIDTH="140" />
<SP HEIGHT="50" HPOS="2068" VPOS="518" WIDTH="35" />
<String CONTENT="376" HEIGHT="54" HPOS="2104" VPOS="516" WIDTH="101" />
</TextLine>
<TextLine CS="1" HEIGHT="147" HPOS="219" STYLEREFS="StyleId-402AD7E9-64B7-428F-BA99-C47DF530010E-" VPOS="593" WIDTH="1963">
<String CONTENT="original" HEIGHT="68" HPOS="222" VPOS="594" WIDTH="242" />
<SP HEIGHT="50" HPOS="465" VPOS="597" WIDTH="32" />
<String CONTENT="illustrations" HEIGHT="52" HPOS="498" VPOS="596" WIDTH="377" />
<SP HEIGHT="51" HPOS="876" VPOS="597" WIDTH="33" />
<String CONTENT="including" HEIGHT="67" HPOS="910" VPOS="596" WIDTH="298" />
<SP HEIGHT="65" HPOS="1209" VPOS="598" WIDTH="28" />
<String CONTENT="25" HEIGHT="48" HPOS="1238" VPOS="598" WIDTH="65" />
<SP HEIGHT="63" HPOS="1304" VPOS="599" WIDTH="33" />
<String CONTENT="plates," HEIGHT="67" HPOS="1338" VPOS="595" WIDTH="200" />
<SP HEIGHT="48" HPOS="1539" VPOS="613" WIDTH="31" />
<String CONTENT="with" HEIGHT="52" HPOS="1571" VPOS="594" WIDTH="140" />
<SP HEIGHT="53" HPOS="1712" VPOS="594" WIDTH="33" />
<String CONTENT="78" HEIGHT="53" HPOS="1746" VPOS="594" WIDTH="65" />
<SP HEIGHT="48" HPOS="1812" VPOS="598" WIDTH="33" />
<String CONTENT="colored" HEIGHT="53" HPOS="1846" VPOS="594" WIDTH="223" />
<SP HEIGHT="54" HPOS="2070" VPOS="593" WIDTH="30" />
<String CONTENT="figures." HEIGHT="132" HPOS="219" VPOS="593" WIDTH="1963" />
<SP HEIGHT="51" HPOS="360" VPOS="674" WIDTH="56" />
<String CONTENT="Baltimore," HEIGHT="67" HPOS="417" VPOS="673" WIDTH="332" />
<SP HEIGHT="67" HPOS="750" VPOS="673" WIDTH="24" />
<String CONTENT="W." HEIGHT="54" HPOS="775" VPOS="673" WIDTH="89" />
<SP HEIGHT="52" HPOS="865" VPOS="674" WIDTH="28" />
<String CONTENT="Wood" HEIGHT="52" HPOS="894" VPOS="674" WIDTH="184" />
<SP HEIGHT="52" HPOS="1079" VPOS="674" WIDTH="28" />
<String CONTENT="and" HEIGHT="53" HPOS="1108" VPOS="673" WIDTH="110" />
<SP HEIGHT="51" HPOS="1219" VPOS="673" WIDTH="28" />
<String CONTENT="company," HEIGHT="51" HPOS="1248" VPOS="688" WIDTH="295" />
<SP HEIGHT="63" HPOS="1544" VPOS="676" WIDTH="29" />
<String CONTENT="1934." HEIGHT="49" HPOS="1574" VPOS="675" WIDTH="150" />
</TextLine>
<TextLine CS="1" HEIGHT="51" HPOS="285" VPOS="742" WIDTH="1502">
<String CONTENT="v," HEIGHT="33" HPOS="285" VPOS="755" WIDTH="40" />
<SP HEIGHT="43" HPOS="326" VPOS="745" WIDTH="25" />
<String CONTENT="496" HEIGHT="40" HPOS="352" VPOS="745" WIDTH="85" />
<SP HEIGHT="47" HPOS="438" VPOS="745" WIDTH="26" />
<String CONTENT="p." HEIGHT="37" HPOS="465" VPOS="755" WIDTH="41" />
<SP HEIGHT="40" HPOS="507" VPOS="745" WIDTH="59" />
<String CONTENT="illus.," HEIGHT="46" HPOS="567" VPOS="745" WIDTH="141" />
<SP HEIGHT="35" HPOS="709" VPOS="756" WIDTH="27" />
<String CONTENT="xxv" HEIGHT="27" HPOS="737" VPOS="756" WIDTH="96" />
<SP HEIGHT="29" HPOS="834" VPOS="756" WIDTH="26" />
<String CONTENT="col." HEIGHT="39" HPOS="861" VPOS="746" WIDTH="83" />
<SP HEIGHT="37" HPOS="945" VPOS="756" WIDTH="27" />
<String CONTENT="pl." CS="1" HEIGHT="37" HPOS="973" VPOS="756" WIDTH="62" />
<SP HEIGHT="46" HPOS="1036" VPOS="746" WIDTH="28" />
<String CONTENT="(incl." HEIGHT="47" HPOS="1065" VPOS="745" WIDTH="130" />
<SP HEIGHT="42" HPOS="1196" VPOS="745" WIDTH="26" />
<String CONTENT="front.)" HEIGHT="46" HPOS="1223" VPOS="745" WIDTH="172" />
<SP HEIGHT="46" HPOS="1396" VPOS="745" WIDTH="37" />
<String CONTENT="diagrs." HEIGHT="47" HPOS="1434" VPOS="743" WIDTH="177" />
<SP HEIGHT="40" HPOS="1612" VPOS="743" WIDTH="58" />
<String CONTENT="20" HEIGHT="40" HPOS="1671" VPOS="742" WIDTH="57" />
<String CONTENT="cm" HEIGHT="20" HPOS="1731" STYLE="superscript" VPOS="746" WIDTH="42" />
<String CONTENT="." HEIGHT="8" HPOS="1779" VPOS="774" WIDTH="8" />
</TextLine>
<TextLine CS="1" HEIGHT="51" HPOS="223" VPOS="800" WIDTH="1921">
<String CONTENT="&#169;" HEIGHT="50" HPOS="223" VPOS="800" WIDTH="51" />
<SP HEIGHT="50" HPOS="275" VPOS="800" WIDTH="27" />
<String CONTENT="Aug." HEIGHT="46" HPOS="303" VPOS="805" WIDTH="118" />
<SP HEIGHT="38" HPOS="422" VPOS="805" WIDTH="29" />
<String CONTENT="1." HEIGHT="39" HPOS="452" VPOS="805" WIDTH="37" />
<SP HEIGHT="40" HPOS="490" VPOS="804" WIDTH="30" />
<String CONTENT="1034;" CS="1" HEIGHT="41" HPOS="521" VPOS="802" WIDTH="112" />
<SP HEIGHT="40" HPOS="660" VPOS="803" WIDTH="31" />
<String CONTENT="2c." HEIGHT="41" HPOS="692" VPOS="803" WIDTH="66" />
<SP />
<String CONTENT="and" CS="1" HEIGHT="37" HPOS="854" VPOS="805" WIDTH="28" />
<SP HEIGHT="38" HPOS="883" VPOS="805" WIDTH="28" />
<String CONTENT="aff." HEIGHT="41" HPOS="912" VPOS="803" WIDTH="80" />
<SP HEIGHT="40" HPOS="993" VPOS="804" WIDTH="29" />
<String CONTENT="Aug." HEIGHT="46" HPOS="1023" VPOS="804" WIDTH="117" />
<SP HEIGHT="40" HPOS="1141" VPOS="802" WIDTH="29" />
<String CONTENT="2;" CS="1" HEIGHT="38" HPOS="1171" VPOS="802" WIDTH="24" />
<SP HEIGHT="40" HPOS="1223" VPOS="802" WIDTH="31" />
<String CONTENT="A" HEIGHT="38" HPOS="1255" VPOS="802" WIDTH="40" />
<SP HEIGHT="40" HPOS="1296" VPOS="802" WIDTH="30" />
<String CONTENT="74375;" CS="1" HEIGHT="40" HPOS="1327" VPOS="802" WIDTH="140" />
<SP HEIGHT="40" HPOS="1495" VPOS="802" WIDTH="33" />
<String CONTENT="C." HEIGHT="40" HPOS="1529" VPOS="802" WIDTH="47" />
<SP HEIGHT="37" HPOS="1577" VPOS="803" WIDTH="29" />
<String CONTENT="H." HEIGHT="37" HPOS="1607" VPOS="803" WIDTH="59" />
<SP HEIGHT="37" HPOS="1667" VPOS="804" WIDTH="33" />
<String CONTENT="May." HEIGHT="44" HPOS="1701" VPOS="804" WIDTH="125" />
<SP HEIGHT="39" HPOS="1827" VPOS="804" WIDTH="30" />
<String CONTENT="New" HEIGHT="37" HPOS="1858" VPOS="804" WIDTH="115" />
<SP HEIGHT="37" HPOS="1974" VPOS="804" WIDTH="27" />
<String CONTENT="York." HEIGHT="38" HPOS="2002" VPOS="803" WIDTH="142" />
</TextLine>
<TextLine HEIGHT="46" HPOS="300" VPOS="860" WIDTH="277">
<String CONTENT="(34-25873)" HEIGHT="46" HPOS="300" VPOS="860" WIDTH="277" />
</TextLine>
<TextLine HEIGHT="65" HPOS="217" STYLEREFS="StyleId-402AD7E9-64B7-428F-BA99-C47DF530010E-" VPOS="949" WIDTH="1023">
<String CONTENT="Meaker," HEIGHT="63" HPOS="217" VPOS="949" WIDTH="254" />
<SP HEIGHT="62" HPOS="472" VPOS="950" WIDTH="35" />
<String CONTENT="Samuel" HEIGHT="53" HPOS="508" VPOS="950" WIDTH="234" />
<SP HEIGHT="52" HPOS="743" VPOS="951" WIDTH="34" />
<String CONTENT="Raynor," HEIGHT="62" HPOS="778" VPOS="952" WIDTH="255" />
<SP HEIGHT="58" HPOS="1034" VPOS="956" WIDTH="36" />
<String CONTENT="1890-" HEIGHT="50" HPOS="1071" VPOS="953" WIDTH="169" />
</TextLine>
<TextLine CS="1" HEIGHT="69" HPOS="349" STYLEREFS="StyleId-402AD7E9-64B7-428F-BA99-C47DF530010E-" VPOS="1023" WIDTH="1857">
<String CONTENT="&#8230;" CS="1" />
<SP HEIGHT="52" HPOS="349" VPOS="1025" WIDTH="38" />
<String CONTENT="Human" CS="1" HEIGHT="34" HPOS="452" VPOS="1043" WIDTH="170" />
<SP HEIGHT="33" HPOS="623" VPOS="1044" WIDTH="34" />
<String CONTENT="sterility;" HEIGHT="66" HPOS="658" VPOS="1026" WIDTH="274" />
<SP HEIGHT="48" HPOS="933" VPOS="1044" WIDTH="38" />
<String CONTENT="causation," HEIGHT="68" HPOS="972" VPOS="1024" WIDTH="306" />
<SP HEIGHT="66" HPOS="1279" VPOS="1026" WIDTH="35" />
<String CONTENT="diagnosis," HEIGHT="69" HPOS="1315" VPOS="1023" WIDTH="306" />
<SP HEIGHT="48" HPOS="1622" VPOS="1043" WIDTH="35" />
<String CONTENT="and" HEIGHT="51" HPOS="1658" VPOS="1025" WIDTH="112" />
<SP HEIGHT="52" HPOS="1771" VPOS="1025" WIDTH="33" />
<String CONTENT="treatment;" HEIGHT="64" HPOS="1805" VPOS="1028" WIDTH="331" />
<SP HEIGHT="51" HPOS="2137" VPOS="1041" WIDTH="37" />
<String CONTENT="a" HEIGHT="35" HPOS="2175" VPOS="1041" WIDTH="31" />
</TextLine>
<TextLine HEIGHT="70" HPOS="220" STYLEREFS="StyleId-402AD7E9-64B7-428F-BA99-C47DF530010E-" VPOS="1100" WIDTH="1987">
<String CONTENT="practical" HEIGHT="64" HPOS="220" VPOS="1103" WIDTH="274" />
<SP HEIGHT="50" HPOS="495" VPOS="1104" WIDTH="45" />
<String CONTENT="manual" HEIGHT="51" HPOS="541" VPOS="1104" WIDTH="230" />
<SP HEIGHT="51" HPOS="772" VPOS="1104" WIDTH="44" />
<String CONTENT="of" HEIGHT="52" HPOS="817" VPOS="1103" WIDTH="63" />
<SP HEIGHT="52" HPOS="881" VPOS="1103" WIDTH="44" />
<String CONTENT="clinical" HEIGHT="53" HPOS="926" VPOS="1102" WIDTH="226" />
<SP HEIGHT="66" HPOS="1153" VPOS="1103" WIDTH="44" />
<String CONTENT="procedure," HEIGHT="67" HPOS="1198" VPOS="1102" WIDTH="327" />
<SP HEIGHT="67" HPOS="1526" VPOS="1101" WIDTH="44" />
<String CONTENT="by" HEIGHT="69" HPOS="1571" VPOS="1101" WIDTH="75" />
<SP HEIGHT="70" HPOS="1647" VPOS="1100" WIDTH="51" />
<String CONTENT="Samuel" HEIGHT="55" HPOS="1699" VPOS="1100" WIDTH="229" />
<SP HEIGHT="52" HPOS="1929" VPOS="1101" WIDTH="44" />
<String CONTENT="Raynor" HEIGHT="69" HPOS="1974" VPOS="1101" WIDTH="233" />
</TextLine>
<TextLine CS="1" HEIGHT="147" HPOS="220" STYLEREFS="StyleId-402AD7E9-64B7-428F-BA99-C47DF530010E-" VPOS="1178" WIDTH="1964">
<String CONTENT="Meaker" HEIGHT="53" HPOS="220" VPOS="1179" WIDTH="230" />
<SP HEIGHT="32" HPOS="451" VPOS="1199" WIDTH="29" />
<String CONTENT="&#8230;" CS="1" />
<SP HEIGHT="33" HPOS="536" VPOS="1199" WIDTH="29" />
<String CONTENT="with" HEIGHT="51" HPOS="566" VPOS="1181" WIDTH="140" />
<SP HEIGHT="50" HPOS="707" VPOS="1181" WIDTH="24" />
<String CONTENT="27" HEIGHT="54" HPOS="732" VPOS="1179" WIDTH="67" />
<SP HEIGHT="54" HPOS="800" VPOS="1179" WIDTH="25" />
<String CONTENT="original" HEIGHT="67" HPOS="826" VPOS="1181" WIDTH="247" />
<SP HEIGHT="50" HPOS="1074" VPOS="1181" WIDTH="24" />
<String CONTENT="illustrations." HEIGHT="52" HPOS="1099" VPOS="1179" WIDTH="393" />
<SP HEIGHT="51" HPOS="1493" VPOS="1180" WIDTH="63" />
<String CONTENT="Baltimore," HEIGHT="67" HPOS="1557" VPOS="1179" WIDTH="332" />
<SP HEIGHT="66" HPOS="1890" VPOS="1180" WIDTH="26" />
<String CONTENT="The" HEIGHT="52" HPOS="1917" VPOS="1180" WIDTH="120" />
<SP HEIGHT="54" HPOS="2038" VPOS="1179" WIDTH="24" />
<String CONTENT="Williams" HEIGHT="132" HPOS="220" VPOS="1178" WIDTH="1964" />
<SP HEIGHT="49" HPOS="384" VPOS="1261" WIDTH="28" />
<String CONTENT="&amp;" HEIGHT="49" HPOS="413" VPOS="1261" WIDTH="45" />
<SP HEIGHT="52" HPOS="459" VPOS="1258" WIDTH="27" />
<String CONTENT="Wilkins" HEIGHT="53" HPOS="487" VPOS="1257" WIDTH="250" />
<SP HEIGHT="33" HPOS="738" VPOS="1277" WIDTH="30" />
<String CONTENT="company," HEIGHT="49" HPOS="769" VPOS="1276" WIDTH="295" />
<SP HEIGHT="63" HPOS="1065" VPOS="1262" WIDTH="30" />
<String CONTENT="1934." HEIGHT="49" HPOS="1096" VPOS="1260" WIDTH="147" />
</TextLine>
<TextLine CS="1" HEIGHT="50" HPOS="292" VPOS="1328" WIDTH="1917">
<String CONTENT="xv," HEIGHT="38" HPOS="292" VPOS="1340" WIDTH="74" />
<SP HEIGHT="48" HPOS="367" VPOS="1330" WIDTH="25" />
<String CONTENT="276" HEIGHT="40" HPOS="393" VPOS="1330" WIDTH="86" />
<SP HEIGHT="47" HPOS="480" VPOS="1330" WIDTH="21" />
<String CONTENT="p." HEIGHT="36" HPOS="502" VPOS="1341" WIDTH="42" />
<SP HEIGHT="40" HPOS="545" VPOS="1330" WIDTH="26" />
<String CONTENT="incl." HEIGHT="39" HPOS="572" VPOS="1330" WIDTH="107" />
<SP HEIGHT="38" HPOS="680" VPOS="1330" WIDTH="25" />
<String CONTENT="illus.," HEIGHT="42" HPOS="706" VPOS="1330" WIDTH="141" />
<SP HEIGHT="40" HPOS="848" VPOS="1332" WIDTH="26" />
<String CONTENT="diagrs.." HEIGHT="46" HPOS="875" VPOS="1331" WIDTH="190" />
<SP HEIGHT="38" HPOS="1066" VPOS="1330" WIDTH="26" />
<String CONTENT="forms." CS="1" HEIGHT="39" HPOS="1093" VPOS="1330" WIDTH="150" />
<SP HEIGHT="37" HPOS="1259" VPOS="1338" WIDTH="57" />
<String CONTENT="plates." HEIGHT="46" HPOS="1317" VPOS="1329" WIDTH="170" />
<SP HEIGHT="40" HPOS="1488" VPOS="1329" WIDTH="60" />
<String CONTENT="23&#189;" CS="1" HEIGHT="39" HPOS="1549" VPOS="1328" WIDTH="54" />
<String CONTENT="cm" HEIGHT="20" HPOS="1637" STYLE="superscript" VPOS="1331" WIDTH="43" />
<String CONTENT="." HEIGHT="7" HPOS="1687" VPOS="1360" WIDTH="7" />
<SP HEIGHT="47" HPOS="1695" VPOS="1328" WIDTH="69" />
<String CONTENT="(Medical" HEIGHT="47" HPOS="1765" VPOS="1328" WIDTH="228" />
<SP HEIGHT="39" HPOS="1994" VPOS="1329" WIDTH="26" />
<String CONTENT="aspects" HEIGHT="46" HPOS="2021" VPOS="1330" WIDTH="188" />
</TextLine>
<TextLine HEIGHT="49" HPOS="224" VPOS="1384" WIDTH="1987">
<String CONTENT="of" HEIGHT="40" HPOS="224" VPOS="1384" WIDTH="50" />
<SP HEIGHT="40" HPOS="275" VPOS="1384" WIDTH="21" />
<String CONTENT="human" HEIGHT="40" HPOS="297" VPOS="1386" WIDTH="181" />
<SP HEIGHT="38" HPOS="479" VPOS="1387" WIDTH="23" />
<String CONTENT="fertility;" HEIGHT="47" HPOS="503" VPOS="1386" WIDTH="236" />
<SP HEIGHT="36" HPOS="740" VPOS="1397" WIDTH="29" />
<String CONTENT="series" HEIGHT="39" HPOS="770" VPOS="1387" WIDTH="147" />
<SP HEIGHT="40" HPOS="918" VPOS="1386" WIDTH="25" />
<String CONTENT="issued" HEIGHT="40" HPOS="944" VPOS="1386" WIDTH="162" />
<SP HEIGHT="39" HPOS="1107" VPOS="1386" WIDTH="25" />
<String CONTENT="by" HEIGHT="46" HPOS="1133" VPOS="1386" WIDTH="58" />
<SP HEIGHT="40" HPOS="1192" VPOS="1392" WIDTH="26" />
<String CONTENT="the" HEIGHT="39" HPOS="1219" VPOS="1386" WIDTH="80" />
<SP HEIGHT="40" HPOS="1300" VPOS="1385" WIDTH="23" />
<String CONTENT="National" HEIGHT="39" HPOS="1324" VPOS="1385" WIDTH="232" />
<SP HEIGHT="36" HPOS="1557" VPOS="1387" WIDTH="25" />
<String CONTENT="committee" HEIGHT="41" HPOS="1583" VPOS="1384" WIDTH="271" />
<SP HEIGHT="28" HPOS="1855" VPOS="1396" WIDTH="28" />
<String CONTENT="on" HEIGHT="28" HPOS="1884" VPOS="1396" WIDTH="58" />
<SP HEIGHT="28" HPOS="1943" VPOS="1396" WIDTH="27" />
<String CONTENT="maternal" HEIGHT="40" HPOS="1971" VPOS="1385" WIDTH="240" />
</TextLine>
<TextLine HEIGHT="49" HPOS="221" VPOS="1441" WIDTH="322">
<String CONTENT="health," HEIGHT="48" HPOS="221" VPOS="1441" WIDTH="177" />
<SP HEIGHT="46" HPOS="399" VPOS="1443" WIDTH="29" />
<String CONTENT="inc.)" HEIGHT="47" HPOS="429" VPOS="1443" WIDTH="114" />
</TextLine>
<TextLine CS="1" HEIGHT="48" HPOS="320" VPOS="1497" WIDTH="677">
<String CONTENT="&quot;References&#8221;:" CS="1" HEIGHT="41" HPOS="320" VPOS="1497" WIDTH="317" />
<SP HEIGHT="37" HPOS="665" VPOS="1508" WIDTH="36" />
<String CONTENT="p." HEIGHT="37" HPOS="702" VPOS="1508" WIDTH="41" />
<SP HEIGHT="40" HPOS="744" VPOS="1498" WIDTH="36" />
<String CONTENT="265-269." HEIGHT="40" HPOS="781" VPOS="1498" WIDTH="216" />
</TextLine>
<TextLine CS="1" HEIGHT="51" HPOS="224" VPOS="1552" WIDTH="1982">
<String CONTENT="&#169;" HEIGHT="50" HPOS="224" VPOS="1552" WIDTH="49" />
<SP HEIGHT="50" HPOS="274" VPOS="1552" WIDTH="29" />
<String CONTENT="July" HEIGHT="46" HPOS="304" VPOS="1557" WIDTH="113" />
<SP HEIGHT="46" HPOS="418" VPOS="1557" WIDTH="27" />
<String CONTENT="19." HEIGHT="39" HPOS="446" VPOS="1557" WIDTH="67" />
<SP HEIGHT="39" HPOS="514" VPOS="1557" WIDTH="27" />
<String CONTENT="1934;" CS="1" HEIGHT="41" HPOS="542" VPOS="1556" WIDTH="113" />
<SP HEIGHT="39" HPOS="682" VPOS="1556" WIDTH="29" />
<String CONTENT="2c." HEIGHT="39" HPOS="712" VPOS="1556" WIDTH="66" />
<SP HEIGHT="28" HPOS="779" VPOS="1567" WIDTH="29" />
<String CONTENT="and" HEIGHT="37" HPOS="809" VPOS="1558" WIDTH="94" />
<SP HEIGHT="37" HPOS="904" VPOS="1558" WIDTH="28" />
<String CONTENT="aff." HEIGHT="40" HPOS="933" VPOS="1556" WIDTH="80" />
<SP HEIGHT="39" HPOS="1014" VPOS="1557" WIDTH="30" />
<String CONTENT="July" HEIGHT="45" HPOS="1045" VPOS="1557" WIDTH="114" />
<SP HEIGHT="47" HPOS="1160" VPOS="1555" WIDTH="25" />
<String CONTENT="26;" HEIGHT="47" HPOS="1186" VPOS="1555" WIDTH="81" />
<SP HEIGHT="46" HPOS="1268" VPOS="1556" WIDTH="28" />
<String CONTENT="A" HEIGHT="38" HPOS="1297" VPOS="1556" WIDTH="40" />
<SP HEIGHT="39" HPOS="1338" VPOS="1556" WIDTH="28" />
<String CONTENT="74317;" CS="1" HEIGHT="39" HPOS="1367" VPOS="1556" WIDTH="142" />
<SP HEIGHT="38" HPOS="1535" VPOS="1557" WIDTH="32" />
<String CONTENT="Williams" HEIGHT="39" HPOS="1568" VPOS="1556" WIDTH="241" />
<SP HEIGHT="38" HPOS="1810" VPOS="1557" WIDTH="29" />
<String CONTENT="&amp;" HEIGHT="38" HPOS="1840" VPOS="1557" WIDTH="34" />
<SP HEIGHT="38" HPOS="1875" VPOS="1557" WIDTH="27" />
<String CONTENT="Wilkins" HEIGHT="41" HPOS="1903" VPOS="1555" WIDTH="208" />
<SP HEIGHT="28" HPOS="2112" VPOS="1568" WIDTH="27" />
<String CONTENT="co." HEIGHT="28" HPOS="2140" VPOS="1568" WIDTH="66" />
</TextLine>
<TextLine HEIGHT="48" HPOS="305" VPOS="1612" WIDTH="277">
<String CONTENT="(34-25874)" HEIGHT="48" HPOS="305" VPOS="1612" WIDTH="277" />
</TextLine>
<TextLine HEIGHT="65" HPOS="218" STYLEREFS="StyleId-402AD7E9-64B7-428F-BA99-C47DF530010E-" VPOS="1700" WIDTH="601">
<String CONTENT="Miller," HEIGHT="65" HPOS="218" VPOS="1700" WIDTH="206" />
<SP HEIGHT="61" HPOS="425" VPOS="1704" WIDTH="31" />
<String CONTENT="Max," HEIGHT="61" HPOS="457" VPOS="1704" WIDTH="156" />
<SP HEIGHT="56" HPOS="614" VPOS="1709" WIDTH="35" />
<String CONTENT="1901-" HEIGHT="48" HPOS="650" VPOS="1707" WIDTH="169" />
</TextLine>
<TextLine CS="1" HEIGHT="68" HPOS="292" STYLEREFS="StyleId-402AD7E9-64B7-428F-BA99-C47DF530010E-" VPOS="1777" WIDTH="1913">
<String CONTENT="The" HEIGHT="51" HPOS="292" VPOS="1780" WIDTH="120" />
<SP HEIGHT="33" HPOS="413" VPOS="1798" WIDTH="39" />
<String CONTENT="second" HEIGHT="51" HPOS="453" VPOS="1780" WIDTH="201" />
<SP HEIGHT="51" HPOS="655" VPOS="1780" WIDTH="40" />
<String CONTENT="house" HEIGHT="51" HPOS="696" VPOS="1780" WIDTH="170" />
<SP HEIGHT="54" HPOS="867" VPOS="1777" WIDTH="42" />
<String CONTENT="from" HEIGHT="54" HPOS="910" VPOS="1777" WIDTH="151" />
<SP HEIGHT="48" HPOS="1062" VPOS="1783" WIDTH="38" />
<String CONTENT="the" HEIGHT="51" HPOS="1101" VPOS="1780" WIDTH="94" />
<SP HEIGHT="33" HPOS="1196" VPOS="1798" WIDTH="39" />
<String CONTENT="corner," HEIGHT="48" HPOS="1236" VPOS="1797" WIDTH="211" />
<SP HEIGHT="66" HPOS="1448" VPOS="1779" WIDTH="40" />
<String CONTENT="by" HEIGHT="66" HPOS="1489" VPOS="1779" WIDTH="74" />
<SP HEIGHT="64" HPOS="1564" VPOS="1781" WIDTH="40" />
<String CONTENT="Max" CS="1" HEIGHT="50" HPOS="1605" VPOS="1781" WIDTH="63" />
<SP HEIGHT="50" HPOS="1747" VPOS="1781" WIDTH="37" />
<String CONTENT="Miller." HEIGHT="51" HPOS="1785" VPOS="1780" WIDTH="207" />
<SP HEIGHT="52" HPOS="1993" VPOS="1781" WIDTH="75" />
<String CONTENT="New" CS="1" HEIGHT="33" HPOS="2127" VPOS="1798" WIDTH="78" />
</TextLine>
<TextLine HEIGHT="68" HPOS="225" STYLEREFS="StyleId-402AD7E9-64B7-428F-BA99-C47DF530010E-" VPOS="1855" WIDTH="1131">
<String CONTENT="York," HEIGHT="68" HPOS="225" VPOS="1855" WIDTH="176" />
<SP HEIGHT="65" HPOS="402" VPOS="1858" WIDTH="25" />
<String CONTENT="E." HEIGHT="52" HPOS="428" VPOS="1858" WIDTH="66" />
<SP HEIGHT="51" HPOS="495" VPOS="1859" WIDTH="27" />
<String CONTENT="P." HEIGHT="50" HPOS="523" VPOS="1859" WIDTH="64" />
<SP HEIGHT="51" HPOS="588" VPOS="1858" WIDTH="25" />
<String CONTENT="Dutton" HEIGHT="51" HPOS="614" VPOS="1858" WIDTH="223" />
<SP HEIGHT="49" HPOS="838" VPOS="1861" WIDTH="22" />
<String CONTENT="&amp;" HEIGHT="49" HPOS="861" VPOS="1861" WIDTH="46" />
<SP HEIGHT="49" HPOS="908" VPOS="1861" WIDTH="24" />
<String CONTENT="co.," HEIGHT="50" HPOS="933" VPOS="1873" WIDTH="97" />
<SP HEIGHT="67" HPOS="1031" VPOS="1856" WIDTH="23" />
<String CONTENT="inc.," HEIGHT="67" HPOS="1055" VPOS="1856" WIDTH="125" />
<SP HEIGHT="61" HPOS="1181" VPOS="1862" WIDTH="27" />
<String CONTENT="1934." HEIGHT="48" HPOS="1209" VPOS="1861" WIDTH="147" />
</TextLine>
<TextLine CS="1" HEIGHT="46" HPOS="295" VPOS="1930" WIDTH="357">
<String CONTENT="254" HEIGHT="37" HPOS="295" VPOS="1931" WIDTH="83" />
<SP HEIGHT="44" HPOS="379" VPOS="1932" WIDTH="29" />
<String CONTENT="p." HEIGHT="35" HPOS="409" VPOS="1941" WIDTH="38" />
<SP HEIGHT="38" HPOS="448" VPOS="1930" WIDTH="60" />
<String CONTENT="21&#189;c" CS="1" HEIGHT="38" HPOS="509" VPOS="1930" WIDTH="25" />
<String CONTENT="m" HEIGHT="19" HPOS="614" STYLE="superscript" VPOS="1933" WIDTH="26" />
<String CONTENT="." HEIGHT="5" HPOS="646" VPOS="1963" WIDTH="6" />
</TextLine>
<TextLine HEIGHT="41" HPOS="296" VPOS="1986" WIDTH="414">
<String CONTENT="&#8220;First" HEIGHT="41" HPOS="296" VPOS="1986" WIDTH="159" />
<SP HEIGHT="38" HPOS="456" VPOS="1989" WIDTH="28" />
<String CONTENT="edition.&#8221;" HEIGHT="40" HPOS="485" VPOS="1986" WIDTH="225" />
</TextLine>
<TextLine CS="1" HEIGHT="50" HPOS="225" VPOS="2041" WIDTH="1969">
<String CONTENT="&#169;" HEIGHT="50" HPOS="225" VPOS="2041" WIDTH="50" />
<SP HEIGHT="50" HPOS="276" VPOS="2041" WIDTH="25" />
<String CONTENT="Aug." HEIGHT="45" HPOS="302" VPOS="2046" WIDTH="117" />
<SP HEIGHT="38" HPOS="420" VPOS="2044" WIDTH="26" />
<String CONTENT="20," HEIGHT="40" HPOS="447" VPOS="2044" WIDTH="67" />
<SP HEIGHT="40" HPOS="515" VPOS="2044" WIDTH="27" />
<String CONTENT="1934;" CS="1" HEIGHT="40" HPOS="543" VPOS="2043" WIDTH="112" />
<SP HEIGHT="47" HPOS="682" VPOS="2043" WIDTH="27" />
<String CONTENT="2c." HEIGHT="40" HPOS="710" VPOS="2043" WIDTH="64" />
<SP HEIGHT="37" HPOS="775" VPOS="2044" WIDTH="28" />
<String CONTENT="Aug." HEIGHT="46" HPOS="804" VPOS="2044" WIDTH="118" />
<SP HEIGHT="38" HPOS="923" VPOS="2044" WIDTH="24" />
<String CONTENT="22;" CS="1" HEIGHT="38" HPOS="948" VPOS="2043" WIDTH="54" />
<SP HEIGHT="30" HPOS="1030" VPOS="2054" WIDTH="29" />
<String CONTENT="aff." HEIGHT="39" HPOS="1060" VPOS="2043" WIDTH="79" />
<SP HEIGHT="37" HPOS="1140" VPOS="2044" WIDTH="27" />
<String CONTENT="Aug." HEIGHT="45" HPOS="1168" VPOS="2044" WIDTH="116" />
<SP HEIGHT="36" HPOS="1285" VPOS="2045" WIDTH="28" />
<String CONTENT="21;" CS="1" HEIGHT="37" HPOS="1314" VPOS="2045" WIDTH="53" />
<SP HEIGHT="38" HPOS="1396" VPOS="2045" WIDTH="28" />
<String CONTENT="A" HEIGHT="38" HPOS="1425" VPOS="2045" WIDTH="40" />
<SP HEIGHT="38" HPOS="1466" VPOS="2045" WIDTH="27" />
<String CONTENT="73967;" CS="1" HEIGHT="40" HPOS="1494" VPOS="2043" WIDTH="141" />
<SP HEIGHT="38" HPOS="1662" VPOS="2045" WIDTH="28" />
<String CONTENT="E." HEIGHT="37" HPOS="1691" VPOS="2045" WIDTH="51" />
<SP HEIGHT="37" HPOS="1743" VPOS="2045" WIDTH="29" />
<String CONTENT="P." HEIGHT="37" HPOS="1773" VPOS="2045" WIDTH="48" />
<SP HEIGHT="37" HPOS="1822" VPOS="2045" WIDTH="28" />
<String CONTENT="Dutton" HEIGHT="38" HPOS="1851" VPOS="2045" WIDTH="187" />
<SP HEIGHT="39" HPOS="2039" VPOS="2045" WIDTH="26" />
<String CONTENT="&amp;" HEIGHT="39" HPOS="2066" VPOS="2045" WIDTH="35" />
<SP HEIGHT="39" HPOS="2102" VPOS="2045" WIDTH="23" />
<String CONTENT="co.," CS="1" HEIGHT="30" HPOS="2126" VPOS="2054" WIDTH="68" />
</TextLine>
<TextLine HEIGHT="49" HPOS="291" VPOS="2099" WIDTH="441">
<String CONTENT="inc." HEIGHT="38" HPOS="291" VPOS="2102" WIDTH="89" />
<SP HEIGHT="46" HPOS="381" VPOS="2102" WIDTH="73" />
<String CONTENT="(34-25695)" HEIGHT="49" HPOS="455" VPOS="2099" WIDTH="277" />
</TextLine>
<TextLine HEIGHT="65" HPOS="219" STYLEREFS="StyleId-402AD7E9-64B7-428F-BA99-C47DF530010E-" VPOS="2189" WIDTH="1145">
<String CONTENT="Morgan," HEIGHT="63" HPOS="219" VPOS="2190" WIDTH="264" />
<SP HEIGHT="62" HPOS="484" VPOS="2191" WIDTH="34" />
<String CONTENT="John" HEIGHT="54" HPOS="519" VPOS="2189" WIDTH="150" />
<SP HEIGHT="52" HPOS="670" VPOS="2191" WIDTH="30" />
<String CONTENT="Jacob" HEIGHT="52" HPOS="701" VPOS="2191" WIDTH="179" />
<SP HEIGHT="53" HPOS="881" VPOS="2190" WIDTH="31" />
<String CONTENT="Brooke," HEIGHT="64" HPOS="913" VPOS="2190" WIDTH="246" />
<SP HEIGHT="58" HPOS="1160" VPOS="2196" WIDTH="33" />
<String CONTENT="1888-" HEIGHT="48" HPOS="1194" VPOS="2196" WIDTH="170" />
</TextLine>
<TextLine CS="1" HEIGHT="70" HPOS="292" STYLEREFS="StyleId-402AD7E9-64B7-428F-BA99-C47DF530010E-" VPOS="2265" WIDTH="1917">
<String CONTENT="Child" HEIGHT="53" HPOS="292" VPOS="2265" WIDTH="173" />
<SP HEIGHT="66" HPOS="466" VPOS="2267" WIDTH="25" />
<String CONTENT="psychology," HEIGHT="69" HPOS="492" VPOS="2265" WIDTH="367" />
<SP HEIGHT="68" HPOS="860" VPOS="2265" WIDTH="22" />
<String CONTENT="by" HEIGHT="69" HPOS="883" VPOS="2265" WIDTH="74" />
<SP HEIGHT="69" HPOS="958" VPOS="2265" WIDTH="28" />
<String CONTENT="John" HEIGHT="53" HPOS="987" VPOS="2265" WIDTH="154" />
<SP HEIGHT="53" HPOS="1142" VPOS="2266" WIDTH="28" />
<String CONTENT="J." HEIGHT="53" HPOS="1171" VPOS="2266" WIDTH="54" />
<SP HEIGHT="50" HPOS="1226" VPOS="2267" WIDTH="27" />
<String CONTENT="B." HEIGHT="50" HPOS="1254" VPOS="2267" WIDTH="66" />
<SP HEIGHT="51" HPOS="1321" VPOS="2266" WIDTH="27" />
<String CONTENT="Morgan" HEIGHT="69" HPOS="1349" VPOS="2266" WIDTH="245" />
<SP HEIGHT="34" HPOS="1595" VPOS="2284" WIDTH="34" />
<String CONTENT="&#8230;" CS="1" />
<SP HEIGHT="51" HPOS="1685" VPOS="2267" WIDTH="68" />
<String CONTENT="Rev." HEIGHT="53" HPOS="1754" VPOS="2267" WIDTH="135" />
<SP HEIGHT="35" HPOS="1890" VPOS="2285" WIDTH="32" />
<String CONTENT="ed." HEIGHT="52" HPOS="1923" VPOS="2267" WIDTH="82" />
<SP HEIGHT="52" HPOS="2006" VPOS="2267" WIDTH="65" />
<String CONTENT="New" HEIGHT="51" HPOS="2072" VPOS="2267" WIDTH="137" />
</TextLine>
<TextLine HEIGHT="69" HPOS="225" STYLEREFS="StyleId-402AD7E9-64B7-428F-BA99-C47DF530010E-" VPOS="2342" WIDTH="1153">
<String CONTENT="York," HEIGHT="67" HPOS="225" VPOS="2342" WIDTH="174" />
<SP HEIGHT="65" HPOS="400" VPOS="2344" WIDTH="27" />
<String CONTENT="Farrar" HEIGHT="51" HPOS="428" VPOS="2344" WIDTH="213" />
<SP HEIGHT="49" HPOS="642" VPOS="2345" WIDTH="27" />
<String CONTENT="&amp;" HEIGHT="49" HPOS="670" VPOS="2345" WIDTH="44" />
<SP HEIGHT="51" HPOS="715" VPOS="2343" WIDTH="27" />
<String CONTENT="Rinehart," HEIGHT="67" HPOS="743" VPOS="2342" WIDTH="297" />
<SP HEIGHT="67" HPOS="1041" VPOS="2342" WIDTH="28" />
<String CONTENT="inc.," HEIGHT="69" HPOS="1070" VPOS="2342" WIDTH="125" />
<SP HEIGHT="65" HPOS="1196" VPOS="2346" WIDTH="31" />
<String CONTENT="1934." HEIGHT="51" HPOS="1228" VPOS="2345" WIDTH="150" />
</TextLine>
<TextLine CS="1" HEIGHT="49" HPOS="291" VPOS="2414" WIDTH="1185">
<String CONTENT="2" HEIGHT="37" HPOS="291" VPOS="2417" WIDTH="26" />
<SP HEIGHT="46" HPOS="318" VPOS="2417" WIDTH="26" />
<String CONTENT="p." CS="1" />
<SP />
<String CONTENT="l.," CS="1" HEIGHT="16" HPOS="453" VPOS="2447" WIDTH="8" />
<SP HEIGHT="36" HPOS="462" VPOS="2427" WIDTH="31" />
<String CONTENT="vii-xii," HEIGHT="48" HPOS="494" VPOS="2415" WIDTH="180" />
<SP HEIGHT="48" HPOS="675" VPOS="2415" WIDTH="31" />
<String CONTENT="502" HEIGHT="40" HPOS="707" VPOS="2414" WIDTH="83" />
<SP HEIGHT="46" HPOS="791" VPOS="2415" WIDTH="25" />
<String CONTENT="p." HEIGHT="36" HPOS="817" VPOS="2425" WIDTH="43" />
<SP HEIGHT="39" HPOS="861" VPOS="2416" WIDTH="59" />
<String CONTENT="illus.," HEIGHT="46" HPOS="921" VPOS="2416" WIDTH="142" />
<SP HEIGHT="46" HPOS="1064" VPOS="2416" WIDTH="31" />
<String CONTENT="diagrs." HEIGHT="46" HPOS="1096" VPOS="2416" WIDTH="175" />
<SP HEIGHT="40" HPOS="1272" VPOS="2415" WIDTH="59" />
<String CONTENT="21&#189;" CS="1" HEIGHT="39" HPOS="1332" VPOS="2415" WIDTH="54" />
<String CONTENT="cm" HEIGHT="20" HPOS="1421" STYLE="superscript" VPOS="2418" WIDTH="42" />
<String CONTENT="." HEIGHT="7" HPOS="1469" VPOS="2448" WIDTH="7" />
</TextLine>
<TextLine CS="1" HEIGHT="49" HPOS="294" VPOS="2471" WIDTH="1805">
<String CONTENT="&#8220;Published" HEIGHT="40" HPOS="294" VPOS="2471" WIDTH="288" />
<SP HEIGHT="38" HPOS="583" VPOS="2472" WIDTH="32" />
<String CONTENT="April," HEIGHT="46" HPOS="616" VPOS="2472" WIDTH="149" />
<SP HEIGHT="46" HPOS="766" VPOS="2472" WIDTH="31" />
<String CONTENT="1931" HEIGHT="40" HPOS="798" VPOS="2471" WIDTH="113" />
<SP HEIGHT="38" HPOS="912" VPOS="2472" WIDTH="36" />
<String CONTENT="&#8230;" CS="1" />
<SP HEIGHT="38" HPOS="994" VPOS="2472" WIDTH="63" />
<String CONTENT="Revised" HEIGHT="39" HPOS="1058" VPOS="2472" WIDTH="205" />
<SP HEIGHT="38" HPOS="1264" VPOS="2473" WIDTH="31" />
<String CONTENT="and" HEIGHT="37" HPOS="1296" VPOS="2474" WIDTH="95" />
<SP HEIGHT="37" HPOS="1392" VPOS="2474" WIDTH="38" />
<String CONTENT="reprinted" HEIGHT="47" HPOS="1431" VPOS="2472" WIDTH="239" />
<SP HEIGHT="38" HPOS="1671" VPOS="2474" WIDTH="36" />
<String CONTENT="August," HEIGHT="44" HPOS="1708" VPOS="2476" WIDTH="199" />
<SP HEIGHT="46" HPOS="1908" VPOS="2474" WIDTH="34" />
<String CONTENT="1934.&#8221;" HEIGHT="40" HPOS="1943" VPOS="2472" WIDTH="156" />
</TextLine>
<TextLine HEIGHT="48" HPOS="296" VPOS="2527" WIDTH="1212">
<String CONTENT="&#8220;Collateral" HEIGHT="41" HPOS="296" VPOS="2527" WIDTH="286" />
<SP HEIGHT="36" HPOS="583" VPOS="2529" WIDTH="33" />
<String CONTENT="reading&#8221;" HEIGHT="47" HPOS="617" VPOS="2528" WIDTH="226" />
<SP HEIGHT="39" HPOS="844" VPOS="2528" WIDTH="29" />
<String CONTENT="at" HEIGHT="35" HPOS="874" VPOS="2532" WIDTH="52" />
<SP HEIGHT="35" HPOS="927" VPOS="2532" WIDTH="25" />
<String CONTENT="end" HEIGHT="38" HPOS="953" VPOS="2529" WIDTH="91" />
<SP HEIGHT="39" HPOS="1045" VPOS="2529" WIDTH="28" />
<String CONTENT="of" HEIGHT="40" HPOS="1074" VPOS="2528" WIDTH="51" />
<SP HEIGHT="40" HPOS="1126" VPOS="2528" WIDTH="26" />
<String CONTENT="each" HEIGHT="39" HPOS="1153" VPOS="2529" WIDTH="117" />
<SP HEIGHT="38" HPOS="1271" VPOS="2529" WIDTH="25" />
<String CONTENT="chapter." HEIGHT="47" HPOS="1297" VPOS="2528" WIDTH="211" />
</TextLine>
<TextLine CS="1" HEIGHT="106" HPOS="226" VPOS="2583" WIDTH="1966">
<String CONTENT="&#169;" HEIGHT="50" HPOS="226" VPOS="2583" WIDTH="51" />
<SP HEIGHT="50" HPOS="278" VPOS="2583" WIDTH="24" />
<String CONTENT="Aug." HEIGHT="47" HPOS="303" VPOS="2587" WIDTH="118" />
<SP HEIGHT="40" HPOS="422" VPOS="2586" WIDTH="25" />
<String CONTENT="23," CS="1" HEIGHT="40" HPOS="448" VPOS="2586" WIDTH="54" />
<SP HEIGHT="39" HPOS="517" VPOS="2588" WIDTH="25" />
<String CONTENT="1934;" CS="1" HEIGHT="38" HPOS="543" VPOS="2587" WIDTH="114" />
<SP HEIGHT="39" HPOS="683" VPOS="2585" WIDTH="28" />
<String CONTENT="2c." HEIGHT="40" HPOS="712" VPOS="2585" WIDTH="66" />
<SP HEIGHT="28" HPOS="779" VPOS="2597" WIDTH="26" />
<String CONTENT="and" HEIGHT="38" HPOS="806" VPOS="2587" WIDTH="94" />
<SP HEIGHT="38" HPOS="901" VPOS="2587" WIDTH="26" />
<String CONTENT="aff." HEIGHT="39" HPOS="928" VPOS="2585" WIDTH="78" />
<SP HEIGHT="37" HPOS="1007" VPOS="2587" WIDTH="28" />
<String CONTENT="Aug." HEIGHT="46" HPOS="1036" VPOS="2587" WIDTH="118" />
<SP HEIGHT="41" HPOS="1155" VPOS="2585" WIDTH="25" />
<String CONTENT="24;" CS="1" HEIGHT="39" HPOS="1181" VPOS="2585" WIDTH="56" />
<SP HEIGHT="37" HPOS="1263" VPOS="2587" WIDTH="29" />
<String CONTENT="A" HEIGHT="37" HPOS="1293" VPOS="2587" WIDTH="40" />
<SP HEIGHT="39" HPOS="1334" VPOS="2587" WIDTH="26" />
<String CONTENT="75001;" CS="1" HEIGHT="39" HPOS="1361" VPOS="2587" WIDTH="140" />
<SP HEIGHT="38" HPOS="1529" VPOS="2588" WIDTH="29" />
<String CONTENT="J." HEIGHT="38" HPOS="1559" VPOS="2588" WIDTH="42" />
<SP HEIGHT="38" HPOS="1602" VPOS="2588" WIDTH="29" />
<String CONTENT="J." HEIGHT="39" HPOS="1632" VPOS="2588" WIDTH="41" />
<SP HEIGHT="38" HPOS="1674" VPOS="2589" WIDTH="28" />
<String CONTENT="B." HEIGHT="37" HPOS="1703" VPOS="2589" WIDTH="51" />
<SP HEIGHT="36" HPOS="1755" VPOS="2590" WIDTH="32" />
<String CONTENT="Morgan." HEIGHT="44" HPOS="1788" VPOS="2590" WIDTH="213" />
<SP HEIGHT="39" HPOS="2002" VPOS="2590" WIDTH="29" />
<String CONTENT="Evanston." HEIGHT="92" HPOS="296" VPOS="2590" WIDTH="1896" />
<SP HEIGHT="37" HPOS="391" VPOS="2645" WIDTH="28" />
<String CONTENT="Ill." HEIGHT="37" HPOS="420" VPOS="2645" WIDTH="73" />
<SP HEIGHT="46" HPOS="494" VPOS="2643" WIDTH="71" />
<String CONTENT="(34-25679)" HEIGHT="47" HPOS="566" VPOS="2642" WIDTH="276" />
</TextLine>
<TextLine HEIGHT="67" HPOS="218" STYLEREFS="StyleId-A4C5E079-ABB9-4BA6-95DE-B29ED01C9B9C-" VPOS="2731" WIDTH="1259">
<String CONTENT="New" HEIGHT="52" HPOS="218" VPOS="2731" WIDTH="143" />
<SP HEIGHT="51" HPOS="362" VPOS="2732" WIDTH="25" />
<String CONTENT="York" HEIGHT="51" HPOS="388" VPOS="2732" WIDTH="161" />
<SP HEIGHT="58" HPOS="550" VPOS="2733" WIDTH="33" />
<String CONTENT="(State)" HEIGHT="65" HPOS="584" VPOS="2732" WIDTH="215" />
<SP HEIGHT="65" HPOS="800" VPOS="2732" WIDTH="82" />
<String CONTENT="Laws," HEIGHT="66" HPOS="883" VPOS="2732" WIDTH="181" />
<SP HEIGHT="47" HPOS="1065" VPOS="2751" WIDTH="29" />
<String CONTENT="statutes," HEIGHT="59" HPOS="1095" VPOS="2738" WIDTH="254" />
<SP HEIGHT="45" HPOS="1350" VPOS="2752" WIDTH="28" />
<String CONTENT="etc." HEIGHT="47" HPOS="1379" VPOS="2740" WIDTH="98" />
</TextLine>
<TextLine CS="1" HEIGHT="148" HPOS="217" STYLEREFS="StyleId-402AD7E9-64B7-428F-BA99-C47DF530010E-" VPOS="2808" WIDTH="1992">
<String CONTENT="Cahill&#8217;s" HEIGHT="53" HPOS="292" VPOS="2808" WIDTH="233" />
<SP HEIGHT="54" HPOS="526" VPOS="2808" WIDTH="37" />
<String CONTENT="Consolidated" HEIGHT="54" HPOS="564" VPOS="2808" WIDTH="404" />
<SP HEIGHT="50" HPOS="969" VPOS="2809" WIDTH="32" />
<String CONTENT="laws" HEIGHT="52" HPOS="1002" VPOS="2810" WIDTH="136" />
<SP HEIGHT="34" HPOS="1139" VPOS="2828" WIDTH="35" />
<String CONTENT="of" HEIGHT="51" HPOS="1175" VPOS="2809" WIDTH="60" />
<SP HEIGHT="53" HPOS="1236" VPOS="2809" WIDTH="33" />
<String CONTENT="New" CS="1" HEIGHT="32" HPOS="1327" VPOS="2829" WIDTH="81" />
<SP HEIGHT="50" HPOS="1409" VPOS="2812" WIDTH="33" />
<String CONTENT="York," HEIGHT="66" HPOS="1443" VPOS="2811" WIDTH="178" />
<SP HEIGHT="48" HPOS="1622" VPOS="2829" WIDTH="33" />
<String CONTENT="compiled" HEIGHT="66" HPOS="1656" VPOS="2812" WIDTH="280" />
<SP HEIGHT="51" HPOS="1937" VPOS="2812" WIDTH="33" />
<String CONTENT="and" HEIGHT="51" HPOS="1971" VPOS="2812" WIDTH="111" />
<SP HEIGHT="51" HPOS="2083" VPOS="2812" WIDTH="32" />
<String CONTENT="edited" HEIGHT="126" HPOS="217" VPOS="2812" WIDTH="1967" />
<SP HEIGHT="51" HPOS="336" VPOS="2887" WIDTH="50" />
<String CONTENT="by" HEIGHT="67" HPOS="387" VPOS="2887" WIDTH="73" />
<SP HEIGHT="67" HPOS="461" VPOS="2887" WIDTH="51" />
<String CONTENT="Austin" HEIGHT="50" HPOS="513" VPOS="2887" WIDTH="210" />
<SP HEIGHT="50" HPOS="724" VPOS="2888" WIDTH="52" />
<String CONTENT="B." HEIGHT="50" HPOS="777" VPOS="2888" WIDTH="65" />
<SP HEIGHT="54" HPOS="843" VPOS="2886" WIDTH="53" />
<String CONTENT="Griffin" HEIGHT="57" HPOS="897" VPOS="2883" WIDTH="202" />
<SP HEIGHT="32" HPOS="1100" VPOS="2905" WIDTH="57" />
<String CONTENT="&#8230;" CS="1" />
<SP />
<String CONTENT="1934" HEIGHT="48" HPOS="1306" VPOS="2891" WIDTH="134" />
<SP HEIGHT="47" HPOS="1441" VPOS="2892" WIDTH="50" />
<String CONTENT="supplement." HEIGHT="66" HPOS="1492" VPOS="2890" WIDTH="372" />
<SP HEIGHT="54" HPOS="1865" VPOS="2889" WIDTH="75" />
<String CONTENT="Chicago," HEIGHT="67" HPOS="1941" VPOS="2889" WIDTH="268" />
</TextLine>
<TextLine HEIGHT="67" HPOS="218" STYLEREFS="StyleId-402AD7E9-64B7-428F-BA99-C47DF530010E-" VPOS="2964" WIDTH="940">
<String CONTENT="Callaghan" HEIGHT="67" HPOS="218" VPOS="2964" WIDTH="319" />
<SP HEIGHT="32" HPOS="538" VPOS="2983" WIDTH="21" />
<String CONTENT="and" HEIGHT="51" HPOS="560" VPOS="2964" WIDTH="110" />
<SP HEIGHT="50" HPOS="671" VPOS="2964" WIDTH="21" />
<String CONTENT="company," HEIGHT="50" HPOS="693" VPOS="2980" WIDTH="294" />
<SP HEIGHT="64" HPOS="988" VPOS="2966" WIDTH="22" />
<String CONTENT="1934." HEIGHT="50" HPOS="1011" VPOS="2966" WIDTH="147" />
</TextLine>
<TextLine CS="1" HEIGHT="49" HPOS="293" VPOS="3036" WIDTH="523">
<String CONTENT="2" HEIGHT="35" HPOS="293" VPOS="3041" WIDTH="23" />
<SP HEIGHT="44" HPOS="317" VPOS="3041" WIDTH="29" />
<String CONTENT="p." HEIGHT="36" HPOS="347" VPOS="3049" WIDTH="40" />
<SP HEIGHT="37" HPOS="388" VPOS="3039" WIDTH="29" />
<String CONTENT="l.292" CS="1" HEIGHT="39" HPOS="491" VPOS="3036" WIDTH="83" />
<SP HEIGHT="48" HPOS="575" VPOS="3036" WIDTH="27" />
<String CONTENT="p." HEIGHT="36" HPOS="603" VPOS="3048" WIDTH="41" />
<SP HEIGHT="39" HPOS="645" VPOS="3036" WIDTH="57" />
<String CONTENT="27" HEIGHT="40" HPOS="703" VPOS="3036" WIDTH="54" />
<String CONTENT="cm" HEIGHT="20" HPOS="762" STYLE="superscript" VPOS="3039" WIDTH="43" />
<String CONTENT="." HEIGHT="7" HPOS="810" VPOS="3067" WIDTH="6" />
</TextLine>
<TextLine CS="1" HEIGHT="52" HPOS="228" VPOS="3091" WIDTH="1982">
<String CONTENT="&#169;" HEIGHT="51" HPOS="228" VPOS="3091" WIDTH="50" />
<SP HEIGHT="51" HPOS="279" VPOS="3091" WIDTH="33" />
<String CONTENT="Sept." HEIGHT="45" HPOS="313" VPOS="3096" WIDTH="124" />
<SP HEIGHT="37" HPOS="438" VPOS="3095" WIDTH="31" />
<String CONTENT="12," HEIGHT="46" HPOS="470" VPOS="3093" WIDTH="67" />
<SP HEIGHT="45" HPOS="538" VPOS="3094" WIDTH="29" />
<String CONTENT="1934;" CS="1" HEIGHT="39" HPOS="568" VPOS="3093" WIDTH="113" />
<SP HEIGHT="39" HPOS="709" VPOS="3092" WIDTH="30" />
<String CONTENT="2c." HEIGHT="41" HPOS="740" VPOS="3092" WIDTH="65" />
<SP HEIGHT="40" HPOS="806" VPOS="3093" WIDTH="34" />
<String CONTENT="Sept." HEIGHT="47" HPOS="841" VPOS="3093" WIDTH="123" />
<SP HEIGHT="36" HPOS="965" VPOS="3095" WIDTH="31" />
<String CONTENT="17;" CS="1" HEIGHT="37" HPOS="997" VPOS="3094" WIDTH="55" />
<SP HEIGHT="28" HPOS="1079" VPOS="3104" WIDTH="34" />
<String CONTENT="aff." HEIGHT="39" HPOS="1114" VPOS="3093" WIDTH="79" />
<SP HEIGHT="40" HPOS="1194" VPOS="3094" WIDTH="33" />
<String CONTENT="Sept." HEIGHT="47" HPOS="1228" VPOS="3094" WIDTH="125" />
<SP HEIGHT="37" HPOS="1354" VPOS="3097" WIDTH="30" />
<String CONTENT="15;" HEIGHT="45" HPOS="1385" VPOS="3096" WIDTH="80" />
<SP HEIGHT="44" HPOS="1466" VPOS="3097" WIDTH="34" />
<String CONTENT="A" HEIGHT="36" HPOS="1501" VPOS="3097" WIDTH="39" />
<SP HEIGHT="38" HPOS="1541" VPOS="3097" WIDTH="33" />
<String CONTENT="74931;" CS="1" HEIGHT="40" HPOS="1575" VPOS="3095" WIDTH="138" />
<SP HEIGHT="39" HPOS="1741" VPOS="3096" WIDTH="35" />
<String CONTENT="Callaghan" HEIGHT="47" HPOS="1777" VPOS="3096" WIDTH="268" />
<SP HEIGHT="40" HPOS="2046" VPOS="3096" WIDTH="30" />
<String CONTENT="&amp;" HEIGHT="40" HPOS="2077" VPOS="3096" WIDTH="35" />
<SP HEIGHT="40" HPOS="2113" VPOS="3096" WIDTH="30" />
<String CONTENT="co." HEIGHT="30" HPOS="2144" VPOS="3107" WIDTH="66" />
</TextLine>
<TextLine HEIGHT="65" HPOS="219" STYLEREFS="StyleId-402AD7E9-64B7-428F-BA99-C47DF530010E-" VPOS="3180" WIDTH="808">
<String CONTENT="Nimkoff," HEIGHT="65" HPOS="219" VPOS="3180" WIDTH="282" />
<SP HEIGHT="62" HPOS="502" VPOS="3183" WIDTH="29" />
<String CONTENT="Meyer" HEIGHT="60" HPOS="532" VPOS="3183" WIDTH="201" />
<SP HEIGHT="51" HPOS="734" VPOS="3182" WIDTH="29" />
<String CONTENT="Francis." HEIGHT="54" HPOS="764" VPOS="3181" WIDTH="263" />
</TextLine>
<TextLine CS="1" HEIGHT="71" HPOS="292" STYLEREFS="StyleId-402AD7E9-64B7-428F-BA99-C47DF530010E-" VPOS="3256" WIDTH="1918">
<String CONTENT="The" HEIGHT="51" HPOS="292" VPOS="3258" WIDTH="121" />
<SP HEIGHT="52" HPOS="414" VPOS="3257" WIDTH="35" />
<String CONTENT="family," HEIGHT="69" HPOS="450" VPOS="3256" WIDTH="223" />
<SP HEIGHT="68" HPOS="674" VPOS="3257" WIDTH="35" />
<String CONTENT="by" HEIGHT="67" HPOS="710" VPOS="3257" WIDTH="75" />
<SP HEIGHT="68" HPOS="786" VPOS="3256" WIDTH="32" />
<String CONTENT="M." HEIGHT="52" HPOS="819" VPOS="3256" WIDTH="79" />
<SP HEIGHT="51" HPOS="899" VPOS="3257" WIDTH="39" />
<String CONTENT="F." HEIGHT="51" HPOS="939" VPOS="3257" WIDTH="64" />
<SP HEIGHT="52" HPOS="1004" VPOS="3256" WIDTH="36" />
<String CONTENT="Nimkoff" CS="1" HEIGHT="52" HPOS="1176" VPOS="3257" WIDTH="120" />
<SP HEIGHT="53" HPOS="1297" VPOS="3257" WIDTH="41" />
<String CONTENT="&#8230;" CS="1" />
<SP HEIGHT="33" HPOS="1395" VPOS="3277" WIDTH="42" />
<String CONTENT="under" HEIGHT="51" HPOS="1438" VPOS="3260" WIDTH="180" />
<SP HEIGHT="47" HPOS="1619" VPOS="3265" WIDTH="37" />
<String CONTENT="the" HEIGHT="52" HPOS="1657" VPOS="3260" WIDTH="95" />
<SP HEIGHT="33" HPOS="1753" VPOS="3279" WIDTH="38" />
<String CONTENT="editorship" HEIGHT="68" HPOS="1792" VPOS="3259" WIDTH="314" />
<SP HEIGHT="51" HPOS="2107" VPOS="3276" WIDTH="36" />
<String CONTENT="of" HEIGHT="54" HPOS="2144" VPOS="3257" WIDTH="66" />
</TextLine>
<TextLine CS="1" HEIGHT="71" HPOS="226" STYLEREFS="StyleId-402AD7E9-64B7-428F-BA99-C47DF530010E-" VPOS="3333" WIDTH="1982">
<String CONTENT="William" HEIGHT="53" HPOS="226" VPOS="3334" WIDTH="254" />
<SP HEIGHT="51" HPOS="481" VPOS="3335" WIDTH="37" />
<String CONTENT="F." HEIGHT="50" HPOS="519" VPOS="3335" WIDTH="64" />
<SP HEIGHT="54" HPOS="584" VPOS="3333" WIDTH="43" />
<String CONTENT="Ogburn" HEIGHT="68" HPOS="628" VPOS="3333" WIDTH="240" />
<SP HEIGHT="33" HPOS="869" VPOS="3352" WIDTH="42" />
<String CONTENT="&#8230;" CS="1" />
<SP HEIGHT="51" HPOS="968" VPOS="3334" WIDTH="79" />
<String CONTENT="Boston," HEIGHT="67" HPOS="1048" VPOS="3334" WIDTH="232" />
<SP HEIGHT="65" HPOS="1281" VPOS="3336" WIDTH="40" />
<String CONTENT="New" CS="1" HEIGHT="34" HPOS="1379" VPOS="3353" WIDTH="80" />
<SP HEIGHT="51" HPOS="1460" VPOS="3337" WIDTH="39" />
<String CONTENT="York" HEIGHT="51" HPOS="1500" VPOS="3337" WIDTH="162" />
<SP HEIGHT="66" HPOS="1663" VPOS="3337" WIDTH="44" />
<String CONTENT="[etc.]" CS="1" HEIGHT="62" HPOS="1726" VPOS="3341" WIDTH="118" />
<SP HEIGHT="67" HPOS="1845" VPOS="3336" WIDTH="46" />
<String CONTENT="Houghton" HEIGHT="68" HPOS="1892" VPOS="3336" WIDTH="316" />
</TextLine>
<TextLine HEIGHT="69" HPOS="226" STYLEREFS="StyleId-402AD7E9-64B7-428F-BA99-C47DF530010E-" VPOS="3410" WIDTH="734">
<String CONTENT="Mifflin" HEIGHT="53" HPOS="226" VPOS="3410" WIDTH="198" />
<SP HEIGHT="34" HPOS="425" VPOS="3430" WIDTH="29" />
<String CONTENT="company" HEIGHT="50" HPOS="455" VPOS="3429" WIDTH="279" />
<SP HEIGHT="50" HPOS="735" VPOS="3429" WIDTH="34" />
<String CONTENT="[" HEIGHT="32" HPOS="770" STYLE="subscript" VPOS="3444" WIDTH="13" />
<String CONTENT="c" HEIGHT="21" HPOS="789" STYLE="superscript" VPOS="3417" WIDTH="16" />
<String CONTENT="1934" HEIGHT="49" HPOS="811" VPOS="3413" WIDTH="134" />
<String CONTENT="]" HEIGHT="34" HPOS="948" STYLE="subscript" VPOS="3443" WIDTH="12" />
</TextLine>
<TextLine CS="1" HEIGHT="47" HPOS="295" VPOS="3483" WIDTH="817">
<String CONTENT="x" HEIGHT="26" HPOS="295" VPOS="3495" WIDTH="27" />
<SP HEIGHT="35" HPOS="323" VPOS="3495" WIDTH="30" />
<String CONTENT="p.." HEIGHT="35" HPOS="354" VPOS="3495" WIDTH="54" />
<SP HEIGHT="38" HPOS="409" VPOS="3486" WIDTH="31" />
<String CONTENT="1" HEIGHT="36" HPOS="441" VPOS="3486" WIDTH="24" />
<SP HEIGHT="37" HPOS="466" VPOS="3485" WIDTH="30" />
<String CONTENT="l.," CS="1" HEIGHT="11" HPOS="517" VPOS="3516" WIDTH="21" />
<SP HEIGHT="43" HPOS="539" VPOS="3484" WIDTH="30" />
<String CONTENT="562" HEIGHT="40" HPOS="570" VPOS="3483" WIDTH="84" />
<SP HEIGHT="46" HPOS="655" VPOS="3484" WIDTH="27" />
<String CONTENT="p." HEIGHT="37" HPOS="683" VPOS="3493" WIDTH="42" />
<SP HEIGHT="38" HPOS="726" VPOS="3484" WIDTH="59" />
<String CONTENT="diagr." HEIGHT="47" HPOS="786" VPOS="3483" WIDTH="151" />
<SP HEIGHT="38" HPOS="938" VPOS="3483" WIDTH="60" />
<String CONTENT="21" HEIGHT="38" HPOS="999" VPOS="3483" WIDTH="54" />
<String CONTENT="cm" HEIGHT="21" HPOS="1058" STYLE="superscript" VPOS="3485" WIDTH="42" />
<String CONTENT="." HEIGHT="7" HPOS="1106" VPOS="3515" WIDTH="6" />
</TextLine>
<TextLine HEIGHT="47" HPOS="296" VPOS="3539" WIDTH="971">
<String CONTENT="&#8220;Readings&#8221;" HEIGHT="47" HPOS="296" VPOS="3539" WIDTH="298" />
<SP HEIGHT="38" HPOS="595" VPOS="3540" WIDTH="30" />
<String CONTENT="at" HEIGHT="37" HPOS="626" VPOS="3542" WIDTH="50" />
<SP HEIGHT="37" HPOS="677" VPOS="3542" WIDTH="28" />
<String CONTENT="end" HEIGHT="39" HPOS="706" VPOS="3540" WIDTH="91" />
<SP HEIGHT="38" HPOS="798" VPOS="3540" WIDTH="29" />
<String CONTENT="of" HEIGHT="38" HPOS="828" VPOS="3540" WIDTH="51" />
<SP HEIGHT="38" HPOS="880" VPOS="3540" WIDTH="27" />
<String CONTENT="each" HEIGHT="39" HPOS="908" VPOS="3539" WIDTH="117" />
<SP HEIGHT="39" HPOS="1026" VPOS="3539" WIDTH="30" />
<String CONTENT="chapter." HEIGHT="46" HPOS="1057" VPOS="3539" WIDTH="210" />
</TextLine>
<TextLine CS="1" HEIGHT="51" HPOS="229" VPOS="3594" WIDTH="1979">
<String CONTENT="&#169;" HEIGHT="50" HPOS="229" VPOS="3594" WIDTH="51" />
<SP HEIGHT="50" HPOS="281" VPOS="3594" WIDTH="37" />
<String CONTENT="Aug." HEIGHT="46" HPOS="319" VPOS="3599" WIDTH="115" />
<SP HEIGHT="39" HPOS="435" VPOS="3597" WIDTH="37" />
<String CONTENT="9," HEIGHT="46" HPOS="473" VPOS="3597" WIDTH="38" />
<SP HEIGHT="44" HPOS="512" VPOS="3599" WIDTH="37" />
<String CONTENT="1934;" CS="1" HEIGHT="40" HPOS="550" VPOS="3596" WIDTH="112" />
<SP HEIGHT="40" HPOS="689" VPOS="3596" WIDTH="38" />
<String CONTENT="2c." HEIGHT="40" HPOS="728" VPOS="3596" WIDTH="65" />
<SP HEIGHT="38" HPOS="794" VPOS="3597" WIDTH="37" />
<String CONTENT="Aug." HEIGHT="47" HPOS="832" VPOS="3597" WIDTH="117" />
<SP HEIGHT="39" HPOS="950" VPOS="3597" WIDTH="37" />
<String CONTENT="24;" CS="1" HEIGHT="38" HPOS="988" VPOS="3597" WIDTH="56" />
<SP HEIGHT="29" HPOS="1069" VPOS="3607" WIDTH="39" />
<String CONTENT="aff." HEIGHT="39" HPOS="1109" VPOS="3597" WIDTH="77" />
<SP HEIGHT="37" HPOS="1187" VPOS="3598" WIDTH="39" />
<String CONTENT="Aug." HEIGHT="46" HPOS="1227" VPOS="3598" WIDTH="117" />
<SP HEIGHT="38" HPOS="1345" VPOS="3598" WIDTH="38" />
<String CONTENT="22;" CS="1" HEIGHT="38" HPOS="1384" VPOS="3598" WIDTH="53" />
<SP HEIGHT="38" HPOS="1465" VPOS="3601" WIDTH="40" />
<String CONTENT="A" HEIGHT="37" HPOS="1506" VPOS="3601" WIDTH="41" />
<SP HEIGHT="38" HPOS="1548" VPOS="3601" WIDTH="33" />
<String CONTENT="75030;" CS="1" HEIGHT="39" HPOS="1582" VPOS="3600" WIDTH="143" />
<SP HEIGHT="38" HPOS="1752" VPOS="3602" WIDTH="39" />
<String CONTENT="M." HEIGHT="37" HPOS="1792" VPOS="3602" WIDTH="62" />
<SP HEIGHT="38" HPOS="1855" VPOS="3601" WIDTH="39" />
<String CONTENT="F." HEIGHT="38" HPOS="1895" VPOS="3601" WIDTH="48" />
<SP HEIGHT="38" HPOS="1944" VPOS="3601" WIDTH="37" />
<String CONTENT="Nimkoff," HEIGHT="42" HPOS="1982" VPOS="3599" WIDTH="226" />
</TextLine>
<TextLine HEIGHT="48" HPOS="295" VPOS="3652" WIDTH="752">
<String CONTENT="Lewisburg." HEIGHT="46" HPOS="295" VPOS="3654" WIDTH="291" />
<SP HEIGHT="36" HPOS="587" VPOS="3655" WIDTH="28" />
<String CONTENT="Pa." HEIGHT="36" HPOS="616" VPOS="3655" WIDTH="80" />
<SP HEIGHT="40" HPOS="697" VPOS="3659" WIDTH="72" />
<String CONTENT="(34-25681)" HEIGHT="47" HPOS="770" VPOS="3652" WIDTH="277" />
</TextLine>
<TextLine HEIGHT="65" HPOS="222" STYLEREFS="StyleId-402AD7E9-64B7-428F-BA99-C47DF530010E-" VPOS="3726" WIDTH="657">
<String CONTENT="O&#8217;Hara," HEIGHT="65" HPOS="222" VPOS="3726" WIDTH="248" />
<SP HEIGHT="63" HPOS="471" VPOS="3728" WIDTH="31" />
<String CONTENT="John," HEIGHT="63" HPOS="503" VPOS="3727" WIDTH="171" />
<SP HEIGHT="59" HPOS="675" VPOS="3731" WIDTH="34" />
<String CONTENT="1905-" HEIGHT="49" HPOS="710" VPOS="3729" WIDTH="169" />
</TextLine>
<TextLine CS="1" HEIGHT="70" HPOS="300" STYLEREFS="StyleId-402AD7E9-64B7-428F-BA99-C47DF530010E-" VPOS="3801" WIDTH="1906">
<String CONTENT="Appointment" HEIGHT="68" HPOS="300" VPOS="3802" WIDTH="414" />
<SP HEIGHT="53" HPOS="715" VPOS="3801" WIDTH="23" />
<String CONTENT="in" HEIGHT="51" HPOS="739" VPOS="3801" WIDTH="58" />
<SP HEIGHT="53" HPOS="798" VPOS="3801" WIDTH="27" />
<String CONTENT="Samarra," HEIGHT="68" HPOS="826" VPOS="3801" WIDTH="283" />
<SP HEIGHT="45" HPOS="1110" VPOS="3824" WIDTH="25" />
<String CONTENT="a" HEIGHT="32" HPOS="1136" VPOS="3824" WIDTH="32" />
<SP HEIGHT="36" HPOS="1169" VPOS="3820" WIDTH="23" />
<String CONTENT="novel," HEIGHT="66" HPOS="1193" VPOS="3804" WIDTH="178" />
<SP HEIGHT="66" HPOS="1372" VPOS="3804" WIDTH="22" />
<String CONTENT="by" HEIGHT="67" HPOS="1395" VPOS="3804" WIDTH="75" />
<SP HEIGHT="67" HPOS="1471" VPOS="3804" WIDTH="25" />
<String CONTENT="John" HEIGHT="53" HPOS="1497" VPOS="3804" WIDTH="156" />
<SP HEIGHT="53" HPOS="1654" VPOS="3804" WIDTH="25" />
<String CONTENT="O&#8217;Hara" HEIGHT="55" HPOS="1680" VPOS="3804" WIDTH="234" />
<SP HEIGHT="35" HPOS="1915" VPOS="3824" WIDTH="29" />
<String CONTENT="&#8230;" CS="1" />
<SP HEIGHT="54" HPOS="2002" VPOS="3803" WIDTH="66" />
<String CONTENT="New" CS="1" HEIGHT="36" HPOS="2125" VPOS="3822" WIDTH="81" />
</TextLine>
<TextLine HEIGHT="72" HPOS="236" STYLEREFS="StyleId-402AD7E9-64B7-428F-BA99-C47DF530010E-" VPOS="3877" WIDTH="1380">
<String CONTENT="York," HEIGHT="61" HPOS="236" VPOS="3879" WIDTH="172" />
<SP HEIGHT="60" HPOS="409" VPOS="3880" WIDTH="25" />
<String CONTENT="Harcourt," HEIGHT="60" HPOS="435" VPOS="3880" WIDTH="306" />
<SP HEIGHT="63" HPOS="742" VPOS="3877" WIDTH="25" />
<String CONTENT="Brace" HEIGHT="52" HPOS="768" VPOS="3877" WIDTH="179" />
<SP HEIGHT="33" HPOS="948" VPOS="3896" WIDTH="27" />
<String CONTENT="and" HEIGHT="52" HPOS="976" VPOS="3878" WIDTH="110" />
<SP HEIGHT="53" HPOS="1087" VPOS="3878" WIDTH="26" />
<String CONTENT="company" HEIGHT="53" HPOS="1114" VPOS="3896" WIDTH="273" />
<SP HEIGHT="49" HPOS="1388" VPOS="3900" WIDTH="34" />
<String CONTENT="[" HEIGHT="34" HPOS="1423" STYLE="subscript" VPOS="3914" WIDTH="14" />
<String CONTENT="c" HEIGHT="21" HPOS="1441" STYLE="superscript" VPOS="3888" WIDTH="18" />
<String CONTENT="1934" HEIGHT="48" HPOS="1464" VPOS="3884" WIDTH="134" />
<String CONTENT="]" HEIGHT="31" HPOS="1601" STYLE="subscript" VPOS="3915" WIDTH="15" />
</TextLine>
</TextBlock>
<GraphicalElement HEIGHT="13" HPOS="1521" ID="Page1090_Block3" VPOS="2614" WIDTH="152" />
</PrintSpace>
</Page>
</Layout>
</alto>