2350 4196
1178 4004 97 49 828

313 456 68 47 88,
419 456 54 49 [2]
510 467 41 36 p.
586 457 47 38 in
640 459 53 37 cl.
729 457 127 39 illus.
885 457 184 48 (maps)
1112 459 168 46 tables,
1316 458 177 47 diagrs.
1557 458 51 38 21
1615 461 43 20 cm
1664 491 7 6 .
1745 460 122 45 (Das
1900 469 122 30 neue
2057 461 162 46 Reich,

244 513 125 47 hrsg.
398 524 91 28 von
519 515 86 38 der
628 515 277 39 Deutschen
932 513 274 48 akademie)

245 570 1977 52 © Jan. 19, 1934; 1c. Mar. 30; A- Foreign 24282; Georg D. W. Callwey.
321 630 277 47 (34-18682)

239 720 320 64 Cazanave,
589 720 219 56 André.

368 795 1782 69 … La terreur de l’amour, roman. Paris, Fasquelle [1938]
308 870 564 49 2 p. l., [7]-230 p. 18½cm.
311 925 746 49 “Bibliothèque-Charpentier.”

246 980 1980 51 © Nov. 7, 1933; 1c. Jan. 23, 1934; A- Foreign 23493; Fasquelle éditeurs.
328 1041 277 48 (34-18670)

239 1126 340 69 Champion,
609 1132 200 52 Pierre
839 1131 236 52 Honoré
1105 1132 144 52 Jean
1281 1131 290 63 Baptiste,
1606 1133 168 50 1880-

370 1206 1858 69 … Splendeurs et misères de Paris (XIV e -XV e siècles) Paris,
240 1286 479 68 Calmann-Lévy,
754 1289 147 49 1934.

310 1358 1916 49 2 p. l., 287 p., 2 l. fold. plan. 19 cm . (His La vie de Paris au moyen
241 1416 110 48 âge)

309 1473 66 40 At
400 1473 123 39 head
552 1472 52 40 of
630 1473 107 39 title:
795 1471 164 41 Pierre
989 1472 277 47 Champion.

312 1529 72 40 On
421 1539 139 30 cover:
625 1530 149 39 Notre
811 1529 143 40 vieux
992 1529 153 39 Paris.
1208 1528 279 49 [Collection
1521 1528 108 48 pub.
1667 1538 111 30 sous
1815 1530 47 38 la
1897 1527 234 41 direction
2168 1530 59 39 de

242 1586 60 40 M.
336 1586 248 40 Thiébaut]

247 1641 1810 50 © Jan. 26. 1934; 1c. Apr. 20; A-Foreign 24635: Calmann-Lévy.
326 1700 277 48 (34-18661)

239 1790 298 55 Colorado.
611 1793 181 64 Laws,
823 1795 255 61 statutes,
1109 1797 97 48 etc.

311 1867 383 68 Courtright’s
741 1869 158 52 Mills
948 1868 280 55 Colorado
1278 1868 306 51 annotated
1632 1868 131 51 code
1811 1867 62 53 of
1920 1867 132 52 civil
240 1886 1962 125 procedure,

499 1949 131 50 1933;
701 1944 331 69 containing
1069 1946 93 51 the
1204 1945 132 52 1887
1376 1946 132 52 code
1548 1945 61 51 of
1649 1945 133 52 civil
1819 1946 307 66 procedure
2168 1964 57 34 as

242 2023 272 52 amended
555 2024 74 66 by
672 2024 93 52 the
810 2024 244 54 General
1098 2024 274 67 assembly
1414 2042 77 48 up
1536 2029 57 46 to
1638 2025 111 50 and
1792 2023 297 68 including
2132 2025 93 50 the

241 2104 132 49 1933
422 2101 224 52 session.
721 2101 328 52 Annotated
1100 2101 137 52 with
1288 2101 77 54 all
1414 2102 281 55 Colorado
1745 2101 290 54 decisions.
239 2122 1961 123 Revised,

468 2179 306 52 annotated
829 2179 110 51 and
993 2179 256 67 indexed,
1302 2180 74 66 by
1427 2179 259 54 William
1740 2182 58 50 H
1872 2180 352 68 Courtright.

246 2257 237 65 Denver,
520 2258 137 63 Col.,
691 2259 88 51 W.
817 2259 75 50 H.
933 2257 334 67 Courtright
1305 2257 334 68 publishing
1675 2276 294 49 company,
2007 2262 147 49 1933.

315 2332 82 38 743
429 2341 41 36 p.
530 2330 57 39 26½cm.

319 2387 128 39 “The
473 2389 179 37 matter
680 2385 256 41 contained
964 2390 50 36 in
1044 2385 142 41 Mills'
1217 2388 265 39 annotated
1512 2386 140 48 Code,
1683 2388 59 47 by
1773 2387 42 40 J.
1847 2387 204 40 Warner
2083 2387 142 40 Mills,

245 2445 95 38 and
375 2444 236 40 Colorado
647 2442 125 41 Code
809 2444 277 46 annotated,
1124 2443 59 47 by
1219 2443 55 40 R.
1314 2443 42 41 S.
1395 2443 243 41 Morrison
1673 2445 96 39 and
1806 2444 53 39 E.
1896 2444 56 39 D.
1991 2444 71 40 De
2099 2444 127 46 Soto,

246 2509 98 30 was
376 2500 249 40 consulted
656 2500 96 38 and
783 2501 118 38 used
933 2510 53 29 as
1017 2500 80 38 far
1132 2509 51 30 as
1214 2499 297 47 practicable
1541 2501 61 47 by
1636 2501 81 40 the
1750 2498 392 42 editor.”—Pref.

248 2554 1977 50 © Jan. 5, 1934; 2c. and aff. July 23; A 73566; William H. Courtright,
314 2614 201 39 Denver.
589 2612 277 48 (34-20927)

242 2688 309 64 Comnène,
579 2688 185 53 Marie
794 2689 187 53 Anne.

377 2762 1367 71 … L’ange de midi. [Paris] Gallimard [ c 1934]
317 2835 757 48 2 p. l., [7]-288 p., 1 l. 19 cm .
248 2906 1978 51 © Mar. 20, 1934; 1c. May 15; A-Foreign 24652; Librairie Gallimard.
325 2966 278 48 (34-18678)

242 3038 236 67 Corliss,
507 3041 153 53 John
688 3040 293 65 Blaisdell,
1013 3041 168 53 1877-

311 3117 157 53 Back
496 3124 57 46 to
584 3136 27 33 a
642 3118 130 51 cash
799 3118 166 66 basis,
992 3119 75 66 by
1095 3118 152 54 John
1279 3120 65 51 B.
1377 3117 230 69 Corliss,
1635 3119 69 68 jr.
1780 3114 243 70 Detroit,
2052 3116 174 54 Mich.

246 3229 13 34 [
264 3202 18 21 c
287 3199 150 63 1933]

316 3269 83 50 [48]
437 3279 42 38 p.
539 3268 55 41 23
598 3271 44 21 cm
647 3300 8 9 .

251 3323 1974 50 © Oct. 10, 1933; 2c. Oct. 7; aff. Oct. 21; A 66730; J. B. Corliss, jr.,
316 3383 203 40 Detroit.
591 3382 276 48 (34-18365)

243 3456 365 65 Courtright,
640 3456 247 55 William
922 3456 225 67 Hiram,
1180 3459 170 52 1879-

313 3533 381 68 Courtright’s
732 3535 279 54 Colorado
1046 3535 198 67 digest.
1317 3537 390 67 Supplement.
1743 3539 159 57 1933;
1940 3534 286 68 digesting

244 3613 76 51 all
357 3612 279 55 Colorado
673 3611 272 53 decisions
981 3614 147 51 since
1165 3614 92 53 the
1297 3618 132 48 1928
1467 3616 372 65 supplement,
1877 3614 183 50 which

242 3631 1957 125 supplemented
600 3690 93 51 the
734 3689 245 68 original
1021 3690 381 69 Courtright’s
1445 3693 281 54 Colorado
1767 3692 198 66 digest.

243 3692 1958 143 Interlocking
510 3766 138 51 with
685 3767 99 52 the
826 3770 130 49 1915
1000 3768 186 67 digest
1226 3770 111 51 and
1378 3771 92 52 the
1516 3773 131 49 1928
1689 3770 372 67 supplement.
2136 3770 89 63 By

241 3844 1983 70 William H. Courtright … Denver, Col., W. H. Courtright
240 3921 331 72 publishing
601 3940 294 50 company,
928 3925 146 49 1933.
