2350 4196
1066 4063 97 49 981

110 421 233 63 Cronin,
373 421 319 53 Archibald
722 421 237 63 Joseph.

184 497 378 65 [Adventures
614 497 63 53 of
728 518 30 32 a
807 498 165 52 black
1019 498 128 66 bag]
1255 497 119 51 The
1426 496 308 52 resolution
1784 497 125 51 that
1960 501 149 46 went

109 594 210 50 wrong.

194 651 83 48 (In
304 645 232 52 Glasgow
567 646 200 52 Sunday
798 650 126 48 post,
954 646 126 42 June
1111 647 69 49 10,
1210 645 144 50 1934)
118 718 51 51 ©
197 722 65 39 1c.
292 722 115 45 July
435 721 68 46 31,
531 721 141 47 1934;

703 722 40 38 A
770 723 61 38 ad
860 721 85 40 int.
973 720 143 40 19329;
1174 721 138 47 pubd.
1346 720 125 39 June
1498 719 82 47 10;
1611 719 51 38 A.
1696 719 42 41 J.
1769 717 192 48 Cronin,
189 719 1903 99 London.

111 879 345 67 Cubberley,
492 883 255 53 Ellwood
783 884 336 63 Patterson,
1159 884 168 50 1888-
1541 898 177 50 comp.

182 957 290 69 Readings
501 959 62 52 in
591 960 193 66 public
814 958 299 54 education
1142 960 58 51 in
1231 959 96 52 the
1355 956 219 56 United
1606 956 215 68 States;
1856 978 30 33 a
113 956 1974 133 collection
262 1035 64 53 of
354 1055 220 35 sources
605 1038 113 52 and

748 1036 264 68 readings
1043 1043 57 48 to
1131 1035 282 53 illustrate
1442 1036 97 52 the
1567 1035 221 68 history
1819 1035 64 52 of
112 1035 1974 133 educational
324 1115 249 66 practice
605 1116 111 51 and
747 1134 262 50 progress
1040 1114 59 53 in
1131 1115 93 51 the
1254 1113 218 55 United
1507 1113 205 58 States,
1740 1113 76 68 by
1849 1114 262 53 Ellwood

118 1190 1992 70 P. Cubberley … Boston, New York [etc.] Houghton Mifflin
113 1289 279 49 company
431 1304 11 33 [
448 1277 17 20 c
471 1273 151 64 1934]

183 1344 134 49 xviii,
344 1345 84 40 534
452 1355 43 37 p.
520 1345 109 39 incl.
655 1345 142 48 illus.,
823 1346 162 48 ports.,
1010 1354 123 38 map,
1159 1342 228 50 facsims.,
1414 1344 152 47 diagr.
1626 1342 55 41 21
1685 1346 43 21 cm
1734 1376 9 9 .
1813 1341 299 53 (Half-title:
115 1402 254 39 Riverside
396 1402 255 40 textbooks

680 1403 48 38 in
757 1402 269 47 education,
1055 1403 68 39 ed.
1154 1402 58 47 by
1240 1402 52 38 E.
1321 1402 49 39 P.
1400 1399 293 50 Cubberley)

186 1456 1926 49 “The readings contained in the present volume … are … organized
116 1517 150 38 under
304 1516 81 39 the
424 1526 132 29 same
595 1516 200 47 chapter
833 1516 233 47 headings
1105 1525 53 30 as
1196 1516 81 39 the
1316 1514 189 42 revised
1543 1514 184 41 edition
1766 1516 50 39 of
1858 1516 96 49 [the
115 1525 1979 96 compiler’s]

326 1572 180 40 ‘Public
536 1573 258 40 education
823 1573 50 38 in
903 1573 80 39 the
1015 1572 177 40 United
1225 1569 415 44 States’.”—Pref.

120 1641 50 51 ©
207 1646 116 46 July
356 1645 38 47 6,
430 1644 114 40 1934;
608 1645 67 39 2c.
711 1645 118 46 July
859 1645 82 46 21;
980 1644 80 40 aff.
1098 1645 114 46 July
1247 1644 81 46 20;
1367 1644 39 38 A
1444 1644 169 47 73558;
1653 1645 53 39 E.
1742 1645 48 38 P.
1831 1644 280 48 Cubberley,

191 1702 234 40 Stanford
466 1702 294 47 University,
801 1701 142 39 Calif.
1017 1702 277 48 (34-22397)

116 1807 191 63 Dales,
336 1806 203 53 James
568 1807 228 54 Stuart.

189 1883 388 68 Shakespeare
636 1885 111 51 and
804 1885 94 51 the
958 1883 244 68 English
1261 1884 194 52 classic
1515 1885 215 66 drama,
1786 1884 69 67 by
1916 1886 194 53 James

121 1961 1772 69 Stuart Dales … [Lincoln, Neb., Printed by Woodruff
117 1963 1970 146 printing
245 2059 296 49 company,
570 2047 17 21 c
593 2045 133 48 1934]

190 2114 57 39 38
273 2124 57 38 p.,
357 2115 24 38 l
408 2115 29 37 l.
499 2114 56 39 19
558 2116 42 20 cm
608 2149 8 7 „

121 2181 1992 52 © July 13, 1934; 2c. July 17; aff. July 28; A 73054; J. S. Dales, Lincoln,
189 2244 113 38 Neb.
377 2242 280 48 (34-22537)

117 2348 357 64 Davenport,
505 2348 174 55 John.

120 2425 1993 145 … Curiosities of erotic physiology. New York, Priv. print., Robin Hood house, 1933.
193 2577 86 39 246
308 2588 42 37 p.
409 2577 56 38 24½
497 2579 15 20 cm
548 2610 6 6 .

192 2633 1925 50 “Only nine hundred seventy-five copies … have been printed, all of
122 2690 155 40 which
317 2701 83 30 are
439 2691 229 40 intended
707 2691 78 38 for
825 2689 190 50 private
1054 2691 287 41 circulation
1382 2702 175 38 among
1595 2692 139 39 adult
1773 2691 251 40 collectors
2063 2690 53 40 of

123 2747 201 47 literary
360 2747 317 40 curiosities.”

125 2800 1990 52 © Apr. 13, 1932; 2c. Mar. 15, 1934; aff. Mar. 23; A 69996; Robin Hood
190 2862 162 39 house.
428 2861 279 48 (34-22411)

118 2966 148 63 Day,
299 2966 227 64 George
557 2968 240 53 Martin.

259 3039 1854 73 … The Russians in Hollywood; a study in culture conflict, by
130 3117 1986 73 George Martin Day … Los Angeles, University of Southern
130 3195 322 56 California
482 3216 172 49 press,
686 3200 149 49 1934.

196 3268 27 38 4
251 3279 44 37 p.
360 3299 8 16 l.,
400 3268 97 48 101,
531 3269 54 48 [2]
616 3280 41 36 p.
715 3269 54 40 23
774 3272 43 20 cm
823 3301 7 8 .
903 3269 303 50 (University
1239 3272 51 39 of
1323 3273 241 40 Southern
1596 3270 286 43 California.
1943 3267 171 43 School

128 3325 50 39 of
205 3326 226 39 research
458 3325 200 41 studies,
713 3336 75 30 no.
814 3325 52 48 4)

199 3382 188 41 “Social
417 3382 185 41 science
634 3382 164 43 series,
855 3394 75 29 no.
962 3384 69 41 7.”

201 3439 321 48 “Containing
559 3450 60 29 an
656 3441 242 46 approved
936 3442 190 46 portion
1165 3443 49 38 of
1254 3454 26 28 a
1318 3442 318 41 dissertation
1671 3443 227 46 accepted
1934 3442 60 47 by
2034 3442 81 38 the

130 3496 1967 107 Council on graduate study and research [University of Southern California] … for the
614 3555 170 46 degree
809 3555 50 39 of
883 3556 165 39 doctor
1073 3556 51 39 of
1148 3556 297 48 philosophy,
1472 3558 139 47 June,
1637 3556 156 41 1930.”

201 3610 1914 52 “The scope … of this particular investigation includes primarily those
131 3668 1968 106 Russians of the old aristocracy … who have come to America as a result. of persecutions by
827 3727 81 39 the
950 3727 286 40 Bolsheviks
1276 3729 94 38 and
1412 3739 83 29 are
1533 3740 109 28 now
1681 3727 216 48 residing
1933 3727 50 39 in
2023 3728 92 39 Los

131 3782 203 48 Angeles
364 3784 96 39 and
489 3780 351 49 vicinity.”—p.
875 3782 52 49 [1]

200 3839 374 49 Bibliography:
608 3850 40 37 p.
683 3837 112 51 [103]

133 3897 49 51 ©
222 3902 127 39 June
384 3901 69 39 29.
493 3900 113 39 1934;
673 3900 65 39 2c.
781 3900 114 46 July
934 3900 80 40 21;
1058 3900 80 40 aff.
1180 3901 114 46 July
1332 3902 81 40 20;
1456 3901 39 38 A
1535 3901 169 40 73556:
1749 3900 282 47 University
2069 3900 51 40 of

201 3958 238 40 Southern
468 3957 285 46 California,
782 3957 91 39 Los
900 3957 217 47 Angeles.
1188 3958 279 47 (34-22232)
