2350 4196
1147 4013 60 47 13

170 364 163 63 Paul,
364 361 244 64 Phyllis.

241 440 102 52 We
375 458 92 34 are
496 436 238 70 spoiled,
761 437 75 67 by
865 435 227 67 Phyllis
1121 436 164 51 Paul.
1347 434 140 51 New
1518 432 179 64 York,
1727 432 89 52 W.
1846 431 247 52 Morrow
2124 434 41 49 &

172 536 296 49 company,
499 519 151 49 1934.

242 590 25 40 3
297 602 42 37 p.
404 621 7 15 l.,
439 588 144 40 3-291
611 600 42 37 p.
716 587 56 40 19½
803 589 43 22 cm
852 623 7 7 .

173 658 50 51 ©
249 663 108 38 Jan.
382 661 38 40 2.
445 661 140 40 1934;
611 659 67 40 2c.
704 660 93 38 and
822 658 81 39 aff.
928 657 108 39 Jan.
1060 658 52 46 4;
1140 657 39 38 A
1203 657 169 45 68717;
1401 656 50 40 P.
1476 656 136 45 Paul,
1640 654 306 45 Carshalton,
1976 653 192 47 Surrey,

239 720 233 45 England.
545 717 220 48 (34-334)

175 836 215 64 Peirce,
421 836 243 54 Charles
693 836 284 61 Santiago
1006 834 275 53 Sanders.

244 912 287 54 Collected
589 930 206 50 papers
852 911 63 53 of
975 911 234 54 Charles
1269 910 248 54 Sanders
1576 908 214 66 Peirce,
1849 907 188 52 edited
2095 907 75 67 by

174 990 234 54 Charles
451 991 361 52 Hartshorne
859 990 111 51 and
1012 990 147 52 Paul
1200 988 200 54 Weiss.
1474 987 244 53 Volume
1759 1005 72 33 iv.
1877 986 120 52 The
177 985 1969 151 simplest

378 1067 410 53 mathematics.
868 1066 363 68 Cambridge,
1284 1066 275 52 Harvard
1611 1064 324 66 university
1988 1081 178 50 press,

176 1151 148 49 1933.

279 1253 7 16 X,
317 1221 80 39 601
429 1232 41 36 p.
527 1222 147 38 front,
707 1219 237 48 (facsim.)
983 1220 141 40 illus.,
1156 1218 176 47 diagrs.
1391 1218 54 39 23½
1479 1219 44 21 cm
1529 1250 7 7 .

174 1290 50 51 ©
259 1295 109 37 Dec.
400 1293 68 40 27.
501 1292 112 40 1933
633 1303 7 29 ;
675 1292 64 39 2c.
775 1292 108 38 Jan.
916 1291 38 46 6,
988 1290 140 41 1934;
1165 1290 79 40 aff.
1280 1289 108 39 Jan.
1422 1289 51 45 5;
1509 1289 40 37 A
1581 1288 143 39 67867
1743 1298 7 31 ;
1787 1287 256 39 President
2077 1284 94 41 and

243 1351 191 39 fellows
468 1350 51 38 of
553 1350 226 38 Harvard
818 1349 190 46 college,
1047 1347 300 47 Cambridge,
1385 1347 146 39 Mass.

174 1466 453 65 Pennsylvania.
703 1468 165 50 Latos
876 1508 11 25 ,
917 1472 257 60 statutes,
1203 1471 99 46 etc.

243 1544 281 54 Purclon’s
556 1543 424 68 Pennsylvania
1015 1547 256 52 statutes,
1307 1542 323 52 annotated.
1708 1543 347 51 Permanent
2089 1539 84 53 ed.

178 1625 130 50 1933
342 1624 343 54 cumulative
719 1624 209 50 annual
960 1621 205 67 pocket
1194 1626 160 62 parts
1385 1620 94 53 for
1510 1621 154 51 titles
1698 1618 151 68 1-77,
173 1617 1976 141 Constitution,

362 1697 1813 70 Tables [ and] General index … Philadelphia, George
177 1776 1972 149 T. Bisel co.; Newark, Soney & Sage co.; St. Paul, West publishing co. [ c 1933]
246 1932 56 40 39
332 1943 41 28 v.
433 1932 53 39 23½c
537 1934 27 19 m
571 1964 7 7 .

246 1990 154 38 These
430 1989 272 46 pamphlets
733 1998 85 29 are
847 1989 47 37 to
927 1988 54 37 be
1010 1986 138 40 fitted
1179 1985 101 40 into
1312 1987 81 38 the
1424 1987 196 46 pockets
1653 1987 50 37 at
1734 1985 121 39 back
1887 1985 51 39 of
1969 1985 81 39 the
175 1984 1983 101 volumes
335 2047 51 38 of
413 2047 81 38 the
522 2048 72 38 set
622 2047 48 37 to
699 2044 156 40 which
885 2045 114 46 they
1027 2044 181 46 belong.

178 2113 50 51 ©
261 2117 116 40 Nov.
411 2116 67 47 28,
513 2116 139 45 1933;
687 2116 65 39 2c.
788 2116 117 39 each
939 2117 94 38 and
1068 2115 79 39 aff.
1182 2116 109 38 Dec.
1327 2115 81 46 26;
1445 2115 39 38 A
1518 2115 169 47 67855;
1726 2115 184 45 George
1943 2116 51 38 T.
2030 2114 145 45 Bisel,

249 2174 154 46 Soney
432 2174 35 39 &
500 2174 123 47 Sage
652 2184 66 28 co.
750 2174 94 38 and
875 2173 134 39 West
1039 2173 109 47 pub.
1179 2184 66 29 co.

182 2292 167 65 Pope,
381 2292 252 64 Russell,
667 2294 170 49 1892-

246 2368 253 55 Selected
528 2370 189 67 lyrics,
743 2369 77 67 by
845 2369 224 53 Russell
1097 2370 171 66 Pope.
1346 2370 138 52 New
1515 2369 179 67 York,
1722 2370 258 64 London,
2011 2369 67 55 G.
2108 2371 64 52 P.

177 2447 294 55 Putnam’s
500 2467 144 46 sons,
674 2452 149 49 1933.

252 2519 54 40 64
335 2531 42 36 p.
438 2520 56 40 20½
527 2523 43 20 cm
577 2553 7 7 .

179 2587 50 51 ©
259 2592 112 39 Dec.
400 2591 68 46 15,
498 2591 139 42 1933;
669 2592 65 39 2c.
767 2592 107 39 Jan.
906 2592 38 46 2,
975 2591 140 47 1934;
1149 2591 81 41 aff.
1262 2592 109 39 Jan.
1403 2591 50 47 5;
1487 2591 40 38 A
1556 2591 170 46 67864;
1761 2590 53 41 G.
1846 2591 48 38 P.
1927 2588 251 41 Putnam’s

250 2658 123 30 sons.
447 2648 219 48 (34-672)

179 2758 291 67 Progress
494 2765 63 52 of
587 2766 255 58 nations;
874 2767 95 53 the
999 2772 158 62 story
1185 2766 64 54 of
1276 2768 96 51 the
1400 2768 180 51 world
1611 2768 110 51 and
1754 2766 63 55 of
1844 2768 76 51 its
1949 2766 229 69 peoples

250 2840 149 53 from
425 2842 95 53 the
547 2842 165 53 dawn
739 2843 63 51 of
827 2843 219 69 history
1075 2848 57 48 to
1157 2844 94 53 the
1278 2851 226 60 present
1531 2843 129 69 day,
1687 2842 320 53 chronicled
2038 2841 140 54 with

249 2919 94 52 the
382 2920 301 55 assistance
720 2921 63 51 of
817 2921 247 53 eminent
1098 2922 308 53 historians
1445 2922 150 51 from
1634 2920 232 69 leading
252 2920 1901 130 universities
394 2998 110 53 and
542 3000 237 67 colleges
815 3001 112 52 and
963 3000 299 67 published
1299 3000 59 51 in
1395 3000 94 54 the
1525 3000 260 54 interests
1823 3000 62 52 of
1920 3000 94 53 the
250 2999 1906 129 Disabled
440 3076 305 54 American
772 3082 255 50 veterans
1057 3078 63 53 of
1147 3079 94 53 the
1268 3080 178 51 world
1475 3097 116 33 war
1619 3080 112 52 and
1759 3078 63 53 of
1850 3100 31 33 a
1910 3077 270 70 patriotic

250 3153 1905 147 and intelligent Americanism … Chicago, Dept, of rehabilitation,
479 3233 270 52 Disabled
781 3232 303 55 American
1115 3240 256 48 veterans
1400 3235 63 52 of
1491 3236 95 53 the
1615 3236 180 53 world
1827 3256 116 34 war
1981 3270 12 33 [
1998 3243 18 20 c
2021 3238 153 64 1933]

251 3303 55 40 10
337 3315 41 29 v.
439 3304 161 41 fronts.
644 3304 64 48 (v.
743 3306 111 47 1-8;
888 3310 111 45 part
1031 3307 112 47 col.)
1182 3308 142 47 illus.,
1359 3310 156 46 plates
1544 3309 135 48 (part
1713 3310 111 47 col.)
1866 3313 147 46 ports,
2045 3311 134 47 (part

180 3361 112 46 col.)
331 3372 137 37 maps
510 3362 135 48 (part
676 3363 144 47 fold.)
861 3364 167 40 tables.
1089 3365 56 40 23
1148 3367 43 20 cm
1196 3397 7 8 .

251 3434 287 40 Illustrated
575 3434 362 49 lining-papers.

253 3491 233 40 Contains
521 3492 392 48 bibliographies.

184 3562 50 51 ©
261 3567 111 39 Dec.
401 3566 67 46 19,
495 3567 112 40 1933
628 3578 7 35 ;
664 3568 66 39 2c.
757 3569 120 38 each
904 3569 95 38 and
1026 3568 80 39 aff.
1136 3568 108 41 Jan.
1273 3569 39 47 2,
1341 3568 140 48 1934;
1511 3570 42 38 A
1580 3570 169 47 68762;
1781 3572 322 47 Department
2131 3570 52 40 of

251 3624 381 46 rehabilitation,
676 3624 232 41 Disabled
950 3625 255 41 American
1249 3629 226 38 veterans
1519 3628 51 39 of
1613 3629 80 39 the
1737 3630 152 38 world
1932 3639 115 29 war.
2129 3623 51 52 [©

254 3680 210 41 revision
498 3683 94 38 and
624 3690 105 34 new
763 3685 193 46 matter]
1030 3683 220 49 (34-777)

183 3793 221 54 Punch,
480 3816 50 34 v.
561 3802 116 63 185,
701 3818 88 34 no.
817 3803 153 65 4818,
997 3802 317 53 November
1342 3806 47 64 .1,
1418 3806 150 50 1933.

184 3879 1995 58 © 1c. Dec. 28, 1933 ; A ad int. 18543 ; pubd. Nov. 1; Herbert Heather,
249 3940 213 42 London.
