2350 4196
1142 4007 132 49 1314

219 376 255 67 Cannon,
508 382 136 51 Mrs.
681 381 266 54 Cornelia
979 381 258 64 (James)
1280 380 170 52 1876-

291 456 124 52 The
451 456 144 68 fight
638 457 94 53 for
769 458 94 53 the
904 458 232 68 pueblo;
1178 458 94 53 the
1311 463 156 60 story
1507 456 63 53 of
1609 456 231 54 Oñate’s
1880 457 326 67 expedition

221 535 111 52 and
379 535 98 52 the
523 534 288 70 founding
857 536 63 53 of
972 536 177 55 Santa
1198 536 94 51 Fe.
1388 536 323 51 1598-1609.
1804 536 89 66 By
1945 534 261 54 Cornelia

220 612 193 53 James
440 612 265 68 Cannon;
736 615 139 52 with
902 614 378 53 illustrations
1306 613 74 67 by
1407 613 230 52 Marian
1665 612 253 54 Cannon.
1995 614 214 50 Boston

223 692 108 51 and
365 692 137 52 New
535 691 179 67 York,
744 692 317 69 Houghton
1093 692 201 52 Mifflin
1329 709 296 49 company,
1659 694 148 48 1934.

293 764 26 40 5
343 775 44 37 p.
446 795 8 17 l.,
480 764 98 47 203,
609 764 54 49 [1]
692 775 43 37 p.
795 767 85 38 col.
908 767 160 44 front.,
1096 765 140 45 illus.,
1264 764 171 47 plates.
1495 764 53 38 21c
1569 767 26 19 m
1603 796 6 6 .

292 821 139 48 Maps
463 831 61 29 on
552 820 361 49 lining-papers.

227 888 51 51 ©
318 892 125 47 Sept.
541 923 7 14 18,
583 892 114 39 1934;
759 892 64 40 2c.
864 893 124 46 Sept.
1026 894 55 36 24;
1147 892 78 40 aff.
1266 891 124 46 Sept.
1427 891 54 37 22;
1547 891 39 38 A
1624 891 140 39 75475:
1830 891 49 39 C.
1916 891 42 40 J.
1997 891 210 44 Cannon,

295 948 299 48 Cambridge.
627 950 145 39 Mass.
844 949 276 47 (34-33130)

219 1051 220 66 Dodge,
469 1051 196 66 Louis,
696 1056 170 49 1870-

293 1125 1916 72 The American, by Louis Dodge. New York, J. Messner, inc.
229 1239 12 33 [
247 1212 17 21 c
269 1209 136 50 1934
408 1239 12 34 ]

298 1289 32 27 x
358 1289 57 37 p.,
447 1280 24 37 1
524 1311 7 7 l.,
576 1278 85 41 634
691 1289 43 37 p.
794 1278 54 38 21½
883 1281 42 21 cm
931 1311 8 8 .

229 1347 51 50 ©
312 1351 99 40 Oct.
444 1351 38 46 5,
513 1350 139 41 1934;
685 1350 65 40 2c.
784 1351 99 40 Oct.
915 1350 79 41 12;
1029 1350 80 40 aff.
1141 1350 99 39 Oct.
1273 1350 80 40 11;
1388 1351 39 36 A
1460 1349 166 41 75738;
1662 1349 168 39 .Julian
1861 1351 230 40 Messner,
2123 1351 89 38 inc.

309 1407 276 48 (34-33269)

219 1508 408 68 Dujonequoy,
660 1511 204 65 Marie,
900 1511 170 53 1877-

296 1584 1920 71 Définitions de la théorie musicale, par M. [ et] J. Dujonequoy
288 1664 1181 67 … Paris [etc.] H. Lemoine & c ie , c 1934.
297 1736 58 40 24
381 1748 42 37 p.
483 1737 56 41 23
544 1740 42 22 cm
592 1771 7 7 .

231 1792 1984 52 © Mar. l. 1934: 1c. Apr. 20: A-Foreign 24450; Henry Lemoine et cie.
309 1853 278 48 (34-34375)

233 1954 418 64 Encyclopedic
687 1957 182 67 digest
907 1956 61 51 of
1004 1957 231 51 Florida
1274 1961 238 62 reports,
1547 1956 169 67 being
1752 1975 28 32 a
1816 1957 272 66 complete
301 1973 1891 128 encyclopedia
665 2035 111 51 and
813 2034 182 68 digest

1033 2033 63 52 of
1133 2037 74 50 all
1242 2036 93 50 the
1373 2034 235 51 Florida
1646 2052 123 34 case
1802 2035 109 50 law
1947 2034 109 51 and
302 2033 1889 131 federal
460 2113 274 52 decisions
773 2113 249 66 relating
1060 2118 57 46 to
1158 2113 91 51 the
1291 2115 136 49 laws
1468 2112 63 52 of
1569 2113 97 51 the
1703 2117 162 61 state,
1905 2113 179 51 under
2121 2112 95 51 the

300 2190 266 52 editorial
593 2190 355 67 supervision
976 2191 63 50 of
1066 2194 69 47 A.
1165 2192 247 49 Hewson
1442 2191 207 52 Michie
1681 2191 110 51 and
1818 2192 205 52 Beirne
298 2189 1894 131 Stedman.

521 2268 239 51 Volume
800 2285 114 34 xiv.
997 2268 191 66 [Table
1227 2268 62 52 of
1327 2286 148 36 cases
1515 2269 275 67 digested]
302 2269 1891 133 Charlottesville.
488 2348 124 64 Va.,
650 2347 119 51 The

805 2345 210 52 Michie
1053 2364 303 48 company;
1397 2348 260 64 Atlanta,
1695 2346 122 67 Ga.,
1854 2348 120 50 The
300 2348 1891 128 Harrison
429 2441 278 50 company
816 2427 116 62 [c1934]

301 2498 95 45 xiv,
426 2497 87 39 476
538 2507 41 37 p.
640 2496 113 39 24cm.

236 2550 51 51 ©
319 2554 98 40 Oct.
448 2553 67 40 31.
544 2552 113 40 1934;
716 2553 65 40 2c.
813 2554 94 38 and
937 2552 80 39 aff.
1046 2553 117 39 Nov.
1193 2554 24 36 2;
1276 2556 40 36 A
1348 2555 139 39 76871;
1549 2554 176 40 Michie
1757 2565 65 28 co.
1853 2554 94 39 and
1978 2553 240 40 Harrison

303 2621 66 30 co.

229 2713 217 63 Evans,
476 2712 411 63 Wainwright.

363 2787 1858 69 … The Thunder Bird; the story of fire [by] Wainwright
233 2864 220 68 Evans;
500 2865 323 52 illustrated
980 2865 196 52 Frank
1216 2865 244 67 Dobias;
1506 2886 30 33 a
1580 2865 266 70 teaching
1888 2867 123 51 unit
2058 2864 160 54 book.

231 2941 139 53 New
400 2942 179 67 York,
607 2943 64 52 T.
701 2942 209 52 Nelson
942 2943 111 52 and
1081 2960 144 50 sons,
1254 2946 149 51 1934.

303 3015 84 39 viii
418 3025 57 38 p.,
506 3017 25 37 1
596 3046 6 11 l.,
633 3013 143 41 11-70
805 3024 42 37 p.
878 3015 108 39 incl.
1017 3015 159 40 front.,
1206 3016 125 39 illus.
1393 3015 84 50 19½
1481 3018 42 21 cm
1529 3048 8 7 .
1612 3015 124 47 (Our
1767 3016 238 47 changing
2036 3015 174 46 world)

306 3070 286 42 Illustrated
632 3070 357 48 lining-papers.

237 3126 51 51 ©
316 3133 117 45 Aug.
461 3130 68 41 30.
558 3129 111 41 1934:
728 3129 64 39 2c.
821 3129 92 39 and
944 3129 79 41 aff.
1057 3130 122 47 Sept.
1210 3129 53 39 29:
1321 3132 38 37 A
1390 3131 138 39 76212:
1587 3133 208 39 Thomas
1824 3132 179 39 Nelson
2030 3132 35 38 &
2094 3140 125 31 sons.

317 3187 277 46 (34-33283)

228 3288 240 65 France,
505 3290 269 63 Anatole,
814 3293 320 50 1844-1924.

305 3367 79 52 Le
420 3368 171 51 crime
628 3368 67 51 de
734 3367 286 67 Sylvestre
1059 3369 289 67 Bonnard,
1386 3372 244 51 membre
1670 3372 67 51 de
1775 3369 297 52 l’Institut,
2116 3385 103 48 par

233 3444 1986 143 Anatole France … with introduction, notes, exercises and vocabulary by C. H. C. Wright … and O. T. Robert … New
235 3599 179 65 York,
438 3600 74 52 H.
540 3600 146 52 Holt
710 3601 111 51 and
850 3617 276 50 company
1159 3636 11 31 [
1175 3609 16 20 c
1199 3607 147 63 1934]

309 3671 695 49 xiii, 343. cxxxii p. 17 ½c m .
309 3727 72 40 On
406 3738 140 30 cover:
603 3729 221 39 Revised.

307 3784 348 49 Bibliography:
714 3796 41 37 p.
784 3785 200 40 vii-xiii.

239 3837 51 51 ©
333 3842 125 46 Sept.
500 3844 68 44 17,
609 3841 113 41 1934;
791 3842 64 39 2c.
896 3844 92 38 and
1032 3844 79 38 aff.
1155 3844 100 41 Oct.
1296 3845 26 39 9;
1391 3848 38 36 A
1475 3845 138 39 75694;
1688 3845 199 40 Charles
1929 3844 59 38 H.
2032 3843 189 38 Conrad

307 3898 201 48 Wright.
548 3898 296 48 Cambridge,
882 3900 144 38 Mass.
1099 3900 250 46 (34-33255
1369 3914 5 28 )
