2350 4196
1113 4008 97 50 103

140 366 369 61 Latourette,
537 361 278 54 Kenneth
846 361 184 63 Scott,
1063 361 169 51 1884-

213 441 119 54 The
374 439 256 68 Chinese,
669 437 150 54 their
860 436 219 68 history
1124 434 110 54 and
1277 437 236 66 culture,
1554 433 72 69 by
1669 433 266 53 Kenneth
1979 432 160 54 Scott

142 511 1831 72 Latourette … New York, The Macmillan company, 1934.
209 591 26 39 2
265 602 42 30 y.
366 600 137 37 maps
531 589 48 47 (1
609 588 144 47 fold.)
819 587 56 39 22
878 590 43 20 cm
928 620 8 8 .

210 647 347 48 Bibliography
585 649 51 37 at
664 646 92 39 end
783 645 51 39 of
859 646 118 38 each
1005 642 199 49 chapter
1231 647 168 44 except
1427 645 82 38 the
1535 645 112 39 last.

144 719 50 52 ©
226 724 108 38 Jan.
364 721 68 47 30,
464 721 113 39 1034;
636 720 65 39 2c.
733 720 117 38 each
881 719 94 39 and
1007 717 78 40 aff.
1120 718 106 38 Jan.
1259 718 81 45 31;
1374 717 40 38 A
1445 716 169 47 69251;
1650 717 280 40 Macmillan
1963 727 64 29 co.

221 779 249 49 (34-2155)

142 881 322 64 Laverack,
494 881 157 52 Belle
683 878 306 65 Radcliffe,
1024 876 170 55 1872-

210 957 122 53 The
359 956 139 53 bells
528 955 64 54 of
619 956 96 52 the
744 956 312 67 Madonna,
1084 955 74 68 by
1188 954 158 53 Belle
1379 955 67 53 R.
1477 954 322 69 Laverack;
1832 955 313 54 incidental

140 1035 178 53 music
352 1034 92 53 for
479 1034 155 69 bells,
662 1034 134 67 pipe
829 1034 112 52 and
974 1051 159 50 song,
1164 1032 73 70 by
1271 1033 170 68 Mary
1476 1031 135 56 Gail
1646 1031 193 57 Clark.
1910 1035 236 65 Boston,

143 1112 122 54 The
292 1114 226 51 Beacon
546 1130 176 50 press,
750 1112 127 68 inc.,
909 1114 150 50 1933.

141 1186 1988 108 4 p. l., 55 p. illus., diagrs. 24½ cm . [The Beacon press dramatic series. 1]
212 1303 196 38 Drama.

212 1360 224 38 Includes
467 1357 165 42 music.

149 1412 50 51 ©
232 1417 111 38 Dec.
375 1416 69 41 30.
478 1415 139 46 1933;
653 1415 65 38 2c.
754 1415 106 37 Jan.
895 1414 38 46 3,
967 1413 141 41 1934;
1145 1411 80 42 aff.
1260 1414 108 39 Jan.
1402 1414 53 45 4;
1491 1414 41 38 A
1626 1414 85 39 68739;
1773 1415 189 38 Beacon
1998 1423 148 38 press,

212 1472 90 40 inc.
373 1472 249 48 (34-2177)

147 1575 339 64 McCreary,
514 1574 234 55 Tressie
777 1576 173 54 Fern.

217 1650 170 54 Bob’s
411 1652 98 52 red
533 1651 165 54 letter
723 1652 158 68 days,
902 1652 74 68 by
1002 1653 219 52 Tressie
1246 1653 150 52 Fern
1422 1653 332 69 McCreary.
1831 1653 319 68 Anderson,

148 1730 148 67 Ind.,
322 1730 119 53 The
472 1731 242 53 Warner
743 1749 156 49 press
933 1764 12 34 [
952 1738 16 20 c
974 1734 153 65 1934]

217 1802 84 41 134
321 1814 43 38 p.
426 1803 127 41 illus.
614 1803 55 40 19
673 1806 14 21 cm
720 1836 9 9 .

152 1858 50 51 ©
238 1863 107 37 Feb.
382 1864 38 45 1,
456 1862 140 41 1934;
633 1862 65 39 2c.
735 1862 110 40 Feb.
881 1863 51 45 5;
971 1873 25 29 a
1002 1860 50 44 if.
1089 1863 108 39 Feb.
1235 1864 49 46 7;
1322 1864 39 39 A
1399 1864 168 46 70155;
1608 1866 174 46 Gospel
1820 1869 211 44 trumpet
2068 1877 81 34 co.,

216 1919 264 40 Anderson.
517 1919 101 38 Ind.
695 1919 250 47 (34-2148)

149 2023 183 64 Mace,
361 2020 254 56 William
646 2023 311 65 Harrison,
990 2028 172 49 1852-

221 2098 1870 73 Mace-Petrie elementary history, by William H. Mace …
153 2176 1997 76 and George Petrie … illustrated by Homer W. Colby and B. F.
152 2255 388 67 Williamson;
577 2258 274 65 portraits
883 2258 73 68 by
992 2258 240 66 Jacques
1293 2257 175 54 Reich
1505 2262 111 52 and
1650 2262 62 52 P.
1750 2262 66 51 R.
1853 2263 296 55 Audibert.

155 2333 1904 68 New York, Chicago [etc.] Rand, McNally & company [ c 1933]
221 2405 63 48 ix,
317 2406 86 40 394
435 2417 42 37 p.
538 2406 128 41 illus.
727 2407 56 40 20½cm.

225 2464 295 47 “Suggested
551 2465 253 47 readings”
835 2468 51 37 at
916 2467 81 39 the
1026 2469 92 38 end
1148 2468 50 38 of
1228 2471 117 37 each
1378 2472 213 45 chapter.

156 2521 50 51 ©
235 2527 109 38 Dec.
373 2526 68 44 27,
469 2523 140 43 1933;
639 2526 64 38 2c.
736 2527 106 37 Jan.
872 2526 68 41 25.
969 2526 140 47 1934;
1141 2528 80 39 aff.
1252 2529 109 40 Feb.
1392 2532 25 36 8;
1475 2531 39 38 A
1543 2531 169 48 69367;
1747 2534 152 47 Rand,
1932 2535 223 45 McNally

222 2582 35 40 &
287 2594 67 29 co.
420 2579 66 53 [©
518 2593 104 29 new
654 2585 193 46 matter]
922 2584 250 48 (34-2245)

156 2686 360 64 McMurray,
543 2689 139 51 Mrs.
710 2687 174 63 Mary
911 2688 44 55 I.

286 2761 1868 77 … Legendra, by Mary I. McMurray. Boston, The Stratford
156 2857 278 51 company
473 2872 13 35 [
491 2844 17 22 c
514 2842 152 65 1934]

223 2915 55 39 27
308 2925 42 37 p.
408 2915 54 39 25
466 2917 43 20 cm
515 2945 6 7 .
593 2915 125 48 (The
750 2915 251 41 Stratford
1030 2918 160 47 poets)

225 2970 72 41 On
327 2981 166 30 cover:
527 2972 101 39 The
661 2971 249 42 Stratford
944 2974 231 41 booklets.

161 3023 50 51 ©
238 3029 108 38 Jan.
373 3029 68 45 22,
469 3029 113 38 1934;
637 3029 65 39 2c.
731 3029 108 40 Jan.
867 3030 81 44 24;
979 3030 81 41 aff.
1088 3032 108 39 Jan.
1224 3033 81 42 30;
1335 3034 41 39 A
1402 3035 170 42 70065;
1607 3037 250 40 Stratford
1886 3050 80 32 co.,
1996 3040 160 46 pubrs.

236 3084 250 49 (34-2176)

161 3186 202 66 Malot,
389 3188 221 54 Hector
639 3189 205 66 Henri,
875 3192 323 55 1830-1907.

230 3263 254 69 Perrine,
511 3264 223 68 d’après
761 3267 92 52 En
879 3266 240 72 famille,
1148 3288 103 49 par
1279 3271 217 54 Hector
1523 3275 212 67 Malot;
1768 3277 248 69 adapted
2046 3280 112 53 and

162 3340 1998 86 edited by Louise C. Seibert … Chicago, Ill., The University
162 3418 64 52 of
255 3418 252 70 Chicago
536 3438 157 49 press
728 3424 192 66 [c1934]

232 3494 63 47 ix,
325 3495 84 38 222
439 3506 40 36 p.
540 3496 126 38 illus.
724 3496 59 40 20
782 3499 44 20 cm
833 3529 8 8 .
911 3498 298 48 (Half-title:
1238 3500 211 50 Chicago
1480 3504 186 42 French
1700 3507 175 49 series)

168 3546 49 51 ©
250 3551 107 40 Jan.
389 3552 68 46 23,
490 3552 139 44 1934;
664 3553 66 40 2c.
763 3555 94 37 and
890 3554 79 39 aff.
1004 3556 106 38 Jan.
1145 3556 81 43 25;
1260 3558 40 38 A
1332 3559 147 40 68999;
1538 3562 282 49 University
1854 3565 51 38 of
1938 3565 221 47 Chicago.

233 3607 222 45 Chicago.
522 3605 66 52 [©
632 3610 195 46 preface.
885 3614 233 40 contents,
1162 3617 149 40 notes,
1356 3619 253 41 exercises,
1655 3623 308 38 vocabulaire]

244 3665 248 46 (34-2182)

168 3763 197 67 Mann,
393 3768 252 53 Edward
674 3768 269 66 Beverly,
974 3775 168 50 1902-

241 3841 322 70 Stampede,
598 3844 73 68 by
707 3843 68 54 E.
813 3845 66 52 B.
918 3846 194 54 Mann.
1186 3849 136 55 New
1361 3853 176 68 York,
1574 3856 86 52 W.
1700 3857 246 54 Morrow
1984 3863 44 50 &
2067 3881 60 33 co

173 3920 148 55 1934.
