2350 4196
1057 3989 132 56 1765

221 446 1926 54 5 p. l., 3-110 p. 21cm. (The Appleton-Century historical essays, W. K.
157 504 299 47 Lingelbach.
490 504 181 49 editor)

222 559 154 42 Three
412 570 173 39 papers
622 563 284 48 appraising
945 564 46 39 F.
1027 563 41 40 J.
1105 563 227 40 Turner’s
1368 564 250 39 historical
1657 565 166 44 theory
1864 565 190 39 relative
2103 568 45 35 to

153 617 78 40 the
273 617 235 41 influence
550 619 51 38 of
640 619 80 40 the
762 620 210 39 frontier
1013 631 58 29 on
1113 620 253 39 American
1410 620 199 46 history,
1656 621 110 37 road
1811 628 43 32 at
1903 631 21 28 a
1968 622 176 46 special

151 673 181 40 session
369 674 50 40 of
453 675 79 39 the
567 674 112 40 1933
713 676 182 39 annual
931 675 208 49 meeting
1171 675 49 40 of
1254 677 79 39 the
1368 676 253 40 American
1656 677 250 39 historical
150 679 1978 91 association.
325 732 60 45 cf.

422 730 240 41 “Editor's
697 732 358 48 explanation.”

223 785 344 50 Bibliography
594 791 51 36 at
672 789 89 39 end
792 788 50 40 of
869 790 115 38 each
1015 789 51 39 of
1093 790 79 38 the
1199 799 186 37 papers.

493 844 1659 47 CONTENTS — Editor's explanation. — Political institutions and the
148 901 222 40 frontier,
406 902 58 46 by
498 903 50 38 B.
583 902 47 38 F.
668 901 367 46 Wright.—The
1066 902 212 39 advance
1311 902 50 39 of
1395 903 296 38 civilization
1724 904 100 38 into
1860 904 78 39 the
1973 905 178 38 middle

151 960 117 37 west
304 959 48 37 in
389 960 79 37 the
506 960 163 45 period
708 960 50 37 of
794 961 290 38 settlement,
1124 960 56 45 by
1220 961 156 44 Avery
1414 960 365 39 Craven.—The
1818 962 332 46 development

148 1015 51 38 of
228 1015 297 39 civilization
556 1017 47 36 in
633 1017 79 38 the
743 1017 176 38 middle
952 1019 130 38 west.
1115 1015 272 41 1860-1900.
1419 1018 59 46 by
1508 1018 40 37 J.
1580 1018 53 37 D.
1667 1017 482 46 Hicks.—Remarks,

149 1072 59 46 by
237 1073 59 38 M.
327 1072 46 38 L.
406 1072 213 40 Hansen.

151 1124 51 52 ©
238 1130 108 38 Dec.
381 1129 68 42 20.
485 1128 138 42 1934:
660 1130 64 38 2c.
760 1132 108 37 Dec.
905 1131 80 39 24:
1024 1129 78 39 aff.
1141 1131 106 38 Dec.
1283 1131 80 41 26;
1400 1132 38 37 A
1475 1129 167 43 78699:
1681 1132 54 38 D.
222 1132 1908 101 Appleton-Century

360 1197 64 28 co.,
472 1188 87 38 inc.
633 1187 220 43 (35-644)

150 1290 346 65 Francillon,
529 1291 275 57 Clarisse.

276 1368 1443 69 … Chronique locale. Paris, Gallimard [1934]
217 1440 775 50 2 p. l., [7]-351 p., 1 l. 18½cm.
151 1493 1912 52 © Oct. 1, 1934: 1c. Nov. 28: A-Foreign 26293: Librairie Gallimard.
227 1554 221 49 (35-589)

148 1658 245 56 Francis
479 1660 212 68 d'Assisi,
720 1664 223 50 mother
947 1705 10 25 ,
993 1667 165 50 1881—

219 1738 160 55 Sant’
414 1740 224 65 Angela
672 1742 62 50 of
766 1741 95 52 the
894 1741 316 65 Ursulines,
1245 1743 70 63 by
1349 1742 228 52 Mother
1612 1743 238 51 Francis
1885 1742 259 65 d’Assisi,

184 1861 8 8 O.
266 1860 7 9 S.
361 1860 8 8 U.;
440 1817 95 52 the
574 1825 157 59 story
770 1819 63 50 of
873 1819 222 65 Angela
1133 1818 219 64 Merici,
1392 1819 302 52 foundress
1732 1820 63 52 of
1831 1821 94 50 the

147 1821 1970 139 Ursulines,
346 1894 120 53 who
503 1914 112 33 was
652 1896 140 51 born
827 1897 58 50 in
920 1896 97 52 the
1050 1915 133 47 year
1217 1896 63 52 of
1316 1896 122 54 Our
1471 1896 174 65 Lord,
1682 1899 150 61 1474,
1867 1897 110 53 and
2011 1898 128 51 died

147 1973 56 51 in
235 1973 93 52 the
360 1974 138 51 odor
529 1973 63 52 of
619 1974 265 65 sanctity,
917 1976 150 49 1540.
1133 1973 359 65 Milwaukee,
1522 1974 121 52 The
1673 1975 184 50 Bruce
147 1975 1967 141 publishing

281 2069 278 47 company
619 2053 175 63 [c1934]

219 2126 60 43 ix,
310 2124 82 39 174
422 2134 42 37 p.
521 2124 163 46 front.,
714 2124 170 46 plates.
941 2123 144 40 19½cm.

218 2180 375 48 Bibliography:
626 2191 41 37 p.
700 2181 96 39 174.

150 2233 53 51 ©
236 2238 113 38 Nov.
385 2238 69 41 28.
489 2235 138 42 1934:
662 2239 63 36 2c.
763 2237 92 38 and
891 2237 78 38 aff.
1006 2238 108 37 Dec.
1150 2239 78 38 17:
1265 2238 39 37 A
1339 2237 167 41 77673:
1545 2238 156 38 Bruce
1736 2238 106 46 pub.
1879 2247 64 29 co.

225 2293 220 47 (35-399)

147 2400 209 65 Fuller,
387 2401 232 52 Arthur
649 2399 301 65 Franklin,
982 2405 170 50 1880-

213 2479 122 51 The
380 2478 279 66 laughing
703 2477 352 66 Chinaman;
1101 2478 330 66 good-sense
1478 2480 109 50 and
1633 2497 295 33 non-sense
1975 2480 171 51 about

145 2555 1954 66 the sense of humor and the sense of honor. Vol. III, part II
144 2634 62 51 of
240 2634 94 52 the
371 2634 252 52 Harvest
655 2633 62 51 of
751 2633 324 65 happiness.
1145 2634 89 64 By
1270 2633 223 51 Arthur
1528 2633 282 51 Franklin
1848 2633 197 52 Fuller
2084 2679 6 6 .…

148 2710 105 53 Los
289 2711 266 67 Angeles,
591 2710 195 66 Calif.,
821 2710 69 51 A.
927 2710 65 52 F.
1029 2710 196 51 Fuller
1283 2712 175 63 [c1934]

212 2783 55 39 43
301 2796 27 36 p
406 2783 53 39 18cm.

149 2837 49 50 ©
231 2842 109 38 Dec.
371 2841 37 40 6,
440 2840 138 39 1934:
611 2842 63 34 2c.
708 2840 89 37 and
831 2837 77 40 aff.
941 2838 107 38 Dec.
1083 2839 44 36 11:
1194 2839 38 37 A
1265 2838 168 41 78481:
1464 2840 52 37 A.
1550 2839 48 38 F.
1634 2839 175 39 Fuller.

225 2898 219 47 (35-313)

146 2987 651 65 Garrigou-Lagrange,
831 2985 340 67 Reginalds,
1205 2988 170 54 1877-

214 3068 145 64 God,
392 3067 108 50 His
532 3066 277 50 existence
841 3064 108 51 and
985 3064 110 51 His
1125 3070 229 59 nature;
1390 3085 29 32 a
1452 3065 316 52 Thomistic
1798 3068 244 50 solution
2078 3068 62 49 of

141 3142 1974 146 certain agnostic antinomies, by the Rev. R. Garrigou-Lagrange …
503 3219 315 53 translated
860 3218 151 51 from
1052 3218 93 51 the
1185 3217 134 53 fifth
1361 3220 220 50 French
1623 3220 214 51 edition
1878 3220 72 66 by
1993 3222 144 50 Dorn

147 3294 1723 59 Bede Rose … Volume I. St. Louis, Mo. and London,
1901 3301 63 49 B.
140 3301 1978 129 Herder
266 3377 146 52 book
440 3395 96 38 co.,
568 3378 148 49 1934.

279 3484 7 13 xv,
316 3451 84 39 392
429 3460 40 37 p.
531 3448 115 39 21cm.

146 3505 51 52 ©
229 3511 109 37 Dec.
368 3509 38 40 3.
436 3507 138 40 1934:
605 3508 64 36 2c.
702 3507 93 37 and
826 3505 78 39 aff.
938 3506 107 37 Dec.
1075 3505 51 39 6:
1158 3506 37 37 A
1256 3505 139 40 78448:
1430 3506 50 38 B.
1514 3506 188 38 Herder
1732 3508 118 36 book
1883 3518 51 27 co

223 3565 220 48 (35-396)

144 3657 237 63 Gibson,
414 3656 226 61 George
667 3652 309 63 Rutledge,
1010 3657 132 48 1810
1176 3653 337 65 (ca.)-1885.

219 3733 236 53 Journal
505 3730 62 51 of
612 3749 28 32 a
687 3728 206 54 soldier
940 3727 175 51 under
1159 3728 232 63 Kearny
1440 3731 105 50 and
1597 3729 327 67 Doniphan,
1973 3736 166 47 1849-

156 3812 144 63 1847,
332 3809 74 65 by
442 3806 220 66 George
696 3804 281 66 Rutledge
1014 3802 230 60 Gibson,
1280 3804 187 53 edited
1503 3805 73 69 by
1611 3807 188 67 Ralph
1839 3809 60 51 P.
1945 3810 193 52 Bieber

206 3881 1824 69 … Glendale, Calif., The Arthur H. Clark company. 1935.
