2350 4196
1106 4005 130 59 14-1

203 389 272 66 Klapper,
510 392 161 63 Paul,
710 394 169 49 1885-

273 467 1913 68 The teaching of arithmetic, Paul Klapper … New
209 545 171 65 York,
421 545 257 66 London,
720 547 69 50 D.
834 545 574 68 Appleton-Century
1452 562 295 49 company,
1789 546 397 66 incorporated

207 656 11 33 [
225 629 16 20 c
248 625 149 63 1934]

272 695 101 46 xiii,
419 695 83 39 525
546 707 39 35 p.
660 696 140 40 illus..
846 697 174 46 diagrs.
1095 695 54 40 20½
1182 698 42 20 cm
1231 728 7 8 .
1322 694 297 49 (Half-title:
1662 695 238 47 Appleton
1945 695 149 40 series
2140 697 48 38 in

203 753 177 46 special
414 753 233 44 methods,
682 754 69 38 ed.
787 754 58 45 by
880 754 118 38 Paul
1035 754 212 46 Klapper
1282 753 93 38 and
1409 752 203 47 Raleigh
1649 751 277 47 Schorling)

273 809 71 40 On
372 819 138 29 cover:
571 809 178 40 Second
781 810 192 39 edition.

272 866 96 39 Not
401 876 23 28 a
465 865 208 40 revision
710 867 50 38 of
796 876 60 29 an
893 866 175 39 earlier
1103 866 119 38 book
1259 866 48 38 of
1346 866 78 39 the
1462 875 131 30 same
1630 865 106 41 title
1772 865 83 39 but
1892 876 25 28 a
1955 866 232 46 complete

204 922 409 39 reconsideration
640 922 50 39 of
715 922 64 39 its
807 922 199 46 subject,
1065 923 58 46 cf.
1153 922 125 39 Pref.

274 979 64 38 “A
365 980 221 41 selected,
613 978 251 42 classified,
891 980 92 38 and
1013 980 261 38 annotated
1301 977 363 48 bibliography":
1722 988 39 36 p.
1788 977 215 41 481-492.

205 1032 1981 50 © Oct. 3, 1934: 2c. and aff. Oct. 6: A 75898: D. Appleton-Century co.,
270 1092 89 40 inc.
431 1092 277 47 (34-36241)

204 1180 197 65 Lloyd,
428 1181 246 65 Wildon,
708 1185 170 50 1901-

331 1258 1854 67 … The European war debts and their settlement; foreword
199 1335 1963 131 by Herbert Wright … New York, Committee for the consideration
445 1413 63 52 of
533 1414 603 65 inter-governmental
1164 1413 156 52 debts
1355 1445 11 33 [
1373 1418 16 20 c
1394 1415 135 49 1934]

270 1485 68 38 xii
365 1496 55 36 p..
451 1487 19 36 1
536 1516 7 8 l..
572 1485 67 40 88.
685 1484 39 50 [2]
751 1496 42 37 p.
850 1486 153 39 tables
1033 1485 133 47 (part
1191 1484 141 44 fold.)
1398 1483 53 40 23
1458 1487 40 20 cm
1505 1517 6 7 .

270 1542 98 40 The
396 1542 161 39 folded
586 1541 154 40 tables
765 1551 84 30 are
875 1542 228 39 mounted
1130 1552 56 28 on
1214 1552 41 36 p.
1288 1540 53 49 [3]
1372 1541 49 39 of
1447 1551 152 29 cover.

272 1597 157 39 Blank
456 1607 144 39 pages
632 1597 76 40 for
739 1596 341 40 “Memoranda”
1151 1596 79 49 ([2]
1262 1599 51 37 at
1343 1597 114 43 end)

203 1652 1980 50 © Oct. l. 1934: 2c·. and aff. Oct. 11: A 75727: W. Lloyd. Washington.
280 1711 277 48 (34-36267)

199 1801 174 63 Losh,
405 1801 180 51 Hazel
615 1799 205 64 Marie,
854 1801 170 50 1898-

270 1880 53 50 A
357 1878 326 64 laboratory
716 1880 230 49 manual
980 1876 62 51 of
1076 1882 338 61 astronomy,
1449 1876 74 66 by
1558 1876 182 52 Hazel
1773 1878 79 50 M.
1887 1878 150 51 Losh
2073 1879 107 51 and
199 1956 210 52 Robert

441 1954 1605 67 M’. Petrie … Ann Arbor, Mich., G. Wahr [ c 1934]
271 2029 68 39 41.
372 2047 82 29 [10]
486 2038 39 36 p.
558 2028 106 38 incl.
693 2027 178 46 charts,
901 2027 177 45 diagrs.
1137 2025 55 39 27½
1225 2028 43 19 cm
1275 2059 6 5 .

272 2084 301 46 Descriptive
600 2086 103 36 text
729 2094 58 28 on
815 2084 80 38 the
920 2092 120 36 page
1065 2082 254 47 preceding
1343 2084 117 37 each
1488 2084 151 37 chart.

202 2139 1785 51 © Sept. 20. 1934: 2c. and aff. Sept. 27: A 75537: George Wahr.
280 2198 276 42 (34-36392)

200 2286 1984 68 Ohio jurisprudence … a complete statement of the law and
268 2367 245 65 practice
547 2365 62 51 of
640 2365 93 50 the
766 2370 143 46 state
942 2364 62 52 of
1038 2363 165 54 Ohio,
1238 2364 137 51 with
1408 2364 195 52 forms.
1682 2365 207 52 Editor
1920 2368 63 50 in
2014 2364 169 67 chief,

264 2443 191 54 Willis
477 2443 69 51 A.
571 2442 256 55 Estrich;
863 2442 320 67 consulting
1213 2443 201 53 editor,
1443 2442 259 54 William
1723 2443 78 51 M.
1825 2443 355 66 McKinney;

266 2520 312 67 managing
621 2520 200 51 editor.
866 2520 220 66 George
1132 2518 53 54 S.
1231 2520 223 54 Gulick.
1529 2540 50 32 v.
1627 2524 80 48 36.
1757 2521 269 66 Sanitary
267 2521 1892 131 districts
465 2604 57 45 to
564 2597 223 67 Special

827 2596 261 53 verdicts.
1163 2599 320 54 Rochester,
1522 2600 67 49 N.
1632 2600 88 54 Y..
1759 2600 120 50 The
1917 2600 265 65 Lawyers
267 2675 379 67 co-operative
675 2674 333 67 publishing
1038 2693 293 49 company,
1363 2679 148 49 1934.

286 2761 42 27 ix.
361 2748 111 38 1252
502 2760 40 35 p.
599 2749 147 38 front,
777 2747 170 47 (port.)
1014 2747 54 39 25
1072 2750 15 20 cm
1120 2778 6 6 .

201 2801 50 49 ©
283 2807 115 36 Nov.
433 2805 67 40 20.
534 2804 137 39 1934:
707 2806 63 37 2c.
804 2805 115 38 Nov.
952 2803 80 41 23:
1069 2804 77 38 aff.
1177 2805 117 41 Nov.
1326 2807 80 38 22:
1442 2807 39 37 A
1516 2806 166 40 77340:

1718 2807 228 45 Lawyers
268 2816 1896 85 co-operative
426 2862 106 46 pub.
563 2871 65 29 co.

195 2936 252 62 Popular
478 2936 225 53 science
734 2936 288 62 monthly.

266 3011 152 51 Auto
445 3010 195 64 kinks;
670 3011 193 67 handy
888 3012 228 49 manual
1144 3011 62 52 of
1231 3012 158 52 short
1416 3017 120 48 cuts
1565 3014 109 51 and
1704 3014 296 67 ingenious
2031 3030 150 50 ways

196 3088 62 50 of
300 3087 244 68 keeping
589 3106 29 33 a
666 3093 184 46 motor
895 3106 93 33 car
1033 3089 57 49 in
1137 3088 288 53 condition
1473 3091 111 52 and
1633 3091 174 68 doing
1855 3107 323 50 emergency

199 3164 185 66 repair
410 3165 138 66 jobs.
613 3165 289 66 Prepared
931 3165 71 63 by
1027 3165 93 51 the
1148 3166 261 52 editorial
1439 3167 132 53 staff
1600 3167 63 54 of
1690 3168 255 67 Popular
1972 3168 211 52 science

196 3241 272 68 monthly.
551 3242 136 50 New
732 3241 178 66 York,
951 3242 253 66 Popular
1250 3244 209 52 science
1507 3245 332 69 publishing
1885 3262 296 51 company,

198 3318 102 51 inc.
336 3350 11 33 [
353 3325 17 20 c
376 3321 150 63 1934]

270 3389 82 40 192
377 3400 42 37 p.
476 3391 125 38 illus.
657 3390 54 39 19½
744 3392 44 21 cm
793 3423 6 6 .
868 3390 91 41 (On
991 3402 153 29 cove)·:
1172 3392 331 46 Handyman's
1533 3397 194 38 modern
1757 3394 246 46 manuals)

200 3445 50 50 ©
279 3452 125 43 Sept.,
490 3480 6 7 18.
524 3449 138 39 1934.
691 3450 64 38 2c.
783 3451 92 36 and
901 3450 80 37 aff.
1010 3450 98 39 Oct.
1137 3449 79 40 19:
1245 3453 40 37 A
1312 3452 168 39 76642:
1512 3454 210 47 Popular
1751 3454 184 39 science
1962 3454 107 46 pub.
2099 3463 79 33 co.,

268 3506 88 36 inc.
428 3504 275 39 (34-36429)

266 3576 183 52 Radio
485 3577 410 66 experimenter
929 3578 109 51 and
1070 3578 249 67 builder;
1356 3582 136 68 long
1527 3583 109 52 and
1673 3584 158 52 short
1864 3600 155 34 wave
196 3598 1960 106 construction
504 3655 106 49 and
649 3655 216 65 repairs
897 3654 92 52 for
1022 3657 332 67 everybody.
1424 3660 178 67 Tests,
1632 3660 185 67 kinks,
1851 3661 155 52 short
2042 3662 138 60 cuts,

199 3732 265 61 practical
497 3731 150 50 hints
678 3731 89 50 for
794 3731 285 67 beginner,
1107 3734 358 69 serviceman,
1492 3737 489 52 trouble-shooter.
199 3737 1956 134 Prepared
400 3807 73 66 by
502 3808 92 50 the
627 3808 260 51 editorial
920 3808 132 53 staff
1082 3809 64 52 of
1175 3811 253 66 Popular
1459 3813 211 53 science
1699 3814 275 67 monthly.
2041 3813 138 52 New

199 3884 174 51 York.
407 3885 253 65 Popular
692 3885 209 52 science
938 3886 328 70 publishing
1300 3907 294 51 company,
1629 3891 105 53 inc.
1776 3925 13 31 [
1793 3897 18 22 c
1817 3894 134 50 1934
1956 3925 10 33 ]
