2350 4196
1101 3993 135 54 1717

244 445 1927 71 George McCarty … [and] Karl E. Mundt … Negative: Roy
244 523 1926 70 C. Brown … [and] H. L. Ewbank … Chairman, T. M.
245 602 1904 131 Beaird … Broadcast … November 14, 1934 … over a nationwide network
716 681 63 54 of
816 683 93 52 the
948 682 272 53 National
1257 681 406 69 broadcasting
1699 700 279 50 company
2020 680 149 51 from

246 757 1927 71 Chicago … Program arranged by the Committee on debate
245 837 289 52 materials
562 839 111 50 and
699 840 297 50 interstate
1019 838 388 66 co-operation
1434 838 64 51 of
1524 838 95 52 the
1646 838 274 52 National
243 838 1905 143 university
380 915 293 52 extension
698 916 355 52 association.

1117 916 272 66 Norman,
1417 914 186 68 Okla.,
1628 916 141 52 Pub.
1798 917 56 51 in
243 932 1905 111 co-operation
398 992 137 52 with
571 993 94 52 the
699 993 272 52 National
1006 992 317 69 university
1358 993 292 53 extension
1687 994 336 53 association

243 993 1904 147 Debate committee by University of Oklahoma press [ c 1934]
245 1158 17 37 1
295 1167 42 36 p.
386 1190 7 6 l.,
435 1156 56 39 30
519 1167 41 36 p.
626 1157 126 40 illus.
782 1158 197 48 (ports.)
1048 1157 55 41 23
1107 1159 44 21 cm
1156 1191 7 7 .

176 1226 50 51 ©
257 1230 115 38 Nov.
403 1229 68 41 20.
503 1230 138 40 1934;
674 1232 64 37 2c.
771 1232 94 37 and
896 1229 79 40 aff.
1010 1232 107 37 Dec.
1147 1231 51 40 3;
1233 1232 39 36 A
1302 1230 172 42 77456:
1509 1232 281 39 University
1823 1233 49 37 of
1904 1231 266 40 Oklahoma

241 1298 146 36 press.
461 1287 279 46 (34-42853)

174 1391 83 51 De
285 1391 83 52 La
397 1392 214 61 Roche,
640 1393 184 63 Mazo,
856 1396 170 49 1885-

247 1483 199 50 Beside
480 1501 25 31 a
543 1481 255 52 Norman
830 1487 191 61 tower,
1053 1483 72 66 by
1159 1482 164 51 Mazo
1357 1484 83 50 De
1473 1484 81 49 La
1590 1482 217 66 Roche;
1844 1482 135 52 with
174 1484 1974 128 illustrations

451 1560 73 66 by
561 1560 69 54 A.
668 1561 75 51 H.
780 1561 255 53 Watson.
1113 1561 232 56 Boston,
1379 1561 196 59 Little,
1611 1563 229 63 Brown,
1879 1563 109 50 and
176 1579 1968 126 company,
379 1641 148 49 1934.

244 1725 62 47 xi,
340 1725 83 39 247
457 1737 39 35 p.
529 1725 108 39 incl.
670 1725 162 44 front.,
865 1726 127 39 illus.
1052 1724 145 42 21½cm.

245 1796 39 38 A
315 1798 134 44 story
482 1796 51 39 of
564 1796 271 41 childhood.

176 1861 50 52 ©
253 1867 108 38 Dec.
387 1867 39 42 3,
450 1865 115 40 1934;
619 1867 63 38 2c.
710 1868 93 38 and
831 1866 79 40 aff.
938 1868 109 38 Dec.
1072 1869 26 36 4;
1155 1868 37 38 A
1219 1868 142 39 78417:
1417 1868 162 44 Little,
1601 1869 189 42 Brown,
1811 1869 95 39 and
1925 1878 247 38 company.

252 1923 279 46 (34-42819)

176 2029 290 63 Dyvorne,
497 2029 163 55 Paul.

240 2122 225 51 Devant
501 2120 302 54 Cordouan:
865 2122 204 66 Royan
1101 2126 55 48 et
1184 2122 54 51 la
1270 2122 301 66 presqu’île
1605 2122 289 66 d’Arvert,
1928 2123 66 51 de
2028 2123 144 50 Paul

172 2188 286 76 Dyvorle.
546 2198 242 53 Préface
837 2200 68 51 de
957 2199 199 53 Victor
1206 2200 254 51 Billaud.
1550 2200 321 55 Bordeaux,
1923 2200 249 65 Delmas,

171 2280 145 49 1934.

238 2361 895 50 2 p. l., 7-305 p., 2 l. front., 2 pl.
172 2432 1828 59 © Aug. 1, 1934; 1c. Nov. 6; A- Foreign 26032; Éditions Delmas.
250 2499 281 48 (34-42599)

175 2603 192 64 Elson,
396 2604 206 61 Henry
625 2600 275 65 William,
932 2602 169 54 1857-

241 2692 1872 66 Modern times and the living past, by Henry W. Elson …
172 2768 1995 69 New York, Cincinnati [etc.] American book company [ c 1934]
240 2858 99 47 viii,
367 2858 97 45 747,
489 2856 273 39 ix-xxxviii
786 2866 42 37 p.
882 2856 85 39 col.
993 2856 163 45 front.,
1183 2855 125 40 illus.
1339 2856 132 47 (incl.
1496 2858 173 46 ports.)
1704 2856 156 47 plates
1890 2856 132 47 (part
2050 2856 110 45 col.)

171 2912 744 51 maps (part double) 19½c m .
241 2986 70 38 On
344 2996 139 29 cover:
547 2985 136 38 State
711 2984 219 38 contract
961 2982 196 39 edition.

243 3042 122 40 “For
394 3041 195 40 further
616 3038 228 47 reading”
875 3042 51 35 at
954 3038 91 39 end
1075 3037 49 40 of
1151 3040 123 37 most
1303 3038 50 38 of
1381 3038 79 39 the
1488 3039 239 46 chapters.

173 3112 50 51 ©
256 3117 108 37 Dec.
394 3115 67 38 17.
492 3112 138 39 1934;
662 3110 65 39 2c.
757 3110 94 38 and
883 3108 78 39 aff.
994 3109 108 38 Dec.
1134 3106 79 42 19;
1246 3109 39 37 A
1316 3107 167 41 77734;
1517 3109 143 37 Amer.
1704 3109 122 37 book
1856 3118 63 30 co.

251 3170 280 50 (34-42596)

175 3279 303 55 Emerson,
511 3272 189 63 Ralph
736 3270 219 62 Waldo,
989 3274 323 49 1803-1882.

243 3368 46 50 A
325 3369 163 50 letter
517 3363 63 53 of
608 3363 303 62 Emerson;
942 3358 170 68 being
1139 3358 94 52 the
1260 3357 123 53 first
1411 3357 351 68 publication
1793 3358 63 52 of
1885 3359 93 51 the
2009 3361 158 66 reply

172 3446 62 51 of
279 3444 186 65 Ralph
510 3440 207 53 Waldo
761 3440 276 51 Emerson
1079 3442 58 47 to
1181 3435 268 54 Solomon
1492 3435 215 53 Corner
1749 3435 64 52 of
1855 3435 314 55 Baltimore

176 3526 53 50 in
267 3525 148 50 1842.
489 3519 163 53 With
687 3514 249 68 analysis
970 3515 111 51 and
1113 3517 157 49 notes
1301 3513 74 67 by
1407 3512 250 53 Willard
1690 3513 170 52 Reed.
1941 3516 228 53 Boston.

172 3603 119 51 The
326 3602 220 49 Beacon
588 3613 172 50 press,
797 3596 149 49 1934.

243 3689 53 39 33
328 3699 41 36 p.
400 3686 107 40 incl.
537 3681 189 41 facsim.
786 3679 27 40 2
842 3680 109 48 port.
995 3677 132 48 (inch
1156 3675 175 49 front.)
1397 3676 58 40 24
1457 3678 45 22 cm
1507 3709 9 9 .

248 3758 221 40 Includes
502 3756 80 38 the
615 3756 94 36 two
740 3752 170 39 letters
941 3747 197 41 written
1170 3750 47 38 to
1249 3748 235 39 Emerson
1512 3748 61 47 by
1607 3748 224 40 Solomon
1862 3749 182 41 Corner
2072 3752 97 40 and

194 3806 854 49 a facsimile of Emerson’s letter.
174 3885 50 50 ©
256 3888 116 37 Nov.
401 3884 68 40 30,
501 3880 140 41 1934:
672 3879 68 38 2c.
771 3879 94 38 and
896 3876 79 40 aff.
1007 3877 111 38 Dec.
1150 3876 25 39 7;
1234 3875 42 38 A
1304 3875 143 39 77547;
1508 3875 192 42 Beacon
1730 3887 149 37 press,
1911 3878 88 39 inc.

251 3941 278 50 (34-42823)
