2350 4196
0 0 0 0 1555
182 413 325 55 Cervantes
539 417 317 64 Saavedra,
889 416 220 64 Miguel
1142 417 85 63 de,
1263 417 325 54 1547-1016.

252 491 81 52 La
356 490 199 54 ilustre
579 492 256 68 fregona,
857 492 72 68 by
955 492 217 68 Miguel
1197 493 69 52 de
1293 490 307 55 Cervantes
1627 490 306 69 Saavedra,
183 489 1969 133 simplified

322 569 110 51 and
461 569 207 69 edited,
698 570 140 54 with
866 591 31 32 a
927 569 393 69 biographical
1352 569 210 68 sketch,
1592 587 30 33 a
1653 568 383 69 pen-portrait
2065 569 114 54 and

182 645 412 68 pensamientos
639 648 62 51 of
749 647 323 69 Cervantes,
1118 647 373 68 explanatory
1540 647 323 68 foot-notes,
1907 648 271 52 exercises

181 724 110 51 and
320 724 359 69 vocabulary,
708 725 74 69 by
813 726 189 67 Agnes
1033 724 77 53 M.
1145 725 196 67 Brady
1373 724 112 54 and
1515 724 292 69 Margaret
1839 725 69 51 A.
1939 725 238 66 Lowery

238 801 1429 71 … Dallas, Tardy publishing company [ c 1934 ]
247 883 76 37 xv,
355 872 87 40 119
469 884 42 37 p.
570 863 296 60 illus.,’port.
926 876 54 39 18½
1013 877 43 21 cm
1064 908 6 6 .

182 929 50 51 ©
266 934 126 46 Sept.
421 933 69 47 25,
549 935 85 38 1934;
692 937 64 35 2c.
789 936 114 38 Nov.
1010 947 7 28 12;
1051 935 78 39 aff.
1163 935 116 41 Nov.
1310 934 81 41 16:
1426 936 39 37 A
1494 935 168 41 77300;
1695 936 162 47 Tardy
1887 937 108 47 pub.
2027 945 67 31 co.

259 989 279 49 (34-39198)

177 1092 294 66 Choukas,
506 1096 268 63 Michael,
811 1102 170 49 1901-

177 1172 1975 130 Black angels of Athos, by Michael Choukas … with a foreword
376 1250 1799 70 by Robert M. Maclver … Brattleboro, Vt., Stephen
174 1327 161 67 Daye
371 1347 156 48 press
610 1332 135 50 [c1934
750 1363 13 33 ]

246 1401 137 46 xxiii,
410 1400 85 42 327
523 1413 42 37 p.
622 1403 164 46 front.,
816 1404 172 47 plates.
1043 1402 55 40 21½
1132 1405 15 21 cm
1180 1433 7 7 .

246 1458 376 49 Bibliography:
652 1470 43 37 p.
722 1459 215 41 323-324.

180 1511 1994 55 © Nov. 20. 1934; 2c. Nov. 24: aff. Nov. 23: A 78234; M. Choukas,
247 1574 242 46 Hanover,
522 1575 54 38 N.
610 1574 58 39 H.
741 1574 280 49 (34-39179)

176 1675 262 67 Clinchy,
472 1678 249 54 Everett
750 1680 170 63 Ross,
954 1683 170 51 1896-

245 1754 99 53 All
382 1755 61 52 in
483 1756 95 52 the
616 1774 164 35 name
819 1757 63 52 of
922 1756 145 67 God,
1106 1755 74 68 by
1220 1757 238 52 Everett
1495 1757 70 51 R.
1606 1756 273 66 Clinchy;
1923 1756 140 53 with
2103 1775 72 34 an

175 1832 390 54 introduction
613 1833 76 67 by
736 1834 243 53 Newton
1025 1834 73 51 D.
1147 1833 206 53 Baker.
1434 1834 139 52 New
1623 1834 180 65 York,
1850 1835 121 52 The
2018 1835 156 54 John

174 1910 130 66 Day
343 1929 281 49 company
667 1944 12 34 [
685 1918 18 21 c
708 1913 135 51 1934
847 1944 13 34 ]

244 1969 462 63 3 p. l., 194 p. 19½cm.
245 2040 377 49 Bibliography:
653 2051 41 38 p.
724 2040 217 42 181-189.

178 2093 1996 53 © Nov. 15, 1934; 2c. Nov. 15; aff. Nov. 16; A 78106; E. R. Clinchy. New
245 2156 142 39 York.
460 2154 281 50 (34-39193)

174 2247 199 63 Coate,
404 2245 214 54 Lowell
647 2245 233 56 Harris.

244 2322 1868 68 The conscription of conscience, by Lowell Harris Coate …
178 2400 129 68 [Los
336 2401 267 67 Angeles,
634 2402 121 52 The
788 2399 343 55 Stonehurst
1160 2419 173 50 press]
1372 2409 16 21 c
1393 2405 151 49 1934.

243 2473 584 50 3 p l., 3 127 p. 23 cm
178 2528 1995 53 © Oct. 15, 1934; 2c. Nov. 6; aff. Nov. 5: A 76950: L. H. Coate, Pasadena,
245 2589 143 41 Calif.
461 2588 280 48 (34-38898)

176 2680 305 54 Columbia
508 2681 353 63 university.

247 2758 455 68 Contemporary
747 2758 284 67 problems
1076 2758 57 52 in
1177 2759 95 52 the
1316 2759 218 54 United
1581 2758 205 67 States,
1831 2760 73 64 by
1948 2760 224 51 Horace

174 2837 231 67 Taylor,
440 2837 140 52 with
615 2837 95 51 the
746 2835 412 53 collaboration
1190 2836 65 54 of
1291 2837 300 54 Columbia
1628 2837 212 67 college
1876 2837 297 52 associates

174 2916 59 51 in
264 2916 328 65 economics,
623 2919 373 62 government
1025 2915 112 51 and
1167 2914 192 67 public
1391 2916 126 62 law,
1547 2915 239 65 history,
1819 2916 112 51 and
175 2916 1973 144 philosophy.

425 2996 239 49 1934-35
707 2992 83 54 ed.
868 3011 49 31 v.
963 2996 44 48 1.
1086 2993 135 51 New
1265 2993 180 55 York,
1486 2995 309 57 Harcourt,
1839 2995 176 50 Brace
2061 2995 109 50 and

173 3090 280 50 company
486 3106 11 32 [
504 3079 19 20 c
527 3074 151 62 1934]

244 3146 62 46 ix,
334 3146 87 39 516
446 3156 40 36 p.
545 3145 142 45 illus.,
717 3144 177 47 diagrs.
949 3143 54 40 28½cm.

176 3199 51 52 ©
254 3204 119 47 Aug.
400 3203 68 46 24,
496 3201 113 39 1934;
666 3200 65 40 2c.
758 3201 118 44 Aug.
904 3200 82 40 29:
1018 3200 81 40 aff.
1132 3201 126 47 Sept.
1285 3201 55 39 20;
1397 3202 39 37 A
1464 3200 170 46 76861;
1666 3201 260 40 Harcourt.
1956 3202 154 39 Brace
2137 3203 35 38 &

242 3271 81 36 co.,
353 3260 91 39 inc.
509 3258 280 50 [Copyright
819 3258 41 39 is
891 3257 204 40 claimed
1125 3269 58 28 on
1214 3259 246 40 additions
1492 3259 95 38 and
1616 3257 251 49 revisions]

172 3347 256 67 Comins,
463 3351 202 61 Harry
696 3348 177 63 Leon,
911 3350 170 49 1901-

243 3421 1929 70 Arts-crafts for the Jewish club, by Harry L. Comins, PH. D.,
174 3505 111 52 and
315 3502 231 54 Reuben
578 3501 158 52 Leaf.
809 3499 344 67 Cincinnati,
1184 3500 169 68 Dept.
1386 3501 63 51 of
1480 3517 327 52 synagogue
1839 3500 112 54 and
1983 3501 189 52 school

173 3579 288 56 extension
504 3580 62 51 of
607 3580 94 51 the
745 3578 194 53 Union
982 3577 64 52 of
1088 3577 303 54 American
1434 3578 244 52 Hebrew
1723 3580 449 66 congregations,

175 3661 147 49 1934.

240 3726 1930 51 viii p., 1 l., 362 p. illus. 21 cm . [Commission on Jewish education of
173 3783 1979 106 the Union of American Hebrew congregations and the Central conference of American rabbis … Union youth series]
176 3899 51 52 ©
266 3904 102 40 Oct.
405 3901 68 46 29,
512 3900 140 46 1934;
691 3899 70 42 2c.,
795 3899 116 39 Nov.
950 3898 51 40 5:
1042 3897 81 43 aff.
1163 3899 113 38 Nov.
1317 3898 80 42 10;
1437 3900 40 38 A
1516 3900 169 40 77187:
1729 3900 158 40 Union
1925 3902 55 38 of
2012 3902 156 40 Amer.

241 3961 206 40 Hebrew
483 3955 381 50 congregations,
902 3954 288 42 Cincinnati.
1264 3955 279 47 (34-38843)
