2350 4196
1208 4015 96 49 953

256 393 312 63 Campbell,
601 394 96 53 Sir
723 392 286 53 Malcolm.

326 468 195 53 Salute
551 475 57 46 to
640 469 94 51 the
766 469 153 67 gods.
1002 468 360 65 [Instalment
1388 471 49 60 3]

347 544 76 47 (In
455 539 199 42 London
682 539 199 49 Sunday
910 537 242 52 pictorial,
1180 536 116 51 July
1326 537 70 48 22,
1427 536 143 48 1934)

265 594 1964 102 © 1c. Aug. 29. 1934; A ad int. 19315: pubd. July 22; M. Campbell, London.
328 756 192 54 Salute
553 763 57 47 to
641 758 93 51 the
766 757 153 67 gods.
1002 758 358 64 [Instalment
1390 758 48 61 4]

344 832 47 48 (In
453 828 199 42 London
681 828 164 42 Sunday
910 825 242 53 pictorial,
1180 824 114 52 July
1326 826 70 49 29,
1427 825 142 49 1934)

268 884 1962 101 © 1c. Aug. 29. 1934; A ad int. 19316; pubd. July 29; M. Campbell, London.
261 1047 229 65 Chiera,
526 1049 270 63 Edward,
833 1049 322 51 1885-1933.

266 1120 1953 151 … Sumerian epics and myths, by Edward Chiera … Chicago,
447 1204 111 66 Ill.,
587 1204 121 51 The
734 1202 334 66 University
1095 1201 63 53 of
1185 1200 250 67 Chicago
1465 1219 154 47 press
1653 1204 169 63 [1934]

339 1272 1909 52 xi, 7, [1] p., 26, 26a, 27-111 numb. l. 30½ cm . ([Chicago. University.
269 1332 217 40 Oriental
517 1332 240 48 institute]
821 1330 280 41 Cuneiform
1132 1331 301 39 series—vol.
1534 1329 13 47 III)

340 1390 64 39 At
436 1391 124 38 head
595 1390 51 38 of
679 1390 133 38 title:
848 1389 100 39 The
982 1388 278 46 University
1296 1386 49 39 of
1381 1386 207 47 Chicago
1625 1386 218 40 Oriental
1877 1385 226 40 institute
271 1387 1960 105 publications,
533 1448 90 38 vol.
651 1457 77 30 xv.

341 1503 383 46 Reproductions
764 1503 51 38 of
851 1503 177 38 tablets
1064 1502 127 38 from
1226 1501 187 47 Nippur
1452 1501 254 46 belonging
1743 1502 47 37 to
1830 1501 82 38 the
1949 1500 302 47 Babylonian

272 1558 182 40 section
493 1560 50 38 of
579 1561 82 38 the
698 1559 279 47 University
1015 1569 217 28 museum
1269 1558 51 38 of
1356 1559 82 38 the
1473 1556 280 47 University
1792 1556 50 40 of
1879 1558 371 46 Pennsylvania.

274 1617 44 40 S.
349 1617 56 39 N.
435 1617 210 38 Kramer
670 1618 89 37 has
789 1617 211 46 grouped
1032 1617 81 38 the
1140 1617 155 45 plates
1324 1616 51 37 in
1405 1615 127 39 their
1562 1617 195 45 present
1787 1616 340 46 arrangement
2157 1615 93 39 and

271 1674 87 39 has
385 1673 303 42 contributed
717 1675 80 39 the
824 1673 334 46 introductory
1184 1672 319 47 descriptions
1531 1672 51 38 of
1606 1672 81 39 the
1713 1674 117 37 text.
1891 1672 58 46 cf.
1980 1672 271 39 Foreword.

342 1728 132 42 “List
503 1730 49 39 of
581 1729 387 40 abbreviations”:
1027 1740 42 37 p.
1099 1730 63 38 xi.

271 1783 52 52 ©
352 1788 125 40 June
503 1787 68 47 29,
601 1787 139 40 1934;
770 1787 64 39 2c.
869 1788 110 46 July
1008 1787 80 45 16;
1122 1786 80 40 aff.
1231 1787 116 47 July
1375 1787 52 39 13;
1487 1787 40 37 A
1555 1786 168 46 73467;
1757 1785 281 49 University

2066 1787 53 39 of
341 1785 1894 107 Chicago,
498 1844 221 48 Chicago.
791 1844 276 47 (34-22546)

399 1948 1789 66 … Sumerian texts of varied contents, by Edward Chiera …
271 2025 265 68 Chicago,
569 2028 113 61 Ill.,
715 2028 119 51 The
867 2025 333 67 University
1232 2028 63 51 of
1329 2025 249 66 Chicago
1611 2044 155 49 press
1805 2029 169 63 [1934]

343 2097 1909 50 4 p. l., vii-ix. 7, [1] p.. 109 numb. l. 30½ cm . ([Chicago. University.
273 2155 218 40 Oriental
520 2155 238 49 institute]
823 2155 279 41 Cuneiform
1132 2155 300 40 series—vol.
1520 2155 13 46 IV)

345 2213 63 39 At
441 2214 123 38 head
599 2213 50 38 of
682 2214 132 39 title:
852 2214 99 38 The
986 2213 279 46 University
1299 2213 51 39 of
1384 2212 207 48 Chicago
1629 2212 218 40 Oriental
1884 2211 225 40 institute
272 2213 1964 103 publications,
538 2272 91 38 vol.
657 2280 97 31 XVI.

347 2326 1907 48 “This volume … consists of facsimiles of tablets from the Nippur
275 2383 1932 47 collection of the University of Pennsylvania. Dr. Samuel N. Kramer …
275 2440 1978 48 has … grouped the plates in their present arrangement and contributed
275 2498 81 38 the
384 2497 334 47 introductory
746 2497 318 47 descriptions
1092 2498 51 39 of
1169 2498 80 39 the
1277 2497 476 41 texts.”—Editorial
1780 2500 124 37 note.

345 2553 102 39 The
494 2556 130 37 texts
671 2555 190 39 include
913 2555 252 39 Sumerian
1214 2556 242 46 proverbs,
1506 2555 341 47 incantations,
1896 2555 357 42 lamentations,

277 2609 184 48 hymns,
505 2612 93 38 and
640 2612 224 47 liturgies
905 2613 218 46 together
1167 2612 117 39 with
1325 2623 27 28 a
1393 2612 96 39 few
1531 2613 286 47 apparently
1859 2613 261 46 legendary
2160 2612 93 40 and

274 2665 251 41 historical
555 2670 143 38 texts.

347 2721 131 43 “List
506 2725 52 38 of
584 2724 385 41 abbreviations”:
1027 2737 43 36 p.
1096 2728 64 39 ix.

276 2776 51 51 ©
356 2781 126 41 June
508 2782 68 46 29,
605 2782 139 40 1934;
775 2782 65 40 2c.
870 2783 114 46 July
1012 2783 81 46 16;
1125 2783 77 40 aff.
1234 2785 114 47 .July
1376 2785 81 45 13;
1490 2785 40 38 A
1560 2784 166 40 73468:
1839 2784 202 46 University

2068 2784 53 39 of
347 2782 1892 102 Chicago.
502 2839 221 47 Chicago.
797 2839 277 49 (34-22547)

270 2940 196 65 [Coast
503 2942 268 64 artillery
804 2944 252 67 journal]

338 3017 118 52 The
491 3020 64 51 R.
593 3019 65 54 O.
696 3023 61 52 T.
797 3021 60 55 C.
892 3023 244 51 manual.
1208 3025 169 53 Coast
1415 3024 271 65 artillery.
1759 3021 325 54 Advanced.
2159 3019 95 51 5th

268 3094 82 51 ed.
427 3097 57 51 A
522 3097 268 53 textbook
829 3098 92 52 for
960 3100 92 53 the
1092 3101 238 53 Reserve
1373 3098 223 57 officers’
1635 3101 256 65 training
1931 3116 163 49 corps
268 3097 1963 130 (includes
488 3176 75 50 all
593 3176 277 52 technical

900 3178 240 66 changes
1170 3184 57 47 to
1256 3181 158 65 July,
1447 3179 159 66 1934)
1689 3180 142 64 [Vol.
1885 3210 101 32 I-II]
268 3176 1964 141 Washington.
524 3254 68 51 D.
637 3255 58 53 C.
738 3256 110 50 and

887 3255 372 69 Harrisburg.
1298 3260 118 49 Pa..
1453 3258 265 65 Military
1756 3256 207 52 service
266 3254 1964 142 publishing
397 3348 238 49 company
711 3335 189 63 [c1934]

343 3402 1401 52 2 v. in l. illus. (inch maps) diagrs.. forms. 24½c m .
277 3454 50 51 ©
355 3460 117 46 Aug.
499 3460 69 39 27.
595 3460 139 40 1934;
764 3462 65 40 2c.
857 3465 94 38 and
980 3463 78 40 aff.
1092 3465 126 47 Sept.
1245 3467 53 38 4:
1328 3466 39 38 A
1394 3466 169 39 75127:
1595 3449 222 61 Military
1845 3460 182 42 service
2054 3461 107 46 pub.
2191 3469 66 31 co.

271 3545 369 68 Corrington,
676 3550 193 54 Julian
905 3554 185 52 Dana.
1126 3558 167 49 1891-

341 3624 357 55 Adventures
739 3625 136 54 with
917 3629 93 51 the
1051 3629 357 68 microscope,
1447 3630 34 53 by
1561 3630 200 54 Julian
1800 3630 69 50 D.
1913 3627 346 66 Corrington

329 3702 1758 74 … Rochester. N. Y., Bausch & Lomb optical co. [ c 1934]
341 3774 63 46 ix,
433 3775 85 39 455
546 3785 43 37 p.
650 3778 84 38 col.
763 3778 163 47 front.,
955 3780 127 39 illus,
1141 3780 57 39 24
1199 3783 45 21 cm
1250 3814 6 6 .

371 3832 317 39 References”
716 3836 51 36 at
792 3835 91 39 end
911 3835 50 38 of
986 3845 129 29 some
1141 3837 50 39 of
1215 3838 81 38 the
1324 3837 238 46 chapters.

276 3883 50 50 ©
355 3888 115 47 July
496 3889 68 40 24.
594 3889 137 47 1934;
763 3890 64 40 2c.
860 3893 93 38 and
983 3892 81 40 aff.
1092 3893 83 42 July
1234 3893 83 39 30:
1352 3896 36 39 A
1418 3894 169 41 73664:
1619 3894 194 38 Bausch
1844 3892 34 39 &
1907 3891 145 39 Lomb
2082 3888 178 48 optical

345 3954 65 31 co.
485 3945 275 47 (34-22405)
