2350 4196
1095 3996 96 50 1255

180 349 237 68 Veblen,
451 352 335 67 Thorstein,
824 355 322 52 1857-1929.

254 445 208 67 Essays
496 445 59 52 in
589 463 103 35 our
724 445 289 69 changing
1047 446 183 67 order,
1265 445 72 68 by
1372 445 306 54 Thorstein
1714 447 243 68 Veblen;
1994 448 188 53 edited

185 523 1928 70 by Leon Ardzrooni … New York, The Viking press, 1934.
258 610 945 49 xviii, 472 p. front. (port.) 19 ½ cin.
261 683 66 37 “A
354 682 82 40 list
462 682 50 39 of
537 682 121 39 book
684 683 215 47 reviews,
927 682 193 40 written
1148 682 75 39 for
1251 682 113 40 ‘The
1395 683 197 39 Journal
1623 683 50 39 of
1699 685 212 46 political
1942 687 240 48 economy’

189 739 57 46 by
276 739 258 39 Thorstein
561 739 208 41 Veblen”
789 751 8 29 :
827 751 41 37 p.
896 739 218 41 471-472.

536 817 94 33 CONTENTS.—I.
676 812 183 46 Essays
903 810 49 40 in
998 810 397 40 economies.—II.
1441 811 371 40 Miscellaneous
1861 825 322 37 papers.—III.

188 866 116 40 War
332 877 179 38 essays.

187 934 50 51 ©
269 938 125 48 Sept.
423 940 68 44 17,
519 940 113 39 1934;
688 940 64 39 2c.
788 939 125 47 Sept.
943 941 54 38 17;
1056 939 79 40 aff.
1169 939 126 47 Sept.
1324 940 54 38 18;
1437 940 40 38 A
1506 939 142 40 75379;
1706 941 180 48 Viking
1913 952 149 39 press,
2093 944 86 40 inc.

264 995 306 49 (34-27284)

179 1097 161 66 Vela,
372 1098 236 57 Claude.

353 1189 1690 71 … Le premier jour. Paris, Gautier-Languereau, 1934.
250 1277 85 39 318
362 1287 56 38 p.,
447 1279 23 36 1
520 1309 6 7 l.
589 1276 115 40 19cm.
803 1277 70 40 (On
900 1287 162 32 cover:
1086 1277 340 48 Bibliothèque
1451 1280 59 38 de
1538 1290 77 29 ma
1642 1279 123 46 fille)

186 1348 1997 113 © June 1, 1934; 1c. Aug. 14; A- Foreign 25424; Éditions Gautier-Languereau. (34-32159)
182 1516 293 64 Vosseier,
509 1519 253 52 Edward
794 1519 251 63 Adolph.

183 1606 1976 147 Cases on the law of wills, by Edward A. Vosseler … Brooklyn,
325 1688 69 52 N.
425 1689 90 65 Y.,
547 1691 148 49 1934.

254 1773 518 53 2 p. l., 208 p. 23cm.
185 1841 50 51 ©
267 1847 124 46 Sept.
421 1846 67 42 25,
517 1846 139 46 1934;
687 1848 65 39 2c.
781 1848 93 37 and
902 1847 81 40 aff.
1013 1847 101 40 Oct.
1142 1848 50 41 5;
1223 1848 41 38 A
1290 1849 170 46 76343;
1493 1850 50 37 E.
1572 1849 53 38 A.
1655 1849 237 42 Vosseler,
1922 1850 258 48 Brooklyn.

263 1902 278 48 (34-32347)

177 2005 259 53 Welfare
468 2007 220 53 council
721 2008 64 52 of
817 2008 146 52 New
994 2008 162 52 York
1190 2008 140 63 city.
1405 2010 280 52 Research
1720 2011 227 53 bureau.

352 2098 1823 70 … Queens house numbers in health areas … [New York]
182 2176 276 53 Research
489 2177 232 67 bureau,
751 2177 259 54 Welfare
1042 2178 220 53 council
1296 2177 64 54 of
1390 2179 139 53 New
1564 2179 164 52 York
1759 2180 135 67 city,
1932 2184 146 48 1934.

280 2265 62 46 ix,
374 2262 87 41 339
490 2274 43 38 p.
594 2261 115 42 24cm.
782 2264 218 47 (Section
1031 2267 26 36 4
1090 2266 50 39 of
1174 2265 153 48 Study
1360 2266 56 40 10
1447 2266 50 41 of
1529 2267 81 40 the
1642 2267 242 39 Research
1916 2267 182 41 bureau
2130 2270 49 39 of

180 2322 81 40 the
298 2320 215 41 Welfare
550 2321 213 45 council)

255 2390 99 40 “W.
385 2390 49 41 C.
464 2390 100 41 28.”

251 2451 63 39 At
340 2451 125 40 bead
494 2451 51 40 of
572 2451 108 40 title
700 2462 7 29 :
741 2451 155 47 Study
924 2452 51 40 of
1001 2452 360 49 neighborhood
1388 2453 256 41 statistics.

251 2508 374 49 Lithographed.

253 2565 145 41 “This
435 2566 144 40 index
615 2567 108 39 lists
760 2566 66 40 all
864 2566 51 40 of
951 2567 81 40 the
1068 2569 174 38 streets
1279 2568 48 38 in
1365 2567 188 46 Queens
1590 2569 46 38 in
1675 2570 324 47 alphabetical
2037 2570 141 41 order

181 2625 93 38 and
312 2624 158 40 shows
507 2624 82 41 the
622 2624 167 40 health
826 2633 115 30 area
979 2625 95 38 and
1111 2628 105 44 post
1254 2625 129 40 office
1421 2626 172 39 within
1630 2627 156 39 which
1823 2628 115 39 each
1976 2628 200 39 address

178 2678 1984 158 falls … Immediate responsibility for the final assembling and arrangement of these materials has rested upon Mrs. Sophia M. Robison.”—Introd.
182 2863 50 51 ©
268 2868 124 39 June
426 2870 39 39 4.
502 2868 139 40 1934;
679 2867 66 41 2c.
782 2868 116 46 Aug.
937 2868 79 45 16;
1056 2867 80 40 aff.
1175 2868 127 47 Sept.
1338 2868 81 48 12;
1455 2870 41 38 A
1534 2870 141 40 74870;
1740 2870 215 41 Welfare
1991 2871 186 39 council

249 2925 53 39 of
330 2926 116 38 New
476 2926 131 37 York
637 2925 111 47 city,
780 2925 116 38 New
928 2925 144 39 York.
1144 2924 279 50 (34-32358)

176 3026 300 66 Williams,
509 3030 193 54 Mona.

247 3119 211 68 Bright
491 3120 48 52 is
569 3120 98 52 the
695 3121 286 67 morning,
1014 3120 74 67 by
1124 3121 173 52 Mona
1331 3121 305 53 Williams.
1712 3121 138 52 New
1885 3121 180 67 York,
2101 3121 75 51 H.

179 3198 188 54 Smith
400 3199 113 52 and
544 3198 67 53 R.
644 3198 179 66 Haas,
857 3201 150 50 1934.

246 3273 83 40 335
361 3284 40 36 p.
465 3271 114 41 20cm.

180 3339 50 51 ©
261 3342 99 41 Oct.
393 3344 38 39 1,
462 3341 113 41 1934;
634 3344 64 38 2c.
732 3344 95 38 and
858 3343 78 38 aff.
971 3343 99 40 Oct.
1101 3345 26 37 4;
1185 3344 41 38 A
1259 3344 141 40 75622;
1462 3344 242 39 Harrison
1740 3343 156 40 Smith
1928 3344 34 38 &
1994 3344 181 39 Robert

246 3400 149 45 Haas,
424 3399 88 40 inc.
585 3399 279 47 (34-32204)

176 3498 374 69 Williamson,
581 3503 257 53 Thames
870 3504 169 64 Ross,
1075 3507 168 51 1894-

242 3592 53 52 D
330 3593 47 53 is
415 3593 91 51 for
538 3594 211 54 Dutch,
784 3613 28 34 a
849 3595 105 52 last
993 3595 254 68 regional
1282 3596 182 65 novel,
1501 3596 73 66 by
1610 3593 245 55 Thames
173 3592 1975 128 Williamson.
355 3672 135 50 New
522 3672 179 66 York,
730 3672 310 52 Harcourt.
1073 3673 177 53 Brace
1283 3674 110 52 and
1425 3689 279 50 company
1760 3673 174 63 [c1934]

242 3741 613 51 5 p. l., 3-266 p. 20½cm.
246 3798 160 42 “First
434 3799 227 41 edition.”

177 3864 49 53 ©
258 3870 127 49 Sept.
412 3870 67 41 20.
509 3872 113 40 1934;
679 3874 65 39 2c.
773 3874 93 38 and
897 3874 79 39 aff.
1009 3875 126 47 Sept.
1165 3875 79 39 26:
1278 3876 39 37 A
1345 3874 169 41 76142;
1547 3874 260 45 Harcourt,
1838 3872 156 41 Brace
2022 3872 36 42 &
2085 3880 67 32 co.,

244 3927 85 41 inc.
403 3928 277 47 (34-31294)
