<alto xmlns="http://www.loc.gov/standards/alto/ns-v3#" xmlns:xsi="http://www.w3.org/2001/XMLSchema-instance" xsi:schemaLocation="http://www.loc.gov/standards/alto/ns-v3# http://www.loc.gov/alto/v3/alto-3-0.xsd"><Description>
<MeasurementUnit>pixel</MeasurementUnit>
<sourceImageInformation>
<fileName>1934_v1_Part1.pdf</fileName>
</sourceImageInformation>
<OCRProcessing ID="IdOcr">
<ocrProcessingStep>
<processingDateTime>2019-01-10</processingDateTime>
<processingSoftware>
<softwareCreator>ABBYY</softwareCreator>
<softwareName>ABBYY Recognition Server</softwareName>
<softwareVersion>4.0</softwareVersion>
</processingSoftware>
</ocrProcessingStep>
</OCRProcessing>
</Description>
<Styles>
<ParagraphStyle ALIGN="Left" FIRSTLINE="0." ID="StyleId-FFFFFFFF-FFFF-FFFF-FFFF-FFFFFFFFFFFF-" LEFT="0." RIGHT="0." />
<ParagraphStyle ALIGN="Right" FIRSTLINE="0." ID="StyleId-521E1FC6-FE7E-43A4-90E6-A9B61626A263-" LEFT="0." LINESPACE="13.30000019" RIGHT="0." />
<ParagraphStyle ALIGN="Left" FIRSTLINE="-27." ID="StyleId-639B624E-F6F5-47B6-BB1D-34E64B53022F-" LEFT="0." LINESPACE="13.43999958" RIGHT="0." />
<ParagraphStyle ALIGN="Left" FIRSTLINE="0." ID="StyleId-100905F9-D385-406B-A5BD-ED5B8FD85431-" LEFT="0." RIGHT="0." />
<ParagraphStyle ALIGN="Left" FIRSTLINE="-27." ID="StyleId-7C9F9BA2-EF3A-4B7F-8486-CCC7B7F49B39-" LEFT="0." LINESPACE="18.71999931" RIGHT="0." />
<ParagraphStyle ALIGN="Block" FIRSTLINE="-27." ID="StyleId-350780E3-60F2-4605-88F5-BB54F9B87091-" LEFT="0." LINESPACE="18.71999931" RIGHT="0." />
<ParagraphStyle ALIGN="Left" FIRSTLINE="0." ID="StyleId-90B16C58-D795-4C77-9B89-30378C515D40-" LEFT="0." LINESPACE="14.39999962" RIGHT="0." />
<ParagraphStyle ALIGN="Right" FIRSTLINE="-27." ID="StyleId-17090E09-AFAF-4086-BD9B-4E99FAE6B057-" LEFT="0." LINESPACE="14.39999962" RIGHT="0." />
<ParagraphStyle ALIGN="Left" FIRSTLINE="-27." ID="StyleId-8B87B633-89DB-4D72-B1FC-26E4ABD680BC-" LEFT="0." LINESPACE="18.47999954" RIGHT="0." />
<ParagraphStyle ALIGN="Left" FIRSTLINE="0." ID="StyleId-42DA7417-CA90-4D71-A57B-06556C38D752-" LEFT="0." LINESPACE="13.30000019" RIGHT="0." />
<ParagraphStyle ALIGN="Block" FIRSTLINE="0." ID="StyleId-D8EE2A7E-42AE-4E35-98DB-F0F935637AA0-" LEFT="0." LINESPACE="6.599999905" RIGHT="0." />
<ParagraphStyle ALIGN="Left" FIRSTLINE="0." ID="StyleId-33CD3121-D4F5-43B6-BA96-6382D166E6B8-" LEFT="0." LINESPACE="15.5" RIGHT="0." />
<ParagraphStyle ALIGN="Block" FIRSTLINE="-21." ID="StyleId-1CE52AFA-C319-4DD9-B4B1-F0EBFA2B3F0B-" LEFT="0." LINESPACE="18.71999931" RIGHT="0." />
<ParagraphStyle ALIGN="Left" FIRSTLINE="0." ID="StyleId-B74F1B65-92F1-49C5-A5FA-D20442F031F2-" LEFT="0." LINESPACE="17.70006076" RIGHT="0." />
<ParagraphStyle ALIGN="Center" FIRSTLINE="0." ID="StyleId-79E2924A-215C-40B7-B577-7236BFBAA25E-" LEFT="0." LINESPACE="7.199999809" RIGHT="0." />
</Styles>
<Layout>
<Page HEIGHT="4196" ID="Page1754" PHYSICAL_IMG_NR="1754" WIDTH="2350">
<TopMargin HEIGHT="436" HPOS="0" VPOS="0" WIDTH="2350">
</TopMargin>
<LeftMargin HEIGHT="3620" HPOS="0" VPOS="436" WIDTH="220">
</LeftMargin>
<RightMargin HEIGHT="3620" HPOS="2217" VPOS="436" WIDTH="133">
</RightMargin>
<BottomMargin HEIGHT="140" HPOS="0" VPOS="4056" WIDTH="2350">
</BottomMargin>
<PrintSpace HEIGHT="3620" HPOS="220" VPOS="436" WIDTH="1997">
<TextBlock CS="1" HEIGHT="65" HPOS="1114" ID="Page1754_Block1" LANG="fr" STYLEREFS="StyleId-6BFE6C39-594B-4A26-ADE1-9C9E39805A7F-" VPOS="3991" WIDTH="144">
<TextLine CS="1" HEIGHT="50" HPOS="1120" VPOS="3997" WIDTH="60">
<String CONTENT="1754" CS="1" HEIGHT="50" HPOS="1120" VPOS="3997" WIDTH="60" />
</TextLine>
</TextBlock>
<TextBlock CS="1" HEIGHT="3533" HPOS="220" ID="Page1754_Block2" LANG="en-US" STYLEREFS="StyleId-F32AD28B-0EA2-4FD9-AB96-915742BB06C8-" VPOS="436" WIDTH="1997">
<TextLine CS="1" HEIGHT="49" HPOS="300" VPOS="453" WIDTH="1602">
<String CONTENT="xxvii" HEIGHT="37" HPOS="300" VPOS="457" WIDTH="132" />
<SP HEIGHT="45" HPOS="433" VPOS="457" WIDTH="30" />
<String CONTENT="p.," CS="1" HEIGHT="37" HPOS="464" VPOS="465" WIDTH="29" />
<SP HEIGHT="39" HPOS="521" VPOS="456" WIDTH="29" />
<String CONTENT="1" HEIGHT="36" HPOS="551" VPOS="456" WIDTH="18" />
<SP HEIGHT="36" HPOS="570" VPOS="456" WIDTH="37" />
<String CONTENT="l.," CS="1" HEIGHT="16" HPOS="627" VPOS="486" WIDTH="21" />
<SP HEIGHT="46" HPOS="649" VPOS="456" WIDTH="30" />
<String CONTENT="449" HEIGHT="40" HPOS="680" VPOS="455" WIDTH="84" />
<SP HEIGHT="46" HPOS="765" VPOS="456" WIDTH="29" />
<String CONTENT="p." HEIGHT="37" HPOS="795" VPOS="465" WIDTH="41" />
<SP HEIGHT="39" HPOS="837" VPOS="456" WIDTH="63" />
<String CONTENT="front.," HEIGHT="46" HPOS="901" VPOS="456" WIDTH="160" />
<SP HEIGHT="35" HPOS="1062" VPOS="467" WIDTH="33" />
<String CONTENT="plates," HEIGHT="45" HPOS="1096" VPOS="457" WIDTH="165" />
<SP HEIGHT="37" HPOS="1262" VPOS="464" WIDTH="30" />
<String CONTENT="ports.," HEIGHT="45" HPOS="1293" VPOS="456" WIDTH="160" />
<SP HEIGHT="40" HPOS="1454" VPOS="454" WIDTH="31" />
<String CONTENT="facsims." HEIGHT="39" HPOS="1486" VPOS="453" WIDTH="212" />
<SP HEIGHT="39" HPOS="1699" VPOS="453" WIDTH="60" />
<String CONTENT="21&#189;" CS="1" HEIGHT="38" HPOS="1760" VPOS="453" WIDTH="25" />
<String CONTENT="cm" HEIGHT="20" HPOS="1847" STYLE="superscript" VPOS="456" WIDTH="43" />
<String CONTENT="." HEIGHT="6" HPOS="1896" VPOS="485" WIDTH="6" />
</TextLine>
<TextLine HEIGHT="39" HPOS="300" VPOS="511" WIDTH="415">
<String CONTENT="&#8220;First" HEIGHT="39" HPOS="300" VPOS="511" WIDTH="160" />
<SP HEIGHT="35" HPOS="461" VPOS="515" WIDTH="28" />
<String CONTENT="edition.&#8221;" HEIGHT="39" HPOS="490" VPOS="511" WIDTH="225" />
</TextLine>
<TextLine CS="1" HEIGHT="51" HPOS="233" VPOS="565" WIDTH="1978">
<String CONTENT="&#169;" HEIGHT="51" HPOS="233" VPOS="565" WIDTH="49" />
<SP HEIGHT="51" HPOS="283" VPOS="565" WIDTH="25" />
<String CONTENT="Oct." HEIGHT="40" HPOS="309" VPOS="569" WIDTH="98" />
<SP HEIGHT="36" HPOS="408" VPOS="572" WIDTH="26" />
<String CONTENT="1." HEIGHT="37" HPOS="435" VPOS="572" WIDTH="36" />
<SP HEIGHT="38" HPOS="472" VPOS="571" WIDTH="25" />
<String CONTENT="1934;" CS="1" HEIGHT="38" HPOS="498" VPOS="570" WIDTH="110" />
<SP HEIGHT="39" HPOS="635" VPOS="570" WIDTH="26" />
<String CONTENT="2c." HEIGHT="37" HPOS="662" VPOS="570" WIDTH="64" />
<SP HEIGHT="36" HPOS="727" VPOS="571" WIDTH="26" />
<String CONTENT="Dec." HEIGHT="37" HPOS="754" VPOS="571" WIDTH="108" />
<SP HEIGHT="37" HPOS="863" VPOS="570" WIDTH="24" />
<String CONTENT="21;" CS="1" HEIGHT="37" HPOS="888" VPOS="570" WIDTH="47" />
<SP HEIGHT="29" HPOS="969" VPOS="580" WIDTH="25" />
<String CONTENT="aff." HEIGHT="39" HPOS="995" VPOS="569" WIDTH="77" />
<SP HEIGHT="36" HPOS="1073" VPOS="571" WIDTH="27" />
<String CONTENT="Dec." HEIGHT="37" HPOS="1101" VPOS="571" WIDTH="107" />
<SP HEIGHT="36" HPOS="1209" VPOS="572" WIDTH="24" />
<String CONTENT="24;" CS="1" HEIGHT="35" HPOS="1234" VPOS="572" WIDTH="54" />
<SP HEIGHT="39" HPOS="1315" VPOS="570" WIDTH="28" />
<String CONTENT="A" HEIGHT="37" HPOS="1344" VPOS="570" WIDTH="39" />
<SP HEIGHT="38" HPOS="1384" VPOS="570" WIDTH="23" />
<String CONTENT="77839;" CS="1" HEIGHT="42" HPOS="1408" VPOS="566" WIDTH="141" />
<SP HEIGHT="40" HPOS="1576" VPOS="568" WIDTH="30" />
<String CONTENT="F." HEIGHT="38" HPOS="1607" LANG="fr" VPOS="568" WIDTH="47" />
<SP HEIGHT="37" HPOS="1655" VPOS="569" WIDTH="27" />
<String CONTENT="H." HEIGHT="38" HPOS="1683" VPOS="569" WIDTH="57" />
<SP HEIGHT="38" HPOS="1741" VPOS="569" WIDTH="27" />
<String CONTENT="Martin," HEIGHT="42" HPOS="1769" VPOS="569" WIDTH="195" />
<SP HEIGHT="42" HPOS="1965" VPOS="569" WIDTH="27" />
<String CONTENT="Chicago." HEIGHT="46" HPOS="1993" VPOS="568" WIDTH="218" />
</TextLine>
<TextLine HEIGHT="46" HPOS="309" VPOS="627" WIDTH="218">
<String CONTENT="(35-282)" HEIGHT="46" HPOS="309" VPOS="627" WIDTH="218" />
</TextLine>
<TextLine HEIGHT="62" HPOS="230" STYLEREFS="StyleId-246AFF26-C688-4BF6-9661-20A9015D2D96-" VPOS="702" WIDTH="1095">
<String CONTENT="Mead," HEIGHT="60" HPOS="230" VPOS="702" WIDTH="186" />
<SP HEIGHT="60" HPOS="417" VPOS="702" WIDTH="28" />
<String CONTENT="George" HEIGHT="62" HPOS="446" VPOS="702" WIDTH="224" />
<SP HEIGHT="51" HPOS="671" VPOS="702" WIDTH="28" />
<String CONTENT="Herbert," HEIGHT="62" HPOS="700" VPOS="702" WIDTH="274" />
<SP HEIGHT="56" HPOS="975" VPOS="708" WIDTH="31" />
<String CONTENT="1863-1931." HEIGHT="49" HPOS="1007" VPOS="706" WIDTH="318" />
</TextLine>
<TextLine CS="1" HEIGHT="130" HPOS="227" STYLEREFS="StyleId-246AFF26-C688-4BF6-9661-20A9015D2D96-" VPOS="775" WIDTH="1962">
<String CONTENT="Mind," HEIGHT="68" HPOS="297" VPOS="775" WIDTH="182" />
<SP HEIGHT="47" HPOS="480" VPOS="796" WIDTH="20" />
<String CONTENT="self" HEIGHT="53" HPOS="501" VPOS="775" WIDTH="110" />
<SP HEIGHT="52" HPOS="612" VPOS="775" WIDTH="18" />
<String CONTENT="&amp;" HEIGHT="49" HPOS="631" VPOS="775" WIDTH="44" />
<SP HEIGHT="54" HPOS="676" VPOS="775" WIDTH="21" />
<String CONTENT="society" HEIGHT="67" HPOS="698" VPOS="777" WIDTH="208" />
<SP HEIGHT="67" HPOS="907" VPOS="777" WIDTH="24" />
<String CONTENT="from" HEIGHT="51" HPOS="932" VPOS="777" WIDTH="150" />
<SP HEIGHT="46" HPOS="1083" VPOS="782" WIDTH="22" />
<String CONTENT="the" HEIGHT="51" HPOS="1106" VPOS="777" WIDTH="92" />
<SP HEIGHT="33" HPOS="1199" VPOS="795" WIDTH="24" />
<String CONTENT="standpoint" HEIGHT="65" HPOS="1224" VPOS="776" WIDTH="335" />
<SP HEIGHT="47" HPOS="1560" VPOS="780" WIDTH="21" />
<String CONTENT="of" HEIGHT="52" HPOS="1582" VPOS="775" WIDTH="62" />
<SP HEIGHT="51" HPOS="1645" VPOS="775" WIDTH="23" />
<String CONTENT="a" HEIGHT="33" HPOS="1669" VPOS="793" WIDTH="28" />
<SP HEIGHT="33" HPOS="1698" VPOS="793" WIDTH="25" />
<String CONTENT="social" HEIGHT="51" HPOS="1724" VPOS="775" WIDTH="170" />
<SP HEIGHT="50" HPOS="1895" VPOS="776" WIDTH="23" />
<String CONTENT="behaviorist" HEIGHT="130" HPOS="227" VPOS="775" WIDTH="1962" />
</TextLine>
<TextLine CS="1" HEIGHT="71" HPOS="370" STYLEREFS="StyleId-246AFF26-C688-4BF6-9661-20A9015D2D96-" VPOS="851" WIDTH="1841">
<String CONTENT="[by]" CS="1" HEIGHT="69" HPOS="370" VPOS="853" WIDTH="70" />
<SP HEIGHT="67" HPOS="461" VPOS="852" WIDTH="50" />
<String CONTENT="George" HEIGHT="69" HPOS="512" VPOS="852" WIDTH="220" />
<SP HEIGHT="52" HPOS="733" VPOS="853" WIDTH="46" />
<String CONTENT="H." HEIGHT="52" HPOS="780" VPOS="853" WIDTH="75" />
<SP HEIGHT="51" HPOS="856" VPOS="854" WIDTH="49" />
<String CONTENT="Mead" HEIGHT="51" HPOS="906" VPOS="854" WIDTH="167" />
<SP HEIGHT="51" HPOS="1074" VPOS="854" WIDTH="55" />
<String CONTENT="&#8230;" CS="1" />
<SP HEIGHT="33" HPOS="1184" VPOS="872" WIDTH="54" />
<String CONTENT="edited," HEIGHT="66" HPOS="1239" VPOS="853" WIDTH="204" />
<SP HEIGHT="49" HPOS="1444" VPOS="870" WIDTH="48" />
<String CONTENT="with" HEIGHT="51" HPOS="1493" VPOS="852" WIDTH="139" />
<SP HEIGHT="51" HPOS="1633" VPOS="852" WIDTH="51" />
<String CONTENT="introduction," HEIGHT="67" HPOS="1685" VPOS="851" WIDTH="405" />
<SP HEIGHT="66" HPOS="2091" VPOS="852" WIDTH="46" />
<String CONTENT="by" HEIGHT="69" HPOS="2138" VPOS="852" WIDTH="73" />
</TextLine>
<TextLine CS="1" HEIGHT="148" HPOS="226" STYLEREFS="StyleId-246AFF26-C688-4BF6-9661-20A9015D2D96-" VPOS="928" WIDTH="1960">
<String CONTENT="Charles" HEIGHT="54" HPOS="228" VPOS="929" WIDTH="234" />
<SP HEIGHT="53" HPOS="463" VPOS="930" WIDTH="32" />
<String CONTENT="W." HEIGHT="53" HPOS="496" VPOS="930" WIDTH="86" />
<SP HEIGHT="51" HPOS="583" VPOS="931" WIDTH="36" />
<String CONTENT="Morris" HEIGHT="51" HPOS="620" VPOS="931" WIDTH="209" />
<SP HEIGHT="32" HPOS="830" VPOS="950" WIDTH="37" />
<String CONTENT="&#8230;" CS="1" />
<SP HEIGHT="54" HPOS="924" VPOS="930" WIDTH="76" />
<String CONTENT="Chicago," HEIGHT="68" HPOS="1001" VPOS="930" WIDTH="267" />
<SP HEIGHT="68" HPOS="1269" VPOS="930" WIDTH="33" />
<String CONTENT="Ill.," HEIGHT="66" HPOS="1303" VPOS="930" WIDTH="112" />
<SP HEIGHT="66" HPOS="1416" VPOS="930" WIDTH="34" />
<String CONTENT="The" HEIGHT="52" HPOS="1451" VPOS="929" WIDTH="119" />
<SP HEIGHT="53" HPOS="1571" VPOS="929" WIDTH="34" />
<String CONTENT="University" HEIGHT="69" HPOS="1606" VPOS="928" WIDTH="337" />
<SP HEIGHT="49" HPOS="1944" VPOS="948" WIDTH="34" />
<String CONTENT="of" HEIGHT="53" HPOS="1979" VPOS="928" WIDTH="62" />
<SP HEIGHT="54" HPOS="2042" VPOS="928" WIDTH="35" />
<String CONTENT="Chicago" HEIGHT="148" HPOS="226" VPOS="928" WIDTH="1960" />
<SP HEIGHT="49" HPOS="364" VPOS="1026" WIDTH="26" />
<String CONTENT="press" HEIGHT="49" HPOS="391" VPOS="1026" WIDTH="156" />
<SP HEIGHT="47" HPOS="548" VPOS="1027" WIDTH="32" />
<String CONTENT="[1934]" HEIGHT="64" HPOS="581" VPOS="1010" WIDTH="171" />
</TextLine>
<TextLine CS="1" HEIGHT="51" HPOS="302" VPOS="1078" WIDTH="692">
<String CONTENT="xxxviii," HEIGHT="47" HPOS="302" VPOS="1080" WIDTH="197" />
<SP HEIGHT="47" HPOS="500" VPOS="1080" WIDTH="28" />
<String CONTENT="400," HEIGHT="46" HPOS="529" VPOS="1078" WIDTH="97" />
<SP HEIGHT="29" HPOS="627" VPOS="1100" WIDTH="34" />
<String CONTENT="[1]" CS="1" HEIGHT="29" HPOS="707" VPOS="1100" WIDTH="8" />
<SP HEIGHT="38" HPOS="716" VPOS="1091" WIDTH="32" />
<String CONTENT="p." HEIGHT="36" HPOS="749" VPOS="1091" WIDTH="39" />
<SP HEIGHT="37" HPOS="789" VPOS="1081" WIDTH="61" />
<String CONTENT="23&#189;" CS="1" HEIGHT="39" HPOS="851" VPOS="1079" WIDTH="54" />
<String CONTENT="cm" HEIGHT="20" HPOS="939" STYLE="superscript" VPOS="1083" WIDTH="43" />
<String CONTENT="." HEIGHT="5" HPOS="987" VPOS="1113" WIDTH="7" />
</TextLine>
<TextLine HEIGHT="50" HPOS="298" VPOS="1134" WIDTH="1721">
<String CONTENT="&#8220;Bibliography" HEIGHT="49" HPOS="298" VPOS="1135" WIDTH="372" />
<SP HEIGHT="37" HPOS="671" VPOS="1147" WIDTH="26" />
<String CONTENT="of" HEIGHT="39" HPOS="698" VPOS="1136" WIDTH="52" />
<SP HEIGHT="40" HPOS="751" VPOS="1136" WIDTH="23" />
<String CONTENT="the" HEIGHT="39" HPOS="775" VPOS="1137" WIDTH="78" />
<SP HEIGHT="28" HPOS="854" VPOS="1147" WIDTH="27" />
<String CONTENT="writings" HEIGHT="46" HPOS="882" VPOS="1137" WIDTH="220" />
<SP HEIGHT="29" HPOS="1103" VPOS="1147" WIDTH="26" />
<String CONTENT="of" HEIGHT="36" HPOS="1130" VPOS="1138" WIDTH="50" />
<SP HEIGHT="39" HPOS="1181" VPOS="1136" WIDTH="27" />
<String CONTENT="George" HEIGHT="44" HPOS="1209" VPOS="1136" WIDTH="180" />
<SP HEIGHT="40" HPOS="1390" VPOS="1135" WIDTH="27" />
<String CONTENT="H." HEIGHT="40" HPOS="1418" VPOS="1135" WIDTH="58" />
<SP HEIGHT="39" HPOS="1477" VPOS="1136" WIDTH="29" />
<String CONTENT="Mead&#8221;:" HEIGHT="38" HPOS="1507" VPOS="1136" WIDTH="196" />
<SP HEIGHT="35" HPOS="1704" VPOS="1146" WIDTH="31" />
<String CONTENT="p." HEIGHT="35" HPOS="1736" VPOS="1146" WIDTH="39" />
<SP HEIGHT="37" HPOS="1776" VPOS="1137" WIDTH="28" />
<String CONTENT="390-392." HEIGHT="40" HPOS="1805" VPOS="1134" WIDTH="214" />
</TextLine>
<TextLine CS="1" HEIGHT="107" HPOS="230" VPOS="1190" WIDTH="1965">
<String CONTENT="&#169;" HEIGHT="51" HPOS="230" VPOS="1190" WIDTH="50" />
<SP HEIGHT="51" HPOS="281" VPOS="1190" WIDTH="30" />
<String CONTENT="Dec." HEIGHT="38" HPOS="312" VPOS="1195" WIDTH="107" />
<SP HEIGHT="39" HPOS="420" VPOS="1194" WIDTH="30" />
<String CONTENT="20," HEIGHT="45" HPOS="451" VPOS="1194" WIDTH="68" />
<SP HEIGHT="44" HPOS="520" VPOS="1195" WIDTH="29" />
<String CONTENT="1934;" CS="1" HEIGHT="40" HPOS="550" VPOS="1193" WIDTH="114" />
<SP HEIGHT="40" HPOS="691" VPOS="1194" WIDTH="30" />
<String CONTENT="2c." HEIGHT="39" HPOS="722" VPOS="1194" WIDTH="65" />
<SP HEIGHT="36" HPOS="788" VPOS="1196" WIDTH="33" />
<String CONTENT="Dec." HEIGHT="36" HPOS="822" VPOS="1196" WIDTH="107" />
<SP HEIGHT="34" HPOS="930" VPOS="1197" WIDTH="31" />
<String CONTENT="22;" CS="1" HEIGHT="37" HPOS="962" VPOS="1195" WIDTH="57" />
<SP HEIGHT="28" HPOS="1042" VPOS="1206" WIDTH="32" />
<String CONTENT="aff." HEIGHT="39" HPOS="1075" VPOS="1194" WIDTH="78" />
<SP HEIGHT="37" HPOS="1154" VPOS="1195" WIDTH="30" />
<String CONTENT="Dec." HEIGHT="37" HPOS="1185" VPOS="1195" WIDTH="106" />
<SP HEIGHT="38" HPOS="1292" VPOS="1194" WIDTH="32" />
<String CONTENT="24;" CS="1" HEIGHT="38" HPOS="1325" VPOS="1194" WIDTH="52" />
<SP HEIGHT="39" HPOS="1405" VPOS="1195" WIDTH="34" />
<String CONTENT="A" HEIGHT="37" HPOS="1440" VPOS="1195" WIDTH="36" />
<SP HEIGHT="37" HPOS="1477" VPOS="1195" WIDTH="34" />
<String CONTENT="77829;" CS="1" HEIGHT="41" HPOS="1512" VPOS="1192" WIDTH="138" />
<SP HEIGHT="38" HPOS="1678" VPOS="1195" WIDTH="34" />
<String CONTENT="University" HEIGHT="47" HPOS="1713" VPOS="1193" WIDTH="279" />
<SP HEIGHT="34" HPOS="1993" VPOS="1206" WIDTH="33" />
<String CONTENT="of" HEIGHT="39" HPOS="2027" VPOS="1194" WIDTH="46" />
<SP HEIGHT="39" HPOS="2074" VPOS="1194" WIDTH="33" />
<String CONTENT="Chicago," HEIGHT="103" HPOS="296" VPOS="1194" WIDTH="1899" />
<SP HEIGHT="42" HPOS="424" VPOS="1251" WIDTH="28" />
<String CONTENT="Chicago." HEIGHT="43" HPOS="453" VPOS="1251" WIDTH="218" />
<SP HEIGHT="46" HPOS="672" VPOS="1251" WIDTH="72" />
<String CONTENT="(35-292)" HEIGHT="47" HPOS="745" VPOS="1250" WIDTH="218" />
</TextLine>
<TextLine HEIGHT="67" HPOS="227" STYLEREFS="StyleId-E224943A-6052-4FF2-A2BD-60D451360A2D-" VPOS="1313" WIDTH="783">
<String CONTENT="Meadows," HEIGHT="64" HPOS="227" VPOS="1313" WIDTH="308" />
<SP HEIGHT="63" HPOS="536" VPOS="1314" WIDTH="28" />
<String CONTENT="Robert," HEIGHT="62" HPOS="565" VPOS="1314" WIDTH="239" />
<SP HEIGHT="44" HPOS="805" VPOS="1332" WIDTH="27" />
<String CONTENT="comp." HEIGHT="49" HPOS="833" VPOS="1331" WIDTH="177" />
</TextLine>
<TextLine CS="1" HEIGHT="147" HPOS="224" STYLEREFS="StyleId-246AFF26-C688-4BF6-9661-20A9015D2D96-" VPOS="1387" WIDTH="1984">
<String CONTENT="A" HEIGHT="51" HPOS="262" VPOS="1388" WIDTH="50" />
<SP HEIGHT="67" HPOS="313" VPOS="1388" WIDTH="41" />
<String CONTENT="private" HEIGHT="66" HPOS="355" VPOS="1389" WIDTH="222" />
<SP HEIGHT="33" HPOS="578" VPOS="1407" WIDTH="43" />
<String CONTENT="anthropological" HEIGHT="68" HPOS="622" VPOS="1389" WIDTH="493" />
<SP HEIGHT="51" HPOS="1116" VPOS="1389" WIDTH="39" />
<String CONTENT="cabinet" HEIGHT="51" HPOS="1156" VPOS="1389" WIDTH="219" />
<SP HEIGHT="45" HPOS="1376" VPOS="1395" WIDTH="44" />
<String CONTENT="of" HEIGHT="52" HPOS="1421" VPOS="1388" WIDTH="64" />
<SP HEIGHT="51" HPOS="1486" VPOS="1388" WIDTH="44" />
<String CONTENT="500" HEIGHT="48" HPOS="1531" VPOS="1391" WIDTH="99" />
<SP HEIGHT="49" HPOS="1631" VPOS="1391" WIDTH="44" />
<String CONTENT="authentic" HEIGHT="51" HPOS="1676" VPOS="1389" WIDTH="289" />
<SP HEIGHT="33" HPOS="1966" VPOS="1407" WIDTH="45" />
<String CONTENT="racialesoteric" HEIGHT="130" HPOS="224" VPOS="1387" WIDTH="1962" />
<SP HEIGHT="49" HPOS="456" VPOS="1483" WIDTH="25" />
<String CONTENT="photographs" HEIGHT="68" HPOS="482" VPOS="1465" WIDTH="392" />
<SP HEIGHT="34" HPOS="875" VPOS="1484" WIDTH="27" />
<String CONTENT="and" HEIGHT="52" HPOS="903" VPOS="1466" WIDTH="107" />
<SP HEIGHT="52" HPOS="1011" VPOS="1466" WIDTH="31" />
<String CONTENT="illustrations" HEIGHT="53" HPOS="1043" VPOS="1465" WIDTH="377" />
<SP HEIGHT="34" HPOS="1421" VPOS="1484" WIDTH="27" />
<String CONTENT="after" HEIGHT="52" HPOS="1449" VPOS="1465" WIDTH="150" />
<SP HEIGHT="46" HPOS="1600" VPOS="1471" WIDTH="30" />
<String CONTENT="the" HEIGHT="52" HPOS="1631" VPOS="1465" WIDTH="92" />
<SP HEIGHT="33" HPOS="1724" VPOS="1484" WIDTH="28" />
<String CONTENT="originals" HEIGHT="70" HPOS="1753" VPOS="1464" WIDTH="276" />
<SP HEIGHT="53" HPOS="2030" VPOS="1464" WIDTH="29" />
<String CONTENT="from" HEIGHT="51" HPOS="2060" VPOS="1464" WIDTH="148" />
</TextLine>
<TextLine CS="1" HEIGHT="146" HPOS="223" STYLEREFS="StyleId-246AFF26-C688-4BF6-9661-20A9015D2D96-" VPOS="1542" WIDTH="1987">
<String CONTENT="scientific" HEIGHT="52" HPOS="223" VPOS="1542" WIDTH="270" />
<SP HEIGHT="33" HPOS="494" VPOS="1561" WIDTH="27" />
<String CONTENT="explorations," HEIGHT="67" HPOS="522" VPOS="1543" WIDTH="403" />
<SP HEIGHT="67" HPOS="926" VPOS="1543" WIDTH="28" />
<String CONTENT="field" HEIGHT="52" HPOS="955" VPOS="1543" WIDTH="130" />
<SP HEIGHT="51" HPOS="1086" VPOS="1544" WIDTH="28" />
<String CONTENT="studies" HEIGHT="52" HPOS="1115" VPOS="1543" WIDTH="210" />
<SP HEIGHT="33" HPOS="1326" VPOS="1562" WIDTH="28" />
<String CONTENT="and" HEIGHT="52" HPOS="1355" VPOS="1543" WIDTH="109" />
<SP HEIGHT="52" HPOS="1465" VPOS="1543" WIDTH="28" />
<String CONTENT="museum" HEIGHT="34" HPOS="1494" VPOS="1560" WIDTH="252" />
<SP HEIGHT="33" HPOS="1747" VPOS="1561" WIDTH="31" />
<String CONTENT="archives," HEIGHT="65" HPOS="1779" VPOS="1542" WIDTH="271" />
<SP HEIGHT="49" HPOS="2051" VPOS="1560" WIDTH="30" />
<String CONTENT="portraying" HEIGHT="129" HPOS="225" VPOS="1559" WIDTH="1962" />
<SP HEIGHT="67" HPOS="458" VPOS="1621" WIDTH="41" />
<String CONTENT="intimate" HEIGHT="51" HPOS="500" VPOS="1621" WIDTH="257" />
<SP HEIGHT="33" HPOS="758" VPOS="1639" WIDTH="45" />
<String CONTENT="rites" HEIGHT="53" HPOS="804" VPOS="1620" WIDTH="134" />
<SP HEIGHT="34" HPOS="939" VPOS="1639" WIDTH="45" />
<String CONTENT="and" HEIGHT="51" HPOS="985" VPOS="1621" WIDTH="112" />
<SP HEIGHT="51" HPOS="1098" VPOS="1621" WIDTH="44" />
<String CONTENT="customs," HEIGHT="61" HPOS="1143" VPOS="1625" WIDTH="258" />
<SP HEIGHT="47" HPOS="1402" VPOS="1639" WIDTH="46" />
<String CONTENT="racial" HEIGHT="53" HPOS="1449" VPOS="1619" WIDTH="174" />
<SP HEIGHT="51" HPOS="1624" VPOS="1621" WIDTH="43" />
<String CONTENT="types" HEIGHT="61" HPOS="1668" VPOS="1626" WIDTH="163" />
<SP HEIGHT="33" HPOS="1832" VPOS="1639" WIDTH="45" />
<String CONTENT="of" HEIGHT="54" HPOS="1878" VPOS="1618" WIDTH="63" />
<SP HEIGHT="53" HPOS="1942" VPOS="1618" WIDTH="41" />
<String CONTENT="beauty," HEIGHT="67" HPOS="1984" VPOS="1619" WIDTH="226" />
</TextLine>
<TextLine HEIGHT="69" HPOS="228" STYLEREFS="StyleId-246AFF26-C688-4BF6-9661-20A9015D2D96-" VPOS="1696" WIDTH="1982">
<String CONTENT="phenomena" HEIGHT="66" HPOS="228" VPOS="1697" WIDTH="343" />
<SP HEIGHT="33" HPOS="572" VPOS="1716" WIDTH="28" />
<String CONTENT="of" HEIGHT="53" HPOS="601" VPOS="1696" WIDTH="63" />
<SP HEIGHT="53" HPOS="665" VPOS="1696" WIDTH="26" />
<String CONTENT="childbirth," HEIGHT="67" HPOS="692" VPOS="1697" WIDTH="330" />
<SP HEIGHT="68" HPOS="1023" VPOS="1696" WIDTH="29" />
<String CONTENT="freaks," HEIGHT="68" HPOS="1053" VPOS="1696" WIDTH="208" />
<SP HEIGHT="48" HPOS="1262" VPOS="1716" WIDTH="29" />
<String CONTENT="ethnic" HEIGHT="53" HPOS="1292" VPOS="1697" WIDTH="188" />
<SP HEIGHT="35" HPOS="1481" VPOS="1715" WIDTH="25" />
<String CONTENT="mutilations" HEIGHT="53" HPOS="1507" VPOS="1697" WIDTH="357" />
<SP HEIGHT="34" HPOS="1865" VPOS="1716" WIDTH="32" />
<String CONTENT="and" HEIGHT="52" HPOS="1898" VPOS="1698" WIDTH="108" />
<SP HEIGHT="52" HPOS="2007" VPOS="1698" WIDTH="31" />
<String CONTENT="many" HEIGHT="50" HPOS="2039" VPOS="1715" WIDTH="171" />
</TextLine>
<TextLine HEIGHT="70" HPOS="222" STYLEREFS="StyleId-246AFF26-C688-4BF6-9661-20A9015D2D96-" VPOS="1773" WIDTH="1986">
<String CONTENT="other" HEIGHT="51" HPOS="222" VPOS="1774" WIDTH="160" />
<SP HEIGHT="33" HPOS="383" VPOS="1793" WIDTH="26" />
<String CONTENT="curiosities" HEIGHT="52" HPOS="410" VPOS="1775" WIDTH="314" />
<SP HEIGHT="33" HPOS="725" VPOS="1794" WIDTH="26" />
<String CONTENT="of" HEIGHT="52" HPOS="752" VPOS="1774" WIDTH="62" />
<SP HEIGHT="52" HPOS="815" VPOS="1774" WIDTH="25" />
<String CONTENT="the" HEIGHT="51" HPOS="841" VPOS="1775" WIDTH="93" />
<SP HEIGHT="34" HPOS="935" VPOS="1793" WIDTH="29" />
<String CONTENT="erotic" HEIGHT="52" HPOS="965" VPOS="1775" WIDTH="174" />
<SP HEIGHT="51" HPOS="1140" VPOS="1776" WIDTH="25" />
<String CONTENT="life" HEIGHT="53" HPOS="1166" VPOS="1773" WIDTH="101" />
<SP HEIGHT="34" HPOS="1268" VPOS="1793" WIDTH="28" />
<String CONTENT="of" HEIGHT="54" HPOS="1297" VPOS="1773" WIDTH="63" />
<SP HEIGHT="54" HPOS="1361" VPOS="1773" WIDTH="28" />
<String CONTENT="savage" HEIGHT="50" HPOS="1390" VPOS="1793" WIDTH="203" />
<SP HEIGHT="33" HPOS="1594" VPOS="1793" WIDTH="30" />
<String CONTENT="and" HEIGHT="52" HPOS="1625" VPOS="1775" WIDTH="110" />
<SP HEIGHT="52" HPOS="1736" VPOS="1775" WIDTH="29" />
<String CONTENT="civilized" HEIGHT="53" HPOS="1766" VPOS="1774" WIDTH="258" />
<SP HEIGHT="52" HPOS="2025" VPOS="1775" WIDTH="31" />
<String CONTENT="races" HEIGHT="36" HPOS="2057" VPOS="1790" WIDTH="151" />
</TextLine>
<TextLine CS="1" HEIGHT="223" HPOS="220" STYLEREFS="StyleId-246AFF26-C688-4BF6-9661-20A9015D2D96-" VPOS="1851" WIDTH="1963">
<String CONTENT="of" HEIGHT="51" HPOS="224" VPOS="1852" WIDTH="62" />
<SP HEIGHT="51" HPOS="287" VPOS="1852" WIDTH="32" />
<String CONTENT="mankind," HEIGHT="54" HPOS="320" VPOS="1852" WIDTH="290" />
<SP HEIGHT="36" HPOS="611" VPOS="1870" WIDTH="32" />
<String CONTENT="collected." CS="1" HEIGHT="51" HPOS="644" VPOS="1853" WIDTH="261" />
<SP HEIGHT="33" HPOS="928" VPOS="1871" WIDTH="34" />
<String CONTENT="annotated." CS="1" HEIGHT="52" HPOS="963" VPOS="1852" WIDTH="301" />
<SP HEIGHT="33" HPOS="1287" VPOS="1871" WIDTH="34" />
<String CONTENT="arranged" HEIGHT="67" HPOS="1322" VPOS="1853" WIDTH="278" />
<SP HEIGHT="52" HPOS="1601" VPOS="1852" WIDTH="35" />
<String CONTENT="by" HEIGHT="67" HPOS="1637" VPOS="1852" WIDTH="73" />
<SP HEIGHT="61" HPOS="1711" VPOS="1858" WIDTH="36" />
<String CONTENT="the" HEIGHT="51" HPOS="1748" VPOS="1853" WIDTH="93" />
<SP HEIGHT="34" HPOS="1842" VPOS="1870" WIDTH="36" />
<String CONTENT="anthropologist." HEIGHT="145" HPOS="222" VPOS="1851" WIDTH="1960" />
<SP HEIGHT="54" HPOS="388" VPOS="1929" WIDTH="34" />
<String CONTENT="Robert" HEIGHT="52" HPOS="423" VPOS="1929" WIDTH="211" />
<SP HEIGHT="51" HPOS="635" VPOS="1930" WIDTH="37" />
<String CONTENT="Meadows" HEIGHT="51" HPOS="673" VPOS="1930" WIDTH="286" />
<SP HEIGHT="32" HPOS="960" VPOS="1949" WIDTH="42" />
<String CONTENT="&#8230;" CS="1" />
<SP HEIGHT="51" HPOS="1058" VPOS="1930" WIDTH="75" />
<String CONTENT="Privately" HEIGHT="68" HPOS="1134" VPOS="1929" WIDTH="295" />
<SP HEIGHT="67" HPOS="1430" VPOS="1930" WIDTH="38" />
<String CONTENT="issued" HEIGHT="52" HPOS="1469" VPOS="1930" WIDTH="184" />
<SP HEIGHT="53" HPOS="1654" VPOS="1929" WIDTH="41" />
<String CONTENT="for" HEIGHT="52" HPOS="1696" VPOS="1929" WIDTH="91" />
<SP HEIGHT="34" HPOS="1788" VPOS="1947" WIDTH="38" />
<String CONTENT="mature" HEIGHT="46" HPOS="1827" VPOS="1935" WIDTH="218" />
<SP HEIGHT="33" HPOS="2046" VPOS="1948" WIDTH="35" />
<String CONTENT="subscribers" HEIGHT="131" HPOS="220" VPOS="1928" WIDTH="1963" />
<SP HEIGHT="34" HPOS="457" VPOS="2025" WIDTH="26" />
<String CONTENT="only." HEIGHT="66" HPOS="484" VPOS="2007" WIDTH="148" />
<SP HEIGHT="51" HPOS="633" VPOS="2007" WIDTH="63" />
<String CONTENT="New" HEIGHT="51" HPOS="697" VPOS="2007" WIDTH="134" />
<SP HEIGHT="52" HPOS="832" VPOS="2007" WIDTH="30" />
<String CONTENT="York." HEIGHT="53" HPOS="863" VPOS="2006" WIDTH="177" />
<SP HEIGHT="53" HPOS="1041" VPOS="2006" WIDTH="28" />
<String CONTENT="N." HEIGHT="52" HPOS="1070" LANG="fr" VPOS="2006" WIDTH="67" />
<SP HEIGHT="51" HPOS="1138" VPOS="2007" WIDTH="29" />
<String CONTENT="Y.," HEIGHT="65" HPOS="1168" VPOS="2007" WIDTH="88" />
<SP HEIGHT="65" HPOS="1257" VPOS="2007" WIDTH="28" />
<String CONTENT="Falstaff" HEIGHT="53" HPOS="1286" VPOS="2005" WIDTH="244" />
<SP HEIGHT="69" HPOS="1531" VPOS="2005" WIDTH="27" />
<String CONTENT="press," HEIGHT="49" HPOS="1559" VPOS="2025" WIDTH="173" />
<SP HEIGHT="64" HPOS="1733" VPOS="2008" WIDTH="28" />
<String CONTENT="inc." HEIGHT="51" HPOS="1762" VPOS="2008" WIDTH="104" />
<SP HEIGHT="33" HPOS="1867" VPOS="2040" WIDTH="37" />
<String CONTENT="[" HEIGHT="33" HPOS="1905" VPOS="2040" WIDTH="11" />
<String CONTENT="c" HEIGHT="22" HPOS="1923" STYLE="superscript" VPOS="2012" WIDTH="16" />
<String CONTENT="1934]" HEIGHT="62" HPOS="1946" VPOS="2009" WIDTH="150" />
</TextLine>
<TextLine CS="1" HEIGHT="50" HPOS="298" VPOS="2078" WIDTH="1434">
<String CONTENT="1" HEIGHT="36" HPOS="298" VPOS="2080" WIDTH="15" />
<SP HEIGHT="45" HPOS="314" VPOS="2080" WIDTH="35" />
<String CONTENT="p." CS="1" LANG="fr" />
<SP />
<String CONTENT="l." CS="1" LANG="fr" />
<String CONTENT="," CS="1" />
<SP HEIGHT="29" HPOS="464" VPOS="2099" WIDTH="33" />
<String CONTENT="[91]" HEIGHT="50" HPOS="498" VPOS="2078" WIDTH="84" />
<SP HEIGHT="39" HPOS="583" VPOS="2088" WIDTH="27" />
<String CONTENT="p." HEIGHT="37" HPOS="611" VPOS="2088" WIDTH="43" />
<SP HEIGHT="28" HPOS="655" VPOS="2090" WIDTH="29" />
<String CONTENT="of" HEIGHT="38" HPOS="685" VPOS="2080" WIDTH="51" />
<SP HEIGHT="37" HPOS="737" VPOS="2079" WIDTH="27" />
<String CONTENT="illus." HEIGHT="39" HPOS="765" VPOS="2079" WIDTH="125" />
<SP HEIGHT="44" HPOS="891" VPOS="2080" WIDTH="43" />
<String CONTENT="(inch" HEIGHT="45" HPOS="935" VPOS="2079" WIDTH="131" />
<SP HEIGHT="38" HPOS="1067" VPOS="2080" WIDTH="30" />
<String CONTENT="facsims.)" HEIGHT="45" HPOS="1098" VPOS="2080" WIDTH="235" />
<SP HEIGHT="45" HPOS="1334" VPOS="2080" WIDTH="41" />
<String CONTENT="diagr." HEIGHT="45" HPOS="1376" VPOS="2079" WIDTH="150" />
<SP HEIGHT="39" HPOS="1527" VPOS="2078" WIDTH="60" />
<String CONTENT="25&#189;" CS="1" HEIGHT="39" HPOS="1588" VPOS="2078" WIDTH="55" />
<String CONTENT="cm" HEIGHT="20" HPOS="1677" STYLE="superscript" VPOS="2081" WIDTH="42" />
<String CONTENT="." HEIGHT="5" HPOS="1727" VPOS="2113" WIDTH="5" />
</TextLine>
<TextLine CS="1" HEIGHT="50" HPOS="292" VPOS="2133" WIDTH="1913">
<String CONTENT="&#8220;This" HEIGHT="39" HPOS="292" VPOS="2136" WIDTH="145" />
<SP HEIGHT="28" HPOS="438" VPOS="2147" WIDTH="26" />
<String CONTENT="edition" HEIGHT="39" HPOS="465" VPOS="2136" WIDTH="181" />
<SP HEIGHT="28" HPOS="647" VPOS="2146" WIDTH="33" />
<String CONTENT="&#8230;" CS="1" />
<SP HEIGHT="38" HPOS="727" VPOS="2136" WIDTH="31" />
<String CONTENT="is" HEIGHT="39" HPOS="759" VPOS="2136" WIDTH="41" />
<SP HEIGHT="30" HPOS="801" VPOS="2145" WIDTH="27" />
<String CONTENT="strictly" HEIGHT="45" HPOS="829" VPOS="2136" WIDTH="189" />
<SP HEIGHT="45" HPOS="1019" VPOS="2136" WIDTH="28" />
<String CONTENT="limited" HEIGHT="39" HPOS="1048" VPOS="2136" WIDTH="181" />
<SP HEIGHT="37" HPOS="1230" VPOS="2138" WIDTH="33" />
<String CONTENT="to" HEIGHT="37" HPOS="1264" VPOS="2138" WIDTH="47" />
<SP HEIGHT="41" HPOS="1312" VPOS="2133" WIDTH="30" />
<String CONTENT="fifteen" HEIGHT="42" HPOS="1343" VPOS="2133" WIDTH="167" />
<SP HEIGHT="38" HPOS="1511" VPOS="2137" WIDTH="28" />
<String CONTENT="hundred" HEIGHT="39" HPOS="1540" VPOS="2136" WIDTH="216" />
<SP HEIGHT="37" HPOS="1757" VPOS="2138" WIDTH="30" />
<String CONTENT="copies" HEIGHT="47" HPOS="1788" VPOS="2136" WIDTH="158" />
<SP HEIGHT="27" HPOS="1947" VPOS="2147" WIDTH="35" />
<String CONTENT="&#8230;" CS="1" />
<SP HEIGHT="38" HPOS="2028" VPOS="2136" WIDTH="61" />
<String CONTENT="This" HEIGHT="38" HPOS="2090" VPOS="2136" WIDTH="115" />
</TextLine>
<TextLine CS="1" HEIGHT="46" HPOS="221" VPOS="2192" WIDTH="512">
<String CONTENT="copy" HEIGHT="36" HPOS="221" VPOS="2202" WIDTH="115" />
<SP HEIGHT="43" HPOS="337" VPOS="2194" WIDTH="26" />
<String CONTENT="is" HEIGHT="37" HPOS="364" VPOS="2194" WIDTH="39" />
<SP HEIGHT="27" HPOS="404" VPOS="2204" WIDTH="29" />
<String CONTENT="&#8230;" CS="1" />
<SP HEIGHT="29" HPOS="479" VPOS="2202" WIDTH="27" />
<String CONTENT="no." HEIGHT="29" HPOS="507" VPOS="2202" WIDTH="72" />
<SP HEIGHT="37" HPOS="580" VPOS="2192" WIDTH="26" />
<String CONTENT="151.&#8221;" HEIGHT="39" HPOS="607" VPOS="2192" WIDTH="126" />
</TextLine>
<TextLine CS="1" HEIGHT="51" HPOS="225" VPOS="2247" WIDTH="1887">
<String CONTENT="&#169;" HEIGHT="50" HPOS="225" VPOS="2247" WIDTH="50" />
<SP HEIGHT="50" HPOS="276" VPOS="2247" WIDTH="26" />
<String CONTENT="Dec." HEIGHT="37" HPOS="303" VPOS="2252" WIDTH="107" />
<SP HEIGHT="36" HPOS="411" VPOS="2252" WIDTH="25" />
<String CONTENT="3." HEIGHT="39" HPOS="437" VPOS="2252" WIDTH="38" />
<SP HEIGHT="39" HPOS="476" VPOS="2252" WIDTH="26" />
<String CONTENT="1934;" CS="1" HEIGHT="40" HPOS="503" VPOS="2249" WIDTH="107" />
<SP HEIGHT="38" HPOS="641" VPOS="2252" WIDTH="27" />
<String CONTENT="2c." HEIGHT="36" HPOS="669" VPOS="2252" WIDTH="63" />
<SP HEIGHT="37" HPOS="733" VPOS="2251" WIDTH="28" />
<String CONTENT="Dec." HEIGHT="38" HPOS="762" VPOS="2251" WIDTH="108" />
<SP HEIGHT="36" HPOS="871" VPOS="2252" WIDTH="26" />
<String CONTENT="15;" CS="1" HEIGHT="37" HPOS="898" VPOS="2251" WIDTH="54" />
<SP HEIGHT="29" HPOS="979" VPOS="2261" WIDTH="29" />
<String CONTENT="aff." HEIGHT="39" HPOS="1009" VPOS="2250" WIDTH="78" />
<SP HEIGHT="37" HPOS="1088" VPOS="2251" WIDTH="28" />
<String CONTENT="Dec." HEIGHT="37" HPOS="1117" VPOS="2251" WIDTH="106" />
<SP HEIGHT="36" HPOS="1224" VPOS="2252" WIDTH="28" />
<String CONTENT="18;" CS="1" HEIGHT="39" HPOS="1253" VPOS="2250" WIDTH="52" />
<SP HEIGHT="39" HPOS="1333" VPOS="2252" WIDTH="27" />
<String CONTENT="A" HEIGHT="36" HPOS="1361" VPOS="2252" WIDTH="36" />
<SP HEIGHT="38" HPOS="1398" VPOS="2252" WIDTH="27" />
<String CONTENT="78607;" CS="1" HEIGHT="40" HPOS="1426" VPOS="2250" WIDTH="140" />
<SP HEIGHT="40" HPOS="1593" VPOS="2252" WIDTH="31" />
<String CONTENT="Falstaff" HEIGHT="40" HPOS="1625" VPOS="2251" WIDTH="208" />
<SP HEIGHT="47" HPOS="1834" VPOS="2251" WIDTH="27" />
<String CONTENT="press," HEIGHT="37" HPOS="1862" VPOS="2261" WIDTH="147" />
<SP HEIGHT="40" HPOS="2010" VPOS="2252" WIDTH="27" />
<String CONTENT="inc" HEIGHT="37" HPOS="2038" VPOS="2252" WIDTH="74" />
</TextLine>
<TextLine HEIGHT="45" HPOS="301" VPOS="2306" WIDTH="217">
<String CONTENT="(35-278)" HEIGHT="45" HPOS="301" VPOS="2306" WIDTH="217" />
</TextLine>
<TextLine HEIGHT="56" HPOS="223" STYLEREFS="StyleId-E224943A-6052-4FF2-A2BD-60D451360A2D-" VPOS="2368" WIDTH="898">
<String CONTENT="Middleton." HEIGHT="53" HPOS="223" VPOS="2370" WIDTH="335" />
<SP HEIGHT="54" HPOS="559" VPOS="2369" WIDTH="29" />
<String CONTENT="John" HEIGHT="52" HPOS="589" VPOS="2369" WIDTH="151" />
<SP HEIGHT="53" HPOS="741" VPOS="2370" WIDTH="27" />
<String CONTENT="Stanislaus." HEIGHT="56" HPOS="769" VPOS="2368" WIDTH="352" />
</TextLine>
<TextLine CS="1" HEIGHT="69" HPOS="290" STYLEREFS="StyleId-246AFF26-C688-4BF6-9661-20A9015D2D96-" VPOS="2442" WIDTH="1915">
<String CONTENT="Living" HEIGHT="67" HPOS="290" VPOS="2444" WIDTH="211" />
<SP HEIGHT="67" HPOS="502" VPOS="2444" WIDTH="29" />
<String CONTENT="for" HEIGHT="52" HPOS="532" VPOS="2444" WIDTH="91" />
<SP HEIGHT="53" HPOS="624" VPOS="2443" WIDTH="28" />
<String CONTENT="God," HEIGHT="67" HPOS="653" VPOS="2443" WIDTH="144" />
<SP HEIGHT="66" HPOS="798" VPOS="2444" WIDTH="27" />
<String CONTENT="by" HEIGHT="65" HPOS="826" VPOS="2444" WIDTH="73" />
<SP HEIGHT="67" HPOS="900" VPOS="2442" WIDTH="27" />
<String CONTENT="Rev." HEIGHT="54" HPOS="928" VPOS="2442" WIDTH="135" />
<SP HEIGHT="52" HPOS="1064" VPOS="2444" WIDTH="32" />
<String CONTENT="John" HEIGHT="52" HPOS="1097" VPOS="2444" WIDTH="147" />
<SP HEIGHT="53" HPOS="1245" VPOS="2443" WIDTH="36" />
<String CONTENT="S." HEIGHT="53" HPOS="1282" VPOS="2443" WIDTH="54" />
<SP HEIGHT="51" HPOS="1337" VPOS="2445" WIDTH="29" />
<String CONTENT="Middleton" HEIGHT="54" HPOS="1367" VPOS="2443" WIDTH="317" />
<SP HEIGHT="34" HPOS="1685" VPOS="2463" WIDTH="41" />
<String CONTENT="&#8230;" CS="1" />
<SP HEIGHT="52" HPOS="1781" VPOS="2444" WIDTH="78" />
<String CONTENT="New" HEIGHT="52" HPOS="1860" VPOS="2444" WIDTH="135" />
<SP HEIGHT="51" HPOS="1996" VPOS="2444" WIDTH="32" />
<String CONTENT="York," HEIGHT="67" HPOS="2029" VPOS="2444" WIDTH="176" />
</TextLine>
<TextLine CS="1" HEIGHT="68" HPOS="223" STYLEREFS="StyleId-246AFF26-C688-4BF6-9661-20A9015D2D96-" VPOS="2520" WIDTH="883">
<String CONTENT="P." HEIGHT="50" HPOS="223" LANG="fr" VPOS="2521" WIDTH="61" />
<SP HEIGHT="52" HPOS="285" VPOS="2521" WIDTH="35" />
<String CONTENT="J." HEIGHT="53" HPOS="321" VPOS="2521" WIDTH="54" />
<SP HEIGHT="53" HPOS="376" VPOS="2521" WIDTH="36" />
<String CONTENT="Kenedy" HEIGHT="68" HPOS="413" VPOS="2520" WIDTH="237" />
<SP HEIGHT="67" HPOS="651" VPOS="2521" WIDTH="34" />
<String CONTENT="&amp;" HEIGHT="50" HPOS="686" VPOS="2521" WIDTH="45" />
<SP HEIGHT="52" HPOS="732" VPOS="2521" WIDTH="32" />
<String CONTENT="sons" HEIGHT="36" HPOS="765" VPOS="2537" WIDTH="126" />
<SP HEIGHT="48" HPOS="892" VPOS="2539" WIDTH="39" />
<String CONTENT="[c" CS="1" HEIGHT="33" HPOS="932" STYLE="subscript" VPOS="2554" WIDTH="12" />
<String CONTENT="1934]" CS="1" HEIGHT="48" HPOS="973" VPOS="2523" WIDTH="133" />
</TextLine>
<TextLine CS="1" HEIGHT="48" HPOS="290" VPOS="2593" WIDTH="601">
<String CONTENT="xvii," HEIGHT="39" HPOS="290" VPOS="2596" WIDTH="112" />
<SP HEIGHT="27" HPOS="403" VPOS="2614" WIDTH="33" />
<String CONTENT="[1]." CS="1" HEIGHT="8" HPOS="499" VPOS="2627" WIDTH="6" />
<SP HEIGHT="39" HPOS="506" VPOS="2596" WIDTH="28" />
<String CONTENT="333" HEIGHT="38" HPOS="535" VPOS="2595" WIDTH="83" />
<SP HEIGHT="46" HPOS="619" VPOS="2595" WIDTH="27" />
<String CONTENT="p." HEIGHT="36" HPOS="647" VPOS="2605" WIDTH="43" />
<SP HEIGHT="41" HPOS="691" VPOS="2593" WIDTH="55" />
<String CONTENT="22&#189;" CS="1" HEIGHT="39" HPOS="747" VPOS="2593" WIDTH="55" />
<String CONTENT="cm" HEIGHT="20" HPOS="834" STYLE="superscript" VPOS="2597" WIDTH="43" />
<String CONTENT="." HEIGHT="6" HPOS="885" VPOS="2627" WIDTH="6" />
</TextLine>
<TextLine CS="1" HEIGHT="51" HPOS="223" VPOS="2647" WIDTH="1978">
<String CONTENT="&#169;" HEIGHT="51" HPOS="223" VPOS="2647" WIDTH="50" />
<SP HEIGHT="51" HPOS="274" VPOS="2647" WIDTH="23" />
<String CONTENT="Nov." HEIGHT="38" HPOS="298" VPOS="2652" WIDTH="114" />
<SP HEIGHT="38" HPOS="413" VPOS="2652" WIDTH="28" />
<String CONTENT="16," CS="1" HEIGHT="38" HPOS="442" VPOS="2651" WIDTH="52" />
<SP />
<String CONTENT="1934;" CS="1" HEIGHT="37" HPOS="539" VPOS="2651" WIDTH="105" />
<SP HEIGHT="39" HPOS="672" VPOS="2651" WIDTH="27" />
<String CONTENT="2c." HEIGHT="37" HPOS="700" VPOS="2651" WIDTH="62" />
<SP HEIGHT="36" HPOS="763" VPOS="2652" WIDTH="25" />
<String CONTENT="Dec." HEIGHT="37" HPOS="789" VPOS="2652" WIDTH="109" />
<SP HEIGHT="37" HPOS="899" VPOS="2652" WIDTH="24" />
<String CONTENT="10;" CS="1" HEIGHT="38" HPOS="924" VPOS="2650" WIDTH="53" />
<SP HEIGHT="29" HPOS="1005" VPOS="2661" WIDTH="28" />
<String CONTENT="aff." HEIGHT="39" HPOS="1034" VPOS="2650" WIDTH="77" />
<SP HEIGHT="36" HPOS="1112" VPOS="2652" WIDTH="27" />
<String CONTENT="Dec." HEIGHT="37" HPOS="1140" VPOS="2652" WIDTH="107" />
<SP HEIGHT="37" HPOS="1248" VPOS="2652" WIDTH="26" />
<String CONTENT="11;" CS="1" HEIGHT="37" HPOS="1275" VPOS="2652" WIDTH="44" />
<SP HEIGHT="39" HPOS="1355" VPOS="2652" WIDTH="29" />
<String CONTENT="A" HEIGHT="38" HPOS="1385" VPOS="2652" WIDTH="34" />
<SP HEIGHT="39" HPOS="1420" VPOS="2652" WIDTH="26" />
<String CONTENT="78478;" CS="1" HEIGHT="40" HPOS="1447" VPOS="2652" WIDTH="143" />
<SP HEIGHT="39" HPOS="1616" VPOS="2653" WIDTH="28" />
<String CONTENT="P." HEIGHT="38" HPOS="1645" LANG="fr" VPOS="2653" WIDTH="48" />
<SP HEIGHT="38" HPOS="1694" VPOS="2653" WIDTH="27" />
<String CONTENT="J." HEIGHT="39" HPOS="1722" VPOS="2653" WIDTH="41" />
<SP HEIGHT="39" HPOS="1764" VPOS="2653" WIDTH="27" />
<String CONTENT="Kenedy" HEIGHT="40" HPOS="1792" VPOS="2653" WIDTH="198" />
<SP HEIGHT="40" HPOS="1991" VPOS="2653" WIDTH="28" />
<String CONTENT="&amp;" HEIGHT="39" HPOS="2020" VPOS="2653" WIDTH="32" />
<SP HEIGHT="39" HPOS="2053" VPOS="2653" WIDTH="25" />
<String CONTENT="sons." HEIGHT="29" HPOS="2079" VPOS="2662" WIDTH="122" />
</TextLine>
<TextLine HEIGHT="46" HPOS="299" VPOS="2708" WIDTH="219">
<String CONTENT="(35-243)" HEIGHT="46" HPOS="299" VPOS="2708" WIDTH="219" />
</TextLine>
<TextLine HEIGHT="63" HPOS="223" STYLEREFS="StyleId-246AFF26-C688-4BF6-9661-20A9015D2D96-" VPOS="2768" WIDTH="959">
<String CONTENT="Montherlant," HEIGHT="62" HPOS="223" VPOS="2768" WIDTH="415" />
<SP HEIGHT="60" HPOS="639" VPOS="2770" WIDTH="26" />
<String CONTENT="Henry" HEIGHT="61" HPOS="666" VPOS="2770" WIDTH="203" />
<SP HEIGHT="62" HPOS="870" VPOS="2769" WIDTH="26" />
<String CONTENT="de," HEIGHT="60" HPOS="897" LANG="fr" VPOS="2769" WIDTH="86" />
<SP HEIGHT="54" HPOS="984" VPOS="2775" WIDTH="30" />
<String CONTENT="1893-" HEIGHT="47" HPOS="1015" VPOS="2774" WIDTH="167" />
</TextLine>
<TextLine CS="1" HEIGHT="68" HPOS="345" LANG="fr" STYLEREFS="StyleId-246AFF26-C688-4BF6-9661-20A9015D2D96-" VPOS="2846" WIDTH="1548">
<String CONTENT="&#8230;" CS="1" LANG="en-US" />
<SP HEIGHT="49" HPOS="345" VPOS="2848" WIDTH="30" />
<String CONTENT="Les" HEIGHT="49" HPOS="376" VPOS="2848" WIDTH="103" />
<SP HEIGHT="36" HPOS="480" VPOS="2864" WIDTH="26" />
<String CONTENT="c&#233;libataires," HEIGHT="56" HPOS="507" VPOS="2846" WIDTH="366" />
<SP HEIGHT="36" HPOS="874" VPOS="2866" WIDTH="25" />
<String CONTENT="roman." HEIGHT="34" HPOS="900" VPOS="2863" WIDTH="211" />
<SP HEIGHT="49" HPOS="1112" VPOS="2848" WIDTH="61" />
<String CONTENT="Paris," HEIGHT="54" HPOS="1174" VPOS="2848" WIDTH="180" />
<SP HEIGHT="51" HPOS="1355" VPOS="2851" WIDTH="27" />
<String CONTENT="B." HEIGHT="49" HPOS="1383" VPOS="2851" WIDTH="62" />
<SP HEIGHT="52" HPOS="1446" VPOS="2849" WIDTH="29" />
<String CONTENT="Grasset" HEIGHT="52" HPOS="1476" VPOS="2849" WIDTH="230" />
<SP HEIGHT="61" HPOS="1707" VPOS="2853" WIDTH="32" />
<String CONTENT="[1934]" CS="1" HEIGHT="63" HPOS="1740" VPOS="2851" WIDTH="153" />
</TextLine>
<TextLine CS="1" HEIGHT="48" HPOS="288" LANG="fr" VPOS="2919" WIDTH="556">
<String CONTENT="310." HEIGHT="41" HPOS="288" VPOS="2919" WIDTH="96" />
<SP HEIGHT="27" HPOS="385" VPOS="2939" WIDTH="31" />
<String CONTENT="[2]," CS="1" HEIGHT="48" HPOS="430" VPOS="2919" WIDTH="55" />
<SP HEIGHT="29" HPOS="486" VPOS="2931" WIDTH="28" />
<String CONTENT="xv" HEIGHT="26" HPOS="515" VPOS="2931" WIDTH="61" />
<SP HEIGHT="35" HPOS="577" VPOS="2930" WIDTH="28" />
<String CONTENT="p." HEIGHT="35" HPOS="606" VPOS="2930" WIDTH="38" />
<SP HEIGHT="36" HPOS="645" VPOS="2920" WIDTH="57" />
<String CONTENT="18" HEIGHT="38" HPOS="703" VPOS="2919" WIDTH="53" />
<String CONTENT="&#189;" CS="1" LANG="en-US" />
<String CONTENT="cm" CS="1" HEIGHT="20" HPOS="789" STYLE="superscript" VPOS="2920" WIDTH="15" />
<String CONTENT="." HEIGHT="5" HPOS="838" VPOS="2951" WIDTH="6" />
</TextLine>
<TextLine CS="1" HEIGHT="52" HPOS="289" LANG="fr" VPOS="2974" WIDTH="1912">
<String CONTENT="&quot;Cet" CS="1" HEIGHT="36" HPOS="289" VPOS="2978" WIDTH="90" />
<SP HEIGHT="33" HPOS="394" VPOS="2980" WIDTH="51" />
<String CONTENT="ouvrage" HEIGHT="33" HPOS="446" VPOS="2986" WIDTH="208" />
<SP HEIGHT="28" HPOS="655" VPOS="2986" WIDTH="43" />
<String CONTENT="a." HEIGHT="28" HPOS="699" VPOS="2986" WIDTH="29" />
<SP HEIGHT="39" HPOS="729" VPOS="2987" WIDTH="40" />
<String CONTENT="paru" HEIGHT="40" HPOS="770" VPOS="2986" WIDTH="117" />
<SP HEIGHT="36" HPOS="888" VPOS="2986" WIDTH="43" />
<String CONTENT="pr&#233;c&#233;demment" HEIGHT="48" HPOS="932" VPOS="2974" WIDTH="372" />
<SP HEIGHT="37" HPOS="1305" VPOS="2978" WIDTH="49" />
<String CONTENT="dans" HEIGHT="38" HPOS="1355" VPOS="2978" WIDTH="119" />
<SP HEIGHT="36" HPOS="1475" VPOS="2979" WIDTH="43" />
<String CONTENT="la" HEIGHT="38" HPOS="1519" VPOS="2979" WIDTH="42" />
<SP HEIGHT="29" HPOS="1562" VPOS="2988" WIDTH="49" />
<String CONTENT="collection" HEIGHT="39" HPOS="1612" VPOS="2978" WIDTH="249" />
<SP HEIGHT="33" HPOS="1862" VPOS="2983" WIDTH="45" />
<String CONTENT="&#8216;Pour" HEIGHT="38" HPOS="1908" VPOS="2978" WIDTH="139" />
<SP HEIGHT="27" HPOS="2048" VPOS="2989" WIDTH="43" />
<String CONTENT="mon" HEIGHT="27" HPOS="2092" VPOS="2989" WIDTH="109" />
</TextLine>
<TextLine CS="1" HEIGHT="46" HPOS="220" LANG="fr" VPOS="3032" WIDTH="222">
<String CONTENT="plaisir'.''" CS="1" HEIGHT="46" HPOS="220" VPOS="3032" WIDTH="222" />
</TextLine>
<TextLine CS="1" HEIGHT="41" HPOS="287" VPOS="3087" WIDTH="468">
<String CONTENT="On" HEIGHT="37" HPOS="287" LANG="en-US" VPOS="3089" WIDTH="69" />
<SP HEIGHT="27" HPOS="357" VPOS="3099" WIDTH="27" />
<String CONTENT="cover:" CS="1" HEIGHT="28" HPOS="385" LANG="en-US" VPOS="3099" WIDTH="138" />
<SP HEIGHT="39" HPOS="550" VPOS="3088" WIDTH="29" />
<String CONTENT="38" HEIGHT="40" HPOS="580" LANG="fr" VPOS="3088" WIDTH="58" />
<String CONTENT="e" HEIGHT="21" HPOS="639" LANG="fr" STYLE="superscript" VPOS="3089" WIDTH="17" />
<SP HEIGHT="39" HPOS="657" VPOS="3087" WIDTH="27" />
<String CONTENT="&#233;d." HEIGHT="40" HPOS="685" LANG="fr" VPOS="3087" WIDTH="70" />
</TextLine>
<TextLine CS="1" HEIGHT="50" HPOS="288" LANG="fr" VPOS="3145" WIDTH="1910">
<String CONTENT="&#8220;Bibliographie" CS="1" HEIGHT="47" HPOS="288" VPOS="3145" WIDTH="387" />
<SP HEIGHT="38" HPOS="676" VPOS="3145" WIDTH="44" />
<String CONTENT="de" HEIGHT="39" HPOS="721" VPOS="3145" WIDTH="58" />
<SP HEIGHT="38" HPOS="780" VPOS="3146" WIDTH="41" />
<String CONTENT="Henry" HEIGHT="45" HPOS="822" VPOS="3146" WIDTH="165" />
<SP HEIGHT="44" HPOS="988" VPOS="3147" WIDTH="41" />
<String CONTENT="de" HEIGHT="37" HPOS="1030" VPOS="3147" WIDTH="56" />
<SP HEIGHT="37" HPOS="1087" VPOS="3147" WIDTH="45" />
<String CONTENT="Montherlant" CS="1" HEIGHT="41" HPOS="1133" VPOS="3147" WIDTH="327" />
<SP HEIGHT="46" HPOS="1461" VPOS="3149" WIDTH="54" />
<String CONTENT="(arr&#234;t&#233;e" HEIGHT="46" HPOS="1516" VPOS="3149" WIDTH="211" />
<SP HEIGHT="38" HPOS="1728" VPOS="3150" WIDTH="44" />
<String CONTENT="&#224;" HEIGHT="38" HPOS="1773" VPOS="3150" WIDTH="24" />
<SP HEIGHT="45" HPOS="1798" VPOS="3149" WIDTH="45" />
<String CONTENT="juin" HEIGHT="46" HPOS="1844" VPOS="3148" WIDTH="106" />
<SP HEIGHT="37" HPOS="1951" VPOS="3149" WIDTH="44" />
<String CONTENT="1934)&#8221;:" HEIGHT="43" HPOS="1996" VPOS="3146" WIDTH="202" />
</TextLine>
<TextLine HEIGHT="44" HPOS="220" LANG="fr" VPOS="3204" WIDTH="334">
<String CONTENT="xv" HEIGHT="28" HPOS="220" VPOS="3212" WIDTH="58" />
<SP HEIGHT="35" HPOS="279" VPOS="3213" WIDTH="25" />
<String CONTENT="p." HEIGHT="35" HPOS="305" VPOS="3213" WIDTH="39" />
<SP HEIGHT="28" HPOS="345" VPOS="3212" WIDTH="29" />
<String CONTENT="at" HEIGHT="35" HPOS="375" LANG="en-US" VPOS="3206" WIDTH="50" />
<SP HEIGHT="35" HPOS="426" VPOS="3206" WIDTH="26" />
<String CONTENT="end." HEIGHT="36" HPOS="453" VPOS="3204" WIDTH="101" />
</TextLine>
<TextLine CS="1" HEIGHT="56" HPOS="220" VPOS="3260" WIDTH="1975">
<String CONTENT="&#169;" HEIGHT="51" HPOS="220" LANG="fr" VPOS="3262" WIDTH="48" />
<SP HEIGHT="51" HPOS="269" VPOS="3262" WIDTH="43" />
<String CONTENT="June" HEIGHT="38" HPOS="313" LANG="en-US" VPOS="3267" WIDTH="125" />
<SP HEIGHT="39" HPOS="439" VPOS="3265" WIDTH="39" />
<String CONTENT="20." HEIGHT="42" HPOS="479" LANG="fr" VPOS="3265" WIDTH="68" />
<SP HEIGHT="39" HPOS="548" VPOS="3268" WIDTH="41" />
<String CONTENT="1934;" CS="1" HEIGHT="39" HPOS="590" LANG="fr" VPOS="3266" WIDTH="111" />
<SP />
<String CONTENT="1c." CS="1" LANG="fr" />
<SP HEIGHT="37" HPOS="839" VPOS="3267" WIDTH="45" />
<String CONTENT="Nov." HEIGHT="38" HPOS="885" LANG="fr" VPOS="3267" WIDTH="114" />
<SP HEIGHT="38" HPOS="1000" VPOS="3267" WIDTH="45" />
<String CONTENT="6;" CS="1" HEIGHT="38" HPOS="1046" LANG="fr" VPOS="3267" WIDTH="25" />
<SP HEIGHT="39" HPOS="1098" VPOS="3268" WIDTH="47" />
<String CONTENT="A-" HEIGHT="38" HPOS="1146" LANG="fr" VPOS="3268" WIDTH="96" />
<String CONTENT="Foreign" HEIGHT="44" HPOS="1247" LANG="en-US" VPOS="3268" WIDTH="203" />
<SP HEIGHT="38" HPOS="1451" VPOS="3270" WIDTH="43" />
<String CONTENT="26023;" HEIGHT="46" HPOS="1495" LANG="fr" VPOS="3270" WIDTH="168" />
<SP HEIGHT="56" HPOS="1664" VPOS="3260" WIDTH="48" />
<String CONTENT="&#201;ditions" HEIGHT="50" HPOS="1713" LANG="fr" VPOS="3260" WIDTH="220" />
<SP HEIGHT="37" HPOS="1934" VPOS="3271" WIDTH="45" />
<String CONTENT="Bernard" HEIGHT="39" HPOS="1980" LANG="fr" VPOS="3269" WIDTH="215" />
</TextLine>
<TextLine CS="1" HEIGHT="39" HPOS="287" LANG="fr" VPOS="3322" WIDTH="641">
<String CONTENT="Grasset." HEIGHT="37" HPOS="287" VPOS="3323" WIDTH="210" />
<SP HEIGHT="38" HPOS="498" VPOS="3322" WIDTH="71" />
<String CONTENT="(AC" CS="1" HEIGHT="38" HPOS="570" VPOS="3322" WIDTH="61" />
<SP HEIGHT="37" HPOS="685" VPOS="3322" WIDTH="18" />
<String CONTENT="34-3841)" HEIGHT="39" HPOS="704" VPOS="3322" WIDTH="224" />
</TextLine>
<TextLine CS="1" HEIGHT="58" HPOS="220" STYLEREFS="StyleId-246AFF26-C688-4BF6-9661-20A9015D2D96-" VPOS="3382" WIDTH="1211">
<String CONTENT="National" CS="1" HEIGHT="53" HPOS="220" VPOS="3382" WIDTH="271" />
<SP />
<String CONTENT="industrial" HEIGHT="52" HPOS="522" VPOS="3384" WIDTH="312" />
<SP HEIGHT="51" HPOS="835" VPOS="3385" WIDTH="27" />
<String CONTENT="conference" HEIGHT="53" HPOS="863" VPOS="3384" WIDTH="343" />
<SP HEIGHT="51" HPOS="1207" VPOS="3386" WIDTH="26" />
<String CONTENT="board." CS="1" HEIGHT="52" HPOS="1273" VPOS="3388" WIDTH="158" />
</TextLine>
<TextLine CS="1" HEIGHT="131" HPOS="220" STYLEREFS="StyleId-246AFF26-C688-4BF6-9661-20A9015D2D96-" VPOS="3459" WIDTH="1949">
<String CONTENT="The" HEIGHT="50" HPOS="285" LANG="fr" VPOS="3459" WIDTH="117" />
<SP HEIGHT="45" HPOS="403" VPOS="3466" WIDTH="25" />
<String CONTENT="taxation" HEIGHT="50" HPOS="429" LANG="fr" VPOS="3461" WIDTH="253" />
<SP HEIGHT="32" HPOS="683" VPOS="3479" WIDTH="32" />
<String CONTENT="of" HEIGHT="50" HPOS="716" VPOS="3461" WIDTH="61" />
<SP HEIGHT="49" HPOS="778" VPOS="3461" WIDTH="28" />
<String CONTENT="banks." HEIGHT="50" HPOS="807" VPOS="3461" WIDTH="191" />
<SP HEIGHT="50" HPOS="999" VPOS="3462" WIDTH="65" />
<String CONTENT="New" HEIGHT="50" HPOS="1065" VPOS="3462" WIDTH="133" />
<SP HEIGHT="49" HPOS="1199" VPOS="3464" WIDTH="30" />
<String CONTENT="York," HEIGHT="56" HPOS="1230" VPOS="3464" WIDTH="176" />
<SP HEIGHT="54" HPOS="1407" VPOS="3466" WIDTH="29" />
<String CONTENT="National" HEIGHT="50" HPOS="1437" VPOS="3466" WIDTH="266" />
<SP HEIGHT="50" HPOS="1704" VPOS="3466" WIDTH="32" />
<String CONTENT="industrial" HEIGHT="52" HPOS="1737" VPOS="3464" WIDTH="300" />
<SP HEIGHT="50" HPOS="2038" VPOS="3464" WIDTH="32" />
<String CONTENT="conference" HEIGHT="107" HPOS="220" VPOS="3480" WIDTH="1949" />
<SP HEIGHT="50" HPOS="434" VPOS="3537" WIDTH="27" />
<String CONTENT="board," HEIGHT="53" HPOS="462" VPOS="3537" WIDTH="192" />
<SP HEIGHT="52" HPOS="655" VPOS="3538" WIDTH="29" />
<String CONTENT="inc.," CS="1" HEIGHT="50" HPOS="685" VPOS="3538" WIDTH="85" />
<SP HEIGHT="45" HPOS="806" VPOS="3543" WIDTH="31" />
<String CONTENT="1934." HEIGHT="48" HPOS="838" VPOS="3541" WIDTH="145" />
</TextLine>
<TextLine HEIGHT="45" HPOS="284" VPOS="3610" WIDTH="725">
<String CONTENT="x." HEIGHT="26" HPOS="284" VPOS="3621" WIDTH="41" />
<SP HEIGHT="37" HPOS="326" VPOS="3610" WIDTH="29" />
<String CONTENT="148" HEIGHT="37" HPOS="356" VPOS="3610" WIDTH="81" />
<SP HEIGHT="45" HPOS="438" VPOS="3610" WIDTH="28" />
<String CONTENT="p." HEIGHT="35" HPOS="467" VPOS="3620" WIDTH="39" />
<SP HEIGHT="36" HPOS="507" VPOS="3611" WIDTH="29" />
<String CONTENT="incl." HEIGHT="37" HPOS="537" VPOS="3611" WIDTH="106" />
<SP HEIGHT="36" HPOS="644" VPOS="3612" WIDTH="29" />
<String CONTENT="tables." HEIGHT="37" HPOS="674" VPOS="3611" WIDTH="164" />
<SP HEIGHT="36" HPOS="839" VPOS="3611" WIDTH="58" />
<String CONTENT="23" HEIGHT="37" HPOS="898" VPOS="3611" WIDTH="52" />
<String CONTENT="cm" HEIGHT="20" HPOS="956" STYLE="superscript" VPOS="3613" WIDTH="41" />
<String CONTENT="." HEIGHT="6" HPOS="1003" VPOS="3642" WIDTH="6" />
</TextLine>
<TextLine HEIGHT="45" HPOS="288" VPOS="3667" WIDTH="1909">
<String CONTENT="&#8220;This" HEIGHT="36" HPOS="288" VPOS="3667" WIDTH="141" />
<SP HEIGHT="23" HPOS="430" VPOS="3678" WIDTH="34" />
<String CONTENT="study" HEIGHT="45" HPOS="465" VPOS="3667" WIDTH="142" />
<SP HEIGHT="35" HPOS="608" VPOS="3677" WIDTH="35" />
<String CONTENT="shows" HEIGHT="36" HPOS="644" VPOS="3667" WIDTH="156" />
<SP HEIGHT="35" HPOS="801" VPOS="3670" WIDTH="36" />
<String CONTENT="three" HEIGHT="37" HPOS="838" VPOS="3668" WIDTH="132" />
<SP HEIGHT="27" HPOS="971" VPOS="3678" WIDTH="35" />
<String CONTENT="major" HEIGHT="44" HPOS="1007" VPOS="3668" WIDTH="156" />
<SP HEIGHT="36" HPOS="1164" VPOS="3671" WIDTH="34" />
<String CONTENT="trends" HEIGHT="36" HPOS="1199" VPOS="3671" WIDTH="164" />
<SP HEIGHT="38" HPOS="1364" VPOS="3669" WIDTH="33" />
<String CONTENT="in" HEIGHT="39" HPOS="1398" VPOS="3669" WIDTH="47" />
<SP HEIGHT="37" HPOS="1446" VPOS="3671" WIDTH="33" />
<String CONTENT="hank" HEIGHT="38" HPOS="1480" VPOS="3671" WIDTH="127" />
<SP HEIGHT="39" HPOS="1608" VPOS="3671" WIDTH="36" />
<String CONTENT="taxation" HEIGHT="39" HPOS="1645" VPOS="3671" WIDTH="220" />
<SP HEIGHT="38" HPOS="1866" VPOS="3670" WIDTH="40" />
<String CONTENT="during" HEIGHT="43" HPOS="1907" VPOS="3669" WIDTH="172" />
<SP HEIGHT="38" HPOS="2080" VPOS="3674" WIDTH="36" />
<String CONTENT="the" HEIGHT="38" HPOS="2117" VPOS="3671" WIDTH="80" />
</TextLine>
<TextLine CS="1" HEIGHT="48" HPOS="377" VPOS="3721" WIDTH="631">
<String CONTENT="period" CS="1" />
<SP HEIGHT="36" HPOS="377" VPOS="3724" WIDTH="37" />
<String CONTENT="1921" HEIGHT="37" HPOS="415" VPOS="3722" WIDTH="95" />
<SP HEIGHT="36" HPOS="511" VPOS="3724" WIDTH="38" />
<String CONTENT="to" CS="1" />
<SP HEIGHT="36" HPOS="595" VPOS="3724" WIDTH="27" />
<String CONTENT="1934.''&#8212;p." HEIGHT="48" HPOS="623" VPOS="3721" WIDTH="258" />
<SP HEIGHT="36" HPOS="882" VPOS="3724" WIDTH="31" />
<String CONTENT="133." HEIGHT="37" HPOS="914" VPOS="3724" WIDTH="94" />
</TextLine>
<TextLine HEIGHT="50" HPOS="286" VPOS="3779" WIDTH="1718">
<String CONTENT="&#8220;Sources" HEIGHT="36" HPOS="286" VPOS="3780" WIDTH="228" />
<SP HEIGHT="24" HPOS="515" VPOS="3791" WIDTH="29" />
<String CONTENT="and" HEIGHT="36" HPOS="545" VPOS="3780" WIDTH="91" />
<SP HEIGHT="36" HPOS="637" VPOS="3780" WIDTH="33" />
<String CONTENT="methods&quot;:" HEIGHT="38" HPOS="671" VPOS="3779" WIDTH="270" />
<SP HEIGHT="35" HPOS="942" VPOS="3791" WIDTH="31" />
<String CONTENT="p." HEIGHT="35" HPOS="974" VPOS="3791" WIDTH="38" />
<SP HEIGHT="36" HPOS="1013" VPOS="3781" WIDTH="31" />
<String CONTENT="147-148;" HEIGHT="40" HPOS="1045" VPOS="3781" WIDTH="223" />
<SP HEIGHT="39" HPOS="1269" VPOS="3782" WIDTH="31" />
<String CONTENT="bibliographical" HEIGHT="48" HPOS="1301" VPOS="3781" WIDTH="395" />
<SP HEIGHT="37" HPOS="1697" VPOS="3784" WIDTH="36" />
<String CONTENT="foot-notes." HEIGHT="38" HPOS="1734" VPOS="3784" WIDTH="270" />
</TextLine>
<TextLine CS="1" HEIGHT="51" HPOS="220" VPOS="3830" WIDTH="1972">
<String CONTENT="&#169;" HEIGHT="51" HPOS="220" VPOS="3830" WIDTH="46" />
<SP HEIGHT="51" HPOS="267" VPOS="3830" WIDTH="36" />
<String CONTENT="Oct." CS="1" HEIGHT="6" HPOS="397" VPOS="3866" WIDTH="4" />
<SP HEIGHT="37" HPOS="402" VPOS="3835" WIDTH="37" />
<String CONTENT="23," CS="1" HEIGHT="37" HPOS="440" VPOS="3834" WIDTH="52" />
<SP HEIGHT="39" HPOS="507" VPOS="3836" WIDTH="37" />
<String CONTENT="1934;" CS="1" HEIGHT="37" HPOS="545" VPOS="3835" WIDTH="81" />
<SP HEIGHT="40" HPOS="682" VPOS="3834" WIDTH="39" />
<String CONTENT="2c." HEIGHT="38" HPOS="722" VPOS="3834" WIDTH="62" />
<SP HEIGHT="37" HPOS="785" VPOS="3835" WIDTH="38" />
<String CONTENT="Nov." HEIGHT="39" HPOS="824" VPOS="3835" WIDTH="114" />
<SP HEIGHT="37" HPOS="939" VPOS="3837" WIDTH="38" />
<String CONTENT="15;" CS="1" HEIGHT="35" HPOS="978" VPOS="3837" WIDTH="52" />
<SP HEIGHT="28" HPOS="1057" VPOS="3847" WIDTH="41" />
<String CONTENT="aff." HEIGHT="38" HPOS="1099" VPOS="3837" WIDTH="76" />
<SP HEIGHT="37" HPOS="1176" VPOS="3837" WIDTH="37" />
<String CONTENT="Dec." HEIGHT="38" HPOS="1214" VPOS="3837" WIDTH="106" />
<SP HEIGHT="37" HPOS="1321" VPOS="3838" WIDTH="38" />
<String CONTENT="21;" CS="1" HEIGHT="37" HPOS="1360" VPOS="3838" WIDTH="46" />
<SP HEIGHT="38" HPOS="1440" VPOS="3840" WIDTH="42" />
<String CONTENT="A" HEIGHT="36" HPOS="1483" VPOS="3840" WIDTH="36" />
<SP HEIGHT="39" HPOS="1520" VPOS="3840" WIDTH="38" />
<String CONTENT="77799;" CS="1" HEIGHT="40" HPOS="1559" VPOS="3839" WIDTH="140" />
<SP HEIGHT="39" HPOS="1726" VPOS="3841" WIDTH="40" />
<String CONTENT="Natl" HEIGHT="37" HPOS="1767" VPOS="3841" WIDTH="109" />
<SP HEIGHT="37" HPOS="1877" VPOS="3840" WIDTH="56" />
<String CONTENT="industrial" HEIGHT="41" HPOS="1934" VPOS="3836" WIDTH="258" />
</TextLine>
<TextLine CS="1" HEIGHT="47" HPOS="282" VPOS="3892" WIDTH="948">
<String CONTENT="conference" HEIGHT="37" HPOS="282" VPOS="3892" WIDTH="279" />
<SP HEIGHT="37" HPOS="562" VPOS="3892" WIDTH="34" />
<String CONTENT="board," CS="1" HEIGHT="38" HPOS="628" VPOS="3893" WIDTH="129" />
<SP HEIGHT="39" HPOS="758" VPOS="3892" WIDTH="38" />
<String CONTENT="inc." HEIGHT="37" HPOS="797" VPOS="3892" WIDTH="85" />
<SP HEIGHT="46" HPOS="883" VPOS="3893" WIDTH="71" />
<String CONTENT="(35-27041)" HEIGHT="47" HPOS="955" VPOS="3892" WIDTH="275" />
</TextLine>
</TextBlock>
</PrintSpace>
</Page>
</Layout>
</alto>