2350 4196
1125 4065 130 48 1399

163 504 158 52 crisis
361 504 112 51 and
513 504 93 51 the
645 521 135 34 near
821 500 193 52 future
1054 497 62 54 of
1155 498 92 51 the
1288 514 124 34 race
1452 495 112 52 and
1604 493 345 67 correlating
1990 492 165 52 Bible

163 581 328 69 prophecies
522 582 112 51 and
666 578 222 54 ancient
917 575 293 55 historical
1240 573 313 53 references
1583 577 57 46 to
1670 573 94 51 the
1797 576 161 63 great
165 588 1968 139 pyramid,

350 651 1805 76 by Worth Smith … London, L. N. Fowler & co.;
167 729 1526 76 Holyoke, Mass., The Elizabeth Towne co., inc. [c1934]
263 801 1418 54 3 p. l., 17-160 p. front., plates. maps, diagrs. 18½cm.
267 866 200 40 "Printed
493 867 51 38 in
574 866 54 40 U.
659 866 42 39 S.
732 865 81 39 A."

168 914 1993 59 © Oct. 8, 1934; 2c. Oct. 31; aff. Oct. 30: A 75706; W. Smith. Owensville,
237 983 100 38 Ind.
410 979 279 49 (34-35288)

161 1056 210 64 Spahr,
406 1057 220 53 Walver
660 1056 154 63 Earl,
848 1057 169 51 1891-

238 1132 301 55 Orthodox
576 1132 310 52 economics
924 1130 113 53 and
1074 1129 94 52 the
1205 1145 266 50 recovery
1507 1143 291 51 program,
1834 1126 75 69 by
1946 1124 222 55 Walter

168 1201 1998 78 E. Spahr … New York, Farrar & Rinehart, incorporated
189 1291 174 64 [ c 1934]
236 1360 26 39 2
295 1371 42 37 p.
396 1392 21 14 l.,
456 1360 54 40 26
546 1369 42 38 p.
653 1359 55 40 19
712 1360 45 23 cm
761 1391 5 7 .
841 1360 95 47 (On
973 1367 163 31 cover:
1172 1357 99 38 The
1307 1356 185 39 Farrar
1531 1356 36 39 &
1602 1355 241 40 Rinehart
1881 1353 287 48 pamphlets,

167 1427 73 31 no.
271 1417 51 49 4)

174 1471 1994 53 © Sept. 27. 1934; 2c. Sept. 29; aff. Sept. 28; A 76223: W. E. Spahr.
242 1529 947 49 Bellerose, L. I., N . Y. (34-35107)
194 1605 275 66 [Thomas,
506 1608 139 55 Mrs.
683 1605 146 55 Lida
865 1604 336 54 Larrimore
1232 1605 315 66 (Turner)]
1593 1608 170 48 1897-

243 1684 150 52 True
419 1684 75 68 by
518 1683 94 53 the
637 1701 105 35 sun
871 1715 13 35 [by]
914 1682 147 53 Lida
1087 1681 327 53 Larrimore
1463 1680 195 69 [pseud.]
1748 1679 426 69 Philadelphia.

177 1760 443 56 Macrae-Smith
655 1779 299 50 company,
990 1762 150 51 1934.

251 1834 84 41 312
368 1844 42 39 p.
471 1833 56 40 20
531 1837 42 20 cm
579 1866 7 7 .

249 1893 159 40 “First
441 1893 229 39 edition."

181 1946 1885 52 © Oct. 8. 1934; 2c. Oct. 29: aff. Oct. 27: A 75982; Macrae-Smith co.
257 2007 279 47 (34-35474)

175 2080 354 67 Thompson,
562 2081 180 64 Clyde
773 2081 214 64 Ordell,
1021 2081 169 53 1874-

246 2158 1874 70 Thompson’s business arithmetic, by Clyde O. Thompson …
179 2239 135 52 New
344 2238 181 67 York,
554 2238 454 67 Prentice-Hall,
1037 2237 127 68 inc.,
1194 2241 151 49 1934.

251 2311 1346 50 x p., 1 l., 283 p. incl. illus., diagrs., forms. 22½ cm .
253 2370 72 41 On
354 2380 139 30 cover:
555 2369 269 47 Principles
854 2370 95 39 and
981 2369 232 39 methods.

254 2424 1787 50 “First printing September. 1929 … Sixth printing. April, 1934."
186 2480 1768 53 © Aug. 31. 1934; 2c. and aff. Oct. 8: A 76402; Prentice-Hall. inc.
255 2485 1909 104 [Copyright
413 2541 40 39 is
484 2541 204 39 claimed
719 2551 60 28 on
808 2551 105 28 new
944 2540 225 39 material
1199 2542 93 37 and
1326 2540 223 48 revision]
1624 2540 279 47 (34-35633)

184 2613 313 66 Thomson,
528 2616 98 52 Sir
652 2613 160 55 Basil
840 2616 207 63 Home,
1078 2618 169 50 1861-

316 2690 1863 70 … The case of Naomi Clynes, Inspector Richardson's third
186 2786 136 36 case.
397 2768 230 55 Garden
667 2768 153 54 City.
856 2769 69 51 N.
965 2769 71 52 Y.,
1090 2769 142 53 Pub.
1271 2769 94 53 for
1402 2770 95 53 the
1538 2769 189 54 Crime
1767 2770 145 57 club,
1950 2770 124 54 inc.,
2112 2770 34 53 by

185 2845 357 69 Doubleday,
571 2846 199 52 Doran
798 2846 45 51 &
871 2864 299 51 company,
1198 2846 92 54 inc.,
1358 2851 149 49 1934.

254 2918 472 49 4 p. l., 304 p. 19½cm.
261 2976 62 40 At
350 2976 125 40 head
502 2976 52 39 of
580 2976 135 39 title:
750 2974 77 41 Sir
855 2975 133 41 Basil
1020 2976 253 40 Thomson.

263 3031 146 41 “This
444 3035 132 42 story
613 3042 99 30 was
744 3031 255 48 published
1036 3034 49 38 in
1120 3032 219 49 England
1376 3035 152 39 under
1564 3035 80 39 the
1681 3034 107 41 title
1823 3035 51 40 of
193 3034 1995 99 ‘Detective-inspector
459 3088 318 43 Richardson,
836 3121 7 6 C.
894 3121 8 7 I.
962 3088 67 41 D.’”

260 3143 160 41 “First
453 3144 226 40 edition.”

197 3198 1994 56 © Sept. 12, 1934; 2c. and aff. Oct. 29: A 77013: Basil Thomson, St.
297 3261 289 38 Jean-de-Luz
629 3261 76 47 (B.
740 3261 75 41 P.)
856 3260 197 40 France.
1127 3261 277 48 (34-35470)

194 3318 213 68 Vance,
440 3322 179 53 Louis
653 3322 234 64 Joseph,
924 3325 323 52 1879-1933.

267 3399 119 53 The
442 3401 153 51 Lone
647 3400 209 55 Wolf’s
909 3401 112 53 last
1075 3404 180 65 prowl
1314 3403 92 67 [by]
1482 3404 174 52 Louis
1710 3404 216 68 Joseph
1978 3405 208 54 Vance.

196 3477 426 69 Philadelphia,
655 3479 259 57 London,
948 3482 54 53 J.
1037 3483 67 51 B.
1137 3480 339 67 Lippincott
1509 3499 280 48 company
1826 3515 12 32 [
1845 3489 17 21 c
1867 3485 135 50 1934
2007 3516 12 31 ]

266 3551 99 49 223,
398 3553 55 49 [1]
484 3563 43 37 p.
583 3551 56 41 20
641 3555 44 21 cm
691 3584 9 8 .

270 3608 307 49 “Copyright,
605 3607 127 48 1934,
761 3609 62 47 by
851 3610 81 39 the
960 3610 185 40 McCall
1175 3621 236 39 company
1438 3622 54 30 as
1524 3612 112 39 ‘The
1663 3613 100 39 last
1790 3611 211 49 prowl’.”

202 3661 1994 51 © Oct. 19, 1934; 2c. and aff. Oct. 27: A 75952: Anne Elizabeth Vance,
269 3722 116 39 New
418 3724 141 38 York.
631 3723 280 49 (34-35308)

205 3780 166 55 Vidal
403 3785 69 52 de
504 3785 84 52 La
620 3784 235 64 Blache,
890 3785 142 53 Paul
1065 3786 186 54 Marie
1283 3787 238 63 Joseph,
1558 3790 326 66 1845-1918,
1916 3807 82 34 ed.

271 3862 361 67 Géographie
669 3862 364 65 universelle;
1072 3865 222 66 publiée
1330 3884 126 36 sous
1492 3866 56 52 la
1582 3866 276 52 direction
1895 3867 67 51 de
1998 3868 63 51 P.
204 3869 1967 123 Vidal
335 3940 66 52 de

436 3940 84 51 La
557 3939 211 53 Blache
805 3945 56 48 et
895 3943 62 51 L.
998 3942 233 54 Gallois,
1309 3949 37 46 t.
1388 3946 43 52 7.
1508 3944 441 61 Méditerranée;
