2350 4196
1126 4002 131 49 1304

284 458 56 37 44
368 467 40 37 p.
440 457 106 39 incl.
578 457 161 39 front.,
772 456 124 39 illus.
957 455 51 39 21
1016 457 42 20 cm
1064 487 6 6 .

284 512 144 41 Prose
463 513 233 39 sketches.

218 568 51 50 ©
299 574 125 44 Sept.
509 602 7 8 18.
544 570 112 40 1934;
712 572 64 37 2c.
804 572 93 37 find
924 582 78 26 aff.
1035 571 124 44 Sept.
1185 570 55 35 24;
1296 568 35 36 A
1363 564 140 40 76077;
1561 564 314 46 Christopher
1903 564 106 47 pub.
2038 564 161 37 house.

294 628 277 43 (34-32926)

216 718 303 52 Vermont.
597 725 272 58 Supreme
904 723 171 48 court.

287 787 1911 74 Reports of cases argued and determined … by Charles A.
221 871 241 54 Shields,
539 889 47 33 v.
635 874 111 50 105.
831 873 135 49 New
1010 869 184 55 series,
1238 887 49 31 v.
1337 870 78 48 10.
1493 865 365 66 Burlington,
1902 865 115 66 Vt.,
2060 866 140 50 Free

218 967 154 50 press
405 950 262 66 printing
700 969 76 32 co.
889 952 115 61 [c1934]

286 1034 109 29 xxv.
426 1022 84 39 622
537 1033 40 36 p.
635 1022 53 39 23
693 1025 43 19 cm
743 1056 7 6 .

220 1076 51 50 ©
301 1081 114 44 July
445 1080 38 38 3.
514 1077 111 40 1934;
685 1079 65 38 2c.
785 1079 113 45 July
929 1076 53 39 19;
1042 1076 80 39 aff.
1156 1075 98 39 Oct.
1287 1074 54 38 25;
1403 1075 39 36 A
1475 1073 166 45 76754;
1723 1082 162 28 Rawson
1918 1071 46 39 C.
2000 1069 199 49 Myrick.

287 1139 244 42 secretary
558 1136 50 38 of
634 1138 126 36 state
788 1136 77 37 for
896 1135 76 38 the
999 1135 126 37 state
1155 1132 48 39 of
1230 1132 243 44 Vermont,
1505 1129 299 47 Montpelier.
1833 1129 77 39 Vt.

221 1225 162 63 Voss,
416 1225 117 51 Leo
563 1226 88 62 A.,
686 1227 169 48 1890-

284 1302 119 51 The
431 1302 233 51 modern
693 1300 384 68 coppersmith;
1138 1317 30 33 a
1197 1300 231 50 manual
1458 1314 71 34 on
1559 1296 94 52 the
1686 1295 259 68 working
1973 1294 64 53 of

217 1312 1983 121 non-ferrous
477 1380 170 51 metal
685 1379 183 52 sheets
906 1378 111 52 and
1055 1376 176 66 tubes,
1269 1375 75 68 by
1382 1375 64 51 L.
1484 1374 71 52 A.
1593 1375 162 51 Voss.
1848 1373 136 53 New
2024 1372 179 66 York,

218 1454 1552 70 N. Y., Edwin A. Scott publishing co., inc. [ c 1934]
291 1531 100 47 xiii,
421 1530 84 40 375
535 1542 40 35 p.
636 1530 160 41 front.,
829 1530 124 38 illus.
1016 1530 16 36 18½
1102 1530 41 20 cm
1152 1560 6 6 .

220 1582 1982 54 © Aug. 30, 1934; 2c. and aff. Sept. 1; A 75196; L. A. Voss. Brooklyn.
297 1645 277 48 (34-32740)

213 1732 198 63 Webb,
442 1732 284 56 Barbara.

345 1802 1858 73 … Pedigree of honey. Garden City, N. Y., Doubleday,
215 1888 196 52 Doran
442 1890 46 49 &
517 1904 295 50 company,
841 1886 126 66 inc.,
999 1888 150 49 1934.

287 1957 621 50 6 p. l., 3-309 p. 19½ cm .
290 2016 161 40 “First
483 2015 227 41 edition.”

218 2071 51 50 ©
296 2075 118 46 Aug.
442 2073 68 40 22.
539 2071 139 47 1934;
707 2072 65 39 2c.
802 2072 93 39 and
922 2071 80 39 aff.
1032 2071 99 40 Oct.
1160 2072 51 37 11;
1271 2072 39 37 A
1338 2072 141 38 75714;
1538 2072 296 46 Doubleday,
1862 2072 166 39 Doran
2056 2072 36 39 &
2120 2080 64 30 co.,

290 2130 89 40 inc.
451 2128 277 49 (34-32937)

212 2216 289 65 Webster,
533 2218 189 63 Noah,
756 2220 321 49 1758-1843.

283 2293 303 53 Webster’s
616 2293 233 51 modern
881 2293 189 52 school
1103 2293 336 66 dictionary,
1471 2293 170 52 based
1675 2311 153 49 upon
1863 2293 95 52 the
215 2291 1962 145 principles
378 2371 246 66 adopted
666 2370 75 68 by
783 2370 164 51 Noah
991 2370 273 67 Webster,
1383 2415 8 7 LL.
1476 2414 8 8 D.;
1562 2369 309 70 originally
1915 2370 288 68 produced

217 2445 151 54 after
409 2448 94 52 the
545 2448 120 51 best
707 2449 110 50 and
860 2448 168 51 latest
1069 2447 333 53 authorities
1446 2467 71 33 on
1562 2450 281 66 language
1885 2449 178 52 under
2107 2448 95 51 the

216 2524 1987 68 chief editorship of Harry Thurston Peck … Revised and
215 2601 244 70 brought
488 2621 76 49 up
592 2608 56 46 to
675 2603 73 52 its
775 2608 226 61 present
1026 2608 143 46 state
1195 2601 64 54 of
1284 2602 320 68 perfection
1630 2604 76 69 by
1733 2603 216 53 Robert
1972 2603 230 52 Arrow-

215 2679 1712 69 smith … Chicago, J. W. Wilcox & Follett co., 1934.
285 2751 758 51 1 p. l., [19]-592. [64] p. 19 cm .
220 2807 51 50 ©
301 2811 117 42 Aug.
447 2812 68 37 14.
545 2810 111 40 1934;
713 2811 65 39 2c.
809 2812 94 37 and
932 2810 79 39 aff.
1042 2812 117 45 Aug.
1188 2810 55 39 20;
1300 2812 39 37 A
1368 2812 141 39 73945;
1571 2812 339 40 Consolidated
1940 2813 121 39 book
287 2814 1896 99 publishers,
508 2869 86 38 inc.,
641 2867 221 46 Chicago.
934 2866 276 47 (34-24866)

215 2955 195 64 Wells,
440 2955 269 64 Carolyn.

288 3032 122 51 The
450 3032 239 67 visiting
730 3031 217 56 villain,
987 3032 74 67 by
1106 3034 248 66 Carolyn
1392 3037 206 63 Wells;
1647 3055 30 32 a
1719 3037 264 65 Fleming
2027 3037 172 54 Stone

215 3108 1960 145 detective novel. Philadelphia, London, J. B. Lippincott company [ c 1934]
288 3259 84 39 307
402 3270 40 36 p.
500 3258 54 39 19½
587 3262 43 20 cm
637 3292 6 6 .

222 3311 51 50 ©
300 3315 124 47 Sept.
450 3316 67 40 27.
542 3315 110 39 1934;
707 3317 51 36 2c
798 3316 91 38 and
917 3316 78 38 aff.
1024 3315 99 40 Oct.
1150 3316 51 39 10;
1255 3319 39 37 A
1320 3320 141 38 76674;
1517 3319 208 40 Carolyn
1751 3321 148 38 Wells
1925 3320 275 45 Houghton.

332 3383 68 27 New
429 3373 143 38 York.
644 3371 275 46 (34-28433)

211 3456 298 68 Whittier,
541 3462 152 52 John
726 3459 330 65 Greenleaf,
1091 3461 321 56 1807-1892.

284 3538 54 50 A
382 3538 265 53 selection
693 3538 152 53 from
889 3538 97 53 the
1030 3540 267 68 religious
1345 3560 190 50 poems
1583 3542 64 54 of
1693 3544 152 53 John
1897 3542 306 55 Greenleaf

215 3615 1962 151 Whittier, with an interpretative essay by Augustus T. Murray … Philadelphia, Friends’ book store, 1934.
285 3763 84 40 142
401 3774 43 37 p.
504 3764 134 39 front.
681 3765 168 47 (port.)
918 3764 54 39 21
976 3767 16 21 cm
1025 3795 6 7 .

221 3819 51 50 ©
301 3823 119 45 Aug.
448 3822 67 42 20,
546 3822 113 39 1934;
718 3823 63 39 2c.
816 3823 97 40 Oct.
947 3824 21 37 1;
1030 3825 80 39 aff.
1145 3825 123 47 Sept.
1297 3827 54 39 29;
1412 3829 41 38 A
1482 3830 141 40 76234;
1685 3832 133 37 Book
1849 3831 271 40 committee
2149 3832 51 39 of

289 3880 79 37 the
411 3879 227 44 religious
685 3880 99 39 Soc.
829 3880 48 37 of
924 3880 199 39 Friends
1167 3883 48 37 of
1260 3882 338 52 Philadelphia
1643 3889 95 37 and
1783 3887 213 47 vicinity.
287 3888 1895 94 Philadelphia.
565 3935 276 47 (34-32925)
