2350 4196
1162 4026 102 47 25-1

297 459 196 42 “Erstes
523 461 72 39 bis
624 460 191 42 fünftes
845 460 250 43 tausend.”

298 517 283 43 “Nachweis
608 519 83 39 der
721 518 216 48 quellen”:
998 530 42 37 p.
1068 518 214 41 490-495.

226 572 1969 110 © Sept. 25. 1933; 1c. Jan. 9, 1934; A-Foreign 23324; Wilhelm Langewiesche-Brandt. (34-5382)
220 733 415 66 Schumacher,
670 735 289 52 Matthew
992 734 294 65 Aloysius,
1326 738 169 50 1879-

291 813 148 51 How
475 817 57 48 to
565 814 160 51 teach
760 812 94 53 the
888 812 327 55 catechism:
1254 833 28 32 a
1316 813 267 53 teacher's
1618 814 229 52 manual
1882 811 330 72 containing

224 910 26 32 a
289 889 400 69 systematized
724 890 388 69 presentation
1148 891 62 53 of
1242 893 211 51 lessons
1487 892 61 50 in
1583 891 98 52 the
1716 891 313 53 Baltimore
224 892 1963 146 catechism,
471 969 60 50 in
585 968 340 54 correlation
978 969 139 50 with
1173 969 161 52 Bible
1391 970 110 50 and
1557 969 210 52 church
1819 969 240 67 history,
2111 970 96 53 the

221 1046 396 54 ecclesiastical
695 1064 112 40 year,
844 1046 237 67 liturgy,
1120 1047 109 50 and
1265 1047 96 51 the
1397 1047 139 51 lives
1573 1047 62 51 of
1670 1048 94 50 the
1801 1047 195 53 saints.
2069 1048 141 52 Also

221 1143 28 32 a
285 1122 229 53 definite
547 1123 260 52 schedule
841 1124 62 50 of
935 1127 181 50 lesson
1146 1124 162 67 plans
1342 1124 93 52 for
1468 1125 93 51 the
1594 1125 243 68 religion
1867 1124 343 54 curriculum

222 1200 1989 73 of every grade, by Rt. Rev. Msgr. M. A. Schumacher … v. 2,
219 1276 1888 72 3 … New York, Cincinnati [etc.] Benziger brothers, 1934.
291 1353 25 38 2
345 1365 42 27 v.
445 1353 57 39 20½
533 1355 43 20 cm
584 1386 5 6 .

562 1405 1566 52 CONTENTS.—v. 2. Grades IV. V, and VI.—V. 3. Grades VII and VIII.
225 1462 52 52 ©
321 1468 109 38 Feb.
473 1467 68 38 10.
585 1467 141 44 1934;
770 1466 69 41 2c.
880 1468 117 38 each
1041 1466 111 40 Feb.
1193 1467 55 38 23;
1321 1465 106 41 affs.
1474 1466 107 38 Feb.
1627 1465 54 40 27;
1755 1466 42 39 A
1838 1465 157 47 69635,
2039 1465 169 48 69636;

291 1524 234 46 Benziger
550 1523 236 40 brothers.

217 1625 241 64 Scripps
485 1626 232 63 college,
749 1626 343 66 Claremont,
1125 1626 171 65 Calif.

292 1701 236 69 Scripps
565 1704 210 65 college
811 1720 221 50 papers,
1066 1721 88 34 no.
1192 1708 45 46 5.
1312 1704 265 50 Lectures
1614 1721 70 32 on
1720 1702 96 53 the
1848 1700 266 69 meaning
2148 1701 63 53 of

220 1782 127 54 God
388 1782 58 50 in
485 1781 235 52 modern
762 1780 120 56 life,
924 1780 284 53 delivered
1248 1780 61 52 in
1347 1782 175 53 Janet
1560 1779 172 56 Jacks
1773 1779 179 53 Balch
1992 1780 120 51 hall
2151 1779 59 52 in

215 1854 1856 72 March, 1933 … Claremont, Calif.. Scripps college. 1933.
293 1930 592 51 4 p. l., 71. [1] p. 26 cm .
292 1991 132 37 Each
456 1990 182 40 lecture
668 1988 233 48 preceded
934 1989 59 47 by
1026 1989 100 37 leaf
1157 1986 201 48 bearing
1390 1989 80 37 the
1504 1988 108 39 title
1646 1986 49 40 of
1729 1987 81 39 the
1843 1988 195 37 lecture.

224 2042 51 51 ©
306 2046 109 40 Feb.
446 2045 69 47 10,
546 2044 113 41 1934;
718 2045 66 39 2c.
818 2046 118 38 Mar.
969 2045 25 39 7;
1054 2044 81 41 aff.
1168 2045 119 38 Mar.
1318 2044 25 38 2;
1405 2045 39 37 A
1476 2044 141 39 69775;
1683 2042 193 48 Scripps
1908 2043 189 45 college.

223 2150 311 63 Shearing,
560 2149 239 64 Joseph.

291 2226 121 51 The
454 2223 192 71 spider
689 2224 59 51 in
791 2224 95 51 the
930 2240 124 51 cup,
1098 2223 73 67 by
1214 2222 213 66 Joseph
1473 2220 298 67 Shearing.
1851 2219 134 52 New
2034 2218 176 68 York,

222 2304 75 51 H.
329 2302 190 55 Smith
547 2301 111 54 and
685 2302 66 51 R.
781 2302 177 67 Haas,
986 2303 150 51 1934.

288 2372 617 51 4 p. l. , 3-371 p. 19½ cm .
224 2432 51 51 ©
309 2437 107 38 Jan.
452 2435 67 45 25,
554 2433 114 41 1934;
730 2435 65 37 2c.
831 2432 111 40 Feb.
977 2435 23 36 1;
1066 2431 78 40 aff.
1182 2433 120 37 Mar.
1337 2432 24 38 7;
1425 2432 40 37 A
1500 2430 143 40 69844;
1707 2428 241 42 Harrison
1985 2429 155 41 Smith
2175 2429 36 40 &

290 2492 180 41 Robert
501 2492 149 41 Haas,
682 2491 90 38 inc.
844 2487 248 49 (34-5282)

277 2584 1932 80 … South eastern digest. [South Carolina ed.] Including
287 2691 150 34 cases
476 2671 266 68 reported
781 2672 60 50 in
881 2671 252 53 volumes
1175 2671 237 52 156-170
1456 2668 180 55 South
1676 2673 220 47 eastern
1935 2671 273 64 reporter,

288 2744 1859 71 159-170 South Carolina reports and also … state reports …
286 2817 1896 153 with table of statutes construed … By the publisher's editorial staff. St. Paul, West publishing co., 1934.
294 2980 66 38 iii.
389 2979 125 41 1138,
544 2977 58 40 10
628 2989 40 35 p.
725 2977 55 39 26
784 2980 44 19 cm
833 3008 6 6 .

290 3035 284 46 Previously
625 3034 253 48 published
930 3033 151 39 under
1134 3032 131 39 title:
1322 3031 153 39 South
1526 3033 193 36 eastern
1771 3030 217 45 reporter
2039 3028 167 48 digest.

222 3093 170 47 [South
421 3090 228 42 Carolina
679 3092 86 46 ed.]

223 3145 51 51 ©
303 3150 108 38 Jan.
439 3148 67 40 25.
535 3146 139 46 1934;
705 3147 64 39 2c.
799 3147 94 38 and
922 3146 81 40 aff.
1032 3145 108 39 Feb.
1170 3144 53 39 23;
1281 3145 38 36 A
1348 3141 143 41 69616;
1547 3143 135 38 West
1710 3142 107 48 pub.
1847 3152 66 29 co.

221 3256 203 60 Stong,
453 3251 192 63 Philip
675 3250 265 54 Duffield.

290 3328 228 67 Village
557 3324 129 67 tale,
723 3326 74 67 by
838 3324 135 53 Phil
1015 3323 193 68 Stong.
1285 3322 136 54 New
1465 3320 178 68 York,
1682 3320 305 65 Harcourt,
2026 3317 179 55 Brace

223 3406 110 52 and
362 3422 278 50 company
673 3438 13 33 [
691 3410 18 22 c
714 3405 134 49 1934]

289 3472 615 53 4 p. l. , 3-300 p. 19½cm.
289 3534 160 40 “First
482 3530 224 44 edition.”

223 3592 50 50 ©
305 3597 120 36 Mar.
457 3595 39 37 8,
526 3591 115 42 1934;
700 3592 66 38 2c.
798 3592 92 37 and
925 3588 79 42 aff.
1039 3590 119 38 Mar.
1189 3589 55 37 14;
1304 3588 39 37 A
1376 3586 167 46 70641;
1578 3586 259 45 Harcourt,
1872 3586 153 37 Brace
2057 3584 36 40 &
2123 3593 79 35 co.,

291 3652 87 38 inc.
450 3647 249 50 (34-288)

217 3736 1984 87 Texas jurisprudence … a complete statement of the law and
290 3828 244 67 practice
574 3829 61 50 of
674 3829 93 50 the
809 3832 142 46 state
991 3826 62 51 of
1092 3827 199 55 Texas,
1329 3823 74 67 by
1441 3822 260 53 William
1740 3822 77 52 M.
1857 3820 344 66 McKinney,

289 3908 109 50 and
443 3908 161 51 other
646 3907 253 60 lawyers.
976 3904 238 52 Volume
1417 3944 8 8 XXIX.
1466 3902 218 50 Master
1724 3897 112 54 and
1876 3902 226 48 servant
2143 3901 58 46 to
