2350 4196
1132 3998 101 55 789

179 427 51 51 ©
256 432 125 39 June
406 431 68 40 20,
501 431 139 44 1934;
669 431 64 39 2c.
762 431 126 39 June
912 430 81 42 23;
1024 428 80 40 aff.
1132 427 124 42 June
1282 428 81 46 22;
1395 422 51 52 A
1475 426 169 47 72963;
1673 426 154 47 Dodd,
1856 426 141 40 Mead
2023 425 38 41 &
2085 435 83 35 co.,

246 488 88 39 inc.
409 487 280 48 (34-16901)

176 590 181 65 Wahl,
390 590 247 55 Francis
665 589 237 66 Xavier,
936 588 169 55 1907-

183 658 1965 154 … The matrimonial impediments of consanguinity and affinity;
180 739 1966 136 an historical synopsis and commentary … by Rev. Francis
292 816 1878 73 X. Wahl … Washington, D. C., The Catholic university
180 900 63 53 of
270 900 282 69 America,
586 904 148 50 1934.

250 972 48 41 vi
325 984 56 37 p.,
409 972 25 39 1
497 1004 8 17 l.,
532 972 87 41 125
643 984 42 37 p.
740 972 176 49 diagrs.
975 972 53 40 23
1032 974 16 22 cm
1082 1004 8 8 .
1156 972 124 47 (The
1308 972 222 41 Catholic
1556 970 271 49 university
1855 971 51 39 of
1934 970 235 42 America.

180 1029 166 41 Canon
376 1031 95 38 law
504 1031 198 40 studies,
762 1041 75 32 no.
870 1029 79 48 90)

250 1087 170 41 Thesis
464 1089 62 47 (J.
589 1122 8 9 C.
663 1085 325 50 D.)—Catholic
1023 1086 269 48 university
1325 1086 50 40 of
1409 1085 236 49 America,
1680 1086 128 41 1934.

249 1144 343 48 Biographical
623 1147 125 39 note.

251 1201 348 49 Bibliography
619 1213 8 28 :
660 1213 42 37 p.
736 1200 246 51 [107]-113.

182 1260 51 51 ©
259 1265 125 39 June
408 1264 37 46 6,
472 1263 139 47 1934;
640 1264 65 39 2c.
732 1262 96 40 and
851 1261 80 40 aff.
959 1262 126 39 June
1110 1261 51 45 9;
1189 1261 40 38 A
1255 1260 169 47 73010;
1454 1260 222 41 Catholic
1702 1260 129 40 univ.
1860 1261 49 39 of
1935 1259 238 41 America.

258 1320 278 49 (34-16647)

176 1424 205 64 Wang,
414 1420 266 68 Chi-kao,
714 1425 168 49 1905-

253 1497 351 55 Dissolution
628 1498 64 53 of
713 1499 93 51 the
827 1495 221 55 British
1072 1497 368 69 Parliament,
1464 1498 327 66 1832-1931,
1815 1495 74 69 by
1915 1494 107 56 Chi
2047 1495 129 56 Kao

185 1577 202 68 Wang,
415 1594 97 35 ph.
542 1595 48 33 d.
658 1576 135 54 New
827 1574 175 70 York,
1032 1573 296 56 Columbia
1359 1573 316 70 university
1706 1592 182 50 press;
1920 1573 256 68 London,

184 1655 61 55 P.
277 1654 56 55 S.
363 1655 162 67 King
551 1656 44 49 &
621 1673 101 37 son
748 1653 121 67 ltd.,
900 1656 150 50 1934.

253 1727 85 40 174
359 1737 43 38 p.
453 1726 55 40 23
511 1728 43 21 cm
560 1758 7 9 .
631 1726 299 50 (Half-title:
954 1725 195 42 Studies
1172 1725 49 40 in
1246 1725 202 49 history,
1472 1726 267 40 economics
1766 1728 93 39 and
1884 1726 161 49 public
2066 1730 109 46 law,

183 1785 71 39 ed.
284 1784 59 48 by
371 1785 81 39 the
482 1784 206 48 Faculty
716 1783 51 40 of
793 1781 217 50 political
1039 1781 184 42 science
1253 1783 51 40 of
1332 1783 250 42 Columbia
1612 1784 285 47 university,
1955 1795 73 31 no.
2056 1783 111 49 396)

253 1841 171 41 Issued
453 1841 103 40 also
586 1851 53 30 as
670 1840 152 41 thesis
862 1840 107 47 (ph.
999 1841 67 47 d.)
1105 1839 248 42 Columbia
1388 1840 284 47 university.

251 1898 374 48 Bibliography:
661 1909 43 38 p.
739 1897 215 42 165-169.

184 1956 51 51 ©
265 1960 113 47 Apr.
409 1959 68 47 27,
509 1958 140 46 1934;
683 1959 66 40 2c.
780 1960 96 38 and
906 1958 80 39 aff.
1022 1959 113 46 May
1167 1959 50 45 7;
1251 1958 40 38 A
1321 1958 170 46 72338;
1527 1958 249 41 Columbia
1812 1957 128 42 univ.
1974 1969 148 38 press.

261 2016 279 48 (34-16653)

177 2119 271 66 Warden,
482 2120 134 54 Carl
647 2119 173 65 John,
854 2122 170 49 1890-

247 2195 402 55 Introduction
678 2201 57 47 to
764 2195 386 68 comparative
1179 2196 367 68 psychology,
1574 2196 74 68 by
1680 2196 135 55 Carl
1843 2197 55 53 J.
1929 2197 252 54 Warden

240 2273 1937 69 … Thomas N. Jenkins … [and] Lucien H. Warner … New
181 2353 177 66 York,
388 2353 120 51 The
538 2352 227 53 Ronald
794 2370 156 50 press
979 2371 279 50 company
1292 2386 12 34 [
1310 2359 17 21 c
1333 2355 136 50 1934
1472 2386 12 33 ]

249 2438 44 36 x,
324 2427 84 40 581
438 2438 42 37 p.
540 2426 150 40 front.
720 2426 50 47 (6
799 2427 148 47 port.)
986 2426 142 49 illus.,
1160 2427 177 47 diagrs.
1398 2428 54 38 21
1457 2428 43 21 cm
1507 2458 8 8 .
1586 2426 323 49 (Psychology
1941 2427 175 49 series)

250 2484 118 40 This
406 2484 203 48 volume,
649 2483 198 40 written
885 2483 296 48 throughout
1220 2484 60 48 by
1318 2485 81 39 the
1439 2483 160 43 senior
1637 2485 191 47 author,
1868 2494 110 39 may
2017 2486 57 40 be
181 2498 1982 92 regarded
397 2551 54 30 as
484 2551 64 29 an
581 2540 232 48 abridged
849 2541 95 39 and
980 2540 256 48 simplified
1272 2541 183 41 edition
1491 2541 52 40 of
1576 2552 27 29 a
1639 2542 161 47 larger
1834 2543 134 39 work
2003 2544 62 47 by
2100 2546 80 38 the

183 2600 134 39 three
346 2598 202 40 authors
578 2597 159 40 which
764 2597 99 39 will
893 2597 58 40 be
976 2597 253 49 published
1257 2599 126 40 later
1412 2600 153 39 under
1594 2598 80 41 the
1704 2598 108 42 title
1841 2598 341 49 Comparative

181 2655 304 49 psychology,
546 2655 60 47 cf.
638 2654 130 40 Pref.

254 2712 247 41 “Selected
528 2709 301 42 references”
857 2712 52 39 at
934 2712 91 39 end
1052 2711 51 40 of
1128 2712 117 39 each
1272 2712 215 47 chapter.

187 2766 51 51 ©
266 2770 126 40 June
417 2770 39 46 1,
484 2769 114 40 1934
616 2779 8 36 ;
654 2769 66 39 2:c.
749 2769 95 39 and
872 2768 79 40 aff.
981 2769 126 40 June
1134 2769 50 46 6;
1215 2769 40 39 A
1283 2770 169 46 71967;
1484 2771 190 40 Ronald
1702 2781 134 38 press
1865 2783 67 30 co.

267 2825 278 50 (34-16386)

179 2931 259 63 Wenter,
467 2930 188 62 Josef,
687 2933 171 49 1880-

250 3005 519 68 Mannsrauschlin,
794 3023 198 36 roman
1019 3004 148 56 eines
1191 3005 391 70 wildpferdes,
1608 3025 110 37 von
1744 3009 165 55 Josef
1934 3012 250 53 Wenter.

183 3085 217 67 Berlin,
431 3085 283 52 Deutsche
742 3083 591 69 buch-gemeinschaft
1363 3105 52 50 g.
1446 3106 72 33 m.
1548 3087 50 53 b.
1629 3087 55 52 h.
1721 3120 12 34 [
1738 3093 18 22 c
1762 3091 152 64 1933]

255 3158 590 50 337, [1] p., 3 l. 19½ cm .
190 3212 1817 54 © July 31, 1933; 1c. May 1, 1934; A-Foreign 24507; Deutsche
257 3221 1910 101 buchgemeinschaft,
655 3284 39 36 g.
727 3285 58 27 m.
816 3274 41 39 b.
888 3274 44 38 h.
1004 3274 279 47 (34-17040)

184 3359 235 66 Wilder,
450 3361 233 53 Russell
711 3363 215 63 Morse,
960 3366 170 50 1885-

258 3439 55 52 A
344 3438 214 68 primer
591 3441 94 52 for
715 3440 245 53 diabetic
991 3441 274 68 patients;
1299 3461 30 33 a
1360 3442 154 53 brief
1543 3443 214 54 outline
1788 3443 64 53 of
1883 3445 96 51 the
190 3448 1969 120 treatment

383 3516 64 52 of
485 3517 250 53 diabetes
777 3517 139 53 with
958 3518 117 53 diet
1115 3523 110 51 and
1267 3520 230 59 insulin,
1536 3521 301 68 including
1876 3520 305 55 directions

189 3595 113 52 and
329 3595 189 52 charts
549 3594 94 52 for
670 3595 94 52 the
791 3613 96 35 use
913 3595 64 52 of
1004 3596 326 68 physicians
1359 3597 59 54 in
1446 3599 283 67 planning
1756 3599 118 53 diet
190 3600 1965 139 prescriptions,

389 3672 1792 72 by Russell M. Wilder … 5th ed., reset. Philadelphia
192 3749 111 52 and
330 3750 258 66 London,
613 3751 89 54 W.
732 3752 67 53 B.
829 3751 286 55 Saunders
1146 3771 294 49 company,
1470 3758 149 49 1934.

265 3821 1434 52 1 p. l. 9-1.72 p. col. front., illus.. fold, dingr. 18½ cm .
196 3873 51 51 ©
276 3879 125 40 June
427 3879 37 46 8,
493 3880 139 45 1934;
663 3880 64 39 2c.
756 3880 125 40 June
908 3881 80 46 12;
1019 3882 81 40 aff.
1129 3883 126 39 June
1283 3884 80 46 11;
1393 3884 40 38 A
1459 3882 170 48 72728;
1659 3885 72 39 W.
1760 3885 51 38 B:
1845 3885 244 40 Saunders
2119 3896 63 30 co.

272 3935 278 49 (34-16371)
