2350 4196
1086 4020 98 50 389

153 385 246 66 Dupuis,
427 386 178 56 René.

316 463 1091 68 … Jeune Europe. Paris, Plon [1933]
217 537 27 39 3
270 547 42 37 p.
362 567 22 17 l.,
410 535 139 49 xxiii,
576 536 87 40 244
690 548 57 37 p.,
775 538 25 38 2
849 567 8 9 l.
919 535 116 43 19cm.

218 607 63 40 At
307 608 125 39 head
460 608 50 38 of
536 608 107 40 title
661 620 8 28 :
700 607 131 40 René
857 607 203 48 Dupuis,
1089 608 277 39 Alexandre
1393 610 146 39 Marc.

153 673 1994 53 © Oct. 24, 1933; 1c. Jan. 23, 1934; A-Foreign 23470; Librairie Plon.
230 735 250 48 (34-7631)

147 852 476 55 Eastern-states
655 854 356 53 association
1043 855 62 52 of
1137 854 393 64 professional
1563 854 229 54 schools
1823 855 99 53 for
216 853 1907 132 teachers.

145 1009 2002 146 … Proceedings of the 1933 Spring conference … [Problems in teacher-training] Volume VIII. Compiled and edited
145 1166 2002 70 by Alonzo F. Myers … New York, Prentice-Hall, inc., 1934.
221 1241 99 47 xxi,
349 1240 87 40 364
465 1251 42 37 p.
564 1241 147 40 20½cm.

152 1307 1994 52 © Mar. 1, 1934; 2c. Mar. 23; aff. Mar. 21; A 71001; Prentice-Hall, inc.
150 1427 305 66 Emerson,
486 1428 191 66 Ralph
705 1430 222 64 Waldo,
962 1432 324 51 1803-1882.

220 1508 530 68 Emerson-Clough
791 1510 209 66 letters,
1040 1507 187 55 edited
1266 1509 73 67 by
1377 1509 259 52 Howard
1677 1510 64 52 F.
1783 1510 208 66 Lowry
2032 1509 112 52 and

149 1585 192 68 Ralph
370 1585 182 53 Leslie
584 1586 175 52 Rusk.
837 1585 325 68 Cleveland,
1193 1588 119 51 The
1345 1585 277 54 Rowfant
1651 1586 144 66 club,
1829 1590 147 50 1934.

221 1658 63 48 ix,
331 1658 70 49 [66]
432 1669 41 37 p.
533 1657 117 41 24cm.

223 1714 130 41 “One
379 1716 220 38 hundred
629 1715 243 47 sixty-five
900 1714 159 48 copies
1085 1714 51 40 of
1163 1715 99 40 this
1288 1715 122 40 book
1437 1716 123 39 have
1592 1716 115 39 been
1737 1715 192 48 printed
1958 1715 79 41 for
2066 1717 82 40 the

155 1770 229 42 Rowfant
408 1773 106 39 club
540 1774 52 37 at
616 1772 81 39 the
721 1772 237 40 Lakeside
984 1781 149 38 press,
1162 1771 251 48 Chicago.”
1475 1771 118 41 This
1619 1781 120 39 copy
1762 1774 85 37 not
1869 1774 277 41 numbered.

152 1838 55 51 ©
244 1842 108 39 Feb.
395 1842 68 47 26,
505 1841 139 46 1984;
688 1842 66 40 2c.
796 1844 94 38 and
932 1842 81 41 aff.
1056 1843 119 40 Mar.
1218 1842 28 39 5;
1314 1843 40 38 A
1394 1842 170 47 70481;
1609 1843 216 40 Howard
1867 1843 50 39 F.
1960 1843 174 46 Lowry,

220 1899 234 47 Wooster,
488 1898 51 41 O.
611 1899 250 49 (34-7274)

149 2017 1971 147 Ralph Waldo Emerson; representative selections, with introduction, bibliography, and notes, by Frederic I. Carpenter …
148 2174 138 52 New
314 2174 178 67 York,
522 2173 327 56 Cincinnati
900 2180 119 61 [etc.]
1054 2174 304 53 American
1386 2174 147 52 book
1564 2191 279 49 company
1877 2177 191 63 [c1934]

219 2245 98 49 lvii,
337 2246 87 40 456
441 2257 42 37 p.
536 2246 133 40 front.
714 2246 171 48 (port.)
947 2247 144 40 18½cm.
1155 2246 298 48 (Half-title:
1478 2246 256 41 American
1753 2245 194 40 writers
1964 2245 175 48 series)

224 2301 247 45 “Selected
501 2304 366 48 bibliography”
886 2315 8 29 :
928 2316 42 37 p.
1001 2304 217 40 xlix-lvi.

222 2360 130 40 “The
384 2362 105 38 text
520 2361 50 39 of
601 2361 274 40 Emerson’s
907 2371 140 38 prose
1077 2362 95 39 and
1202 2371 137 29 verse
1374 2361 225 40 included
1632 2361 49 39 in
1712 2360 82 40 the
1825 2362 195 46 present
151 2360 1977 96 volume
293 2417 42 40 is
371 2418 108 39 that
514 2418 50 39 of
598 2419 81 39 the
713 2417 273 48 Centenary
1020 2418 196 42 edition,
1253 2418 159 40 which
1446 2419 332 47 incorporates
1814 2418 81 38 the
1929 2417 218 40 author’s

150 2472 116 40 final
297 2472 473 43 revisions.”—Pref.

151 2541 1799 52 © Mar. 27. 1934; 2c. and aff. Mar. 30; A 70856; Amer, book co.
228 2603 250 48 (34-7266)

153 2724 232 62 Emery,
415 2725 137 51 Mrs.
581 2722 327 54 Theodosia
938 2724 130 53 Van
1096 2724 258 55 Norden.

216 2799 120 52 The
366 2800 283 67 language
679 2799 64 52 of
771 2804 272 63 contract,
1073 2800 73 69 by
1178 2799 319 53 Theodosia
1530 2800 69 53 V.
1634 2799 70 52 N.
1739 2798 240 69 Emery;
147 2798 1976 148 simplifying
458 2876 385 54 Culbertson’s
896 2877 548 69 approach-forcing
1497 2882 225 63 system.
1818 2875 329 67 [Hartford,

147 2953 240 54 Printed
416 2955 72 68 by
515 2955 78 52 M.
623 2956 66 51 B.
719 2955 283 67 Hadlock,
1031 2958 174 65 c1933]

215 3027 593 50 4 p. l., 94, [4] p. 16cm.
216 3083 123 41 Text
367 3096 60 28 on
453 3095 121 37 page
607 3085 53 49 [3]
691 3084 53 40 of
770 3094 153 33 cover.

152 3151 51 51 ©
240 3157 97 38 Dec.
388 3157 53 38 14,
493 3156 140 41 1933;
673 3157 64 39 2c.
778 3158 120 38 Mar.
936 3158 67 45 16,
1041 3158 115 39 1934;
1221 3158 81 39 aff.
1341 3158 120 38 Mar.
1500 3156 81 42 29:
1622 3158 41 37 A
1699 3155 169 47 70866;
1909 3157 50 38 T.
1998 3155 53 42 V.
2089 3157 53 38 N.

218 3214 188 46 Emery,
438 3214 256 46 Hartford,
726 3213 146 41 Conn.
944 3214 249 48 (34-7286)

148 3328 279 67 Fielding,
461 3329 340 67 Archibald,
836 3333 170 51 1900-

218 3406 119 51 The
382 3406 238 68 Cautley
665 3407 349 52 conundrum
1081 3407 91 68 [by]
1222 3407 68 52 A.
1335 3405 285 69 Fielding.
1700 3405 255 69 London,
2000 3405 141 53 Pub.

151 3484 90 51 for
266 3484 94 54 the
392 3483 187 54 Crime
608 3484 143 62 club,
778 3485 121 61 ltd.,
925 3485 73 61 by
1025 3485 87 53 W.
1144 3485 215 54 Collins
1386 3502 128 36 sons
1540 3485 45 51 &
1610 3502 96 44 co.,
1733 3483 102 54 ltd.
1871 3486 171 60 [1934]

217 3554 86 40 252
336 3566 43 38 p.
439 3555 115 41 19cm.

152 3625 1992 54 © 1c. Feb. 27, 1934; A ad int. 18725; pubd. Feb. 7; Dorothy Feilding,
218 3687 211 39 London.
504 3687 249 48 (34-8147)

149 3801 1971 148 … The Cautley mystery. New York, H. C. Kinsey & company, inc., 1934.
217 3955 554 48 4 p. l., 274 p. 19½cm.
