2350 4196
1116 4007 129 47 1544

214 458 1985 70 ley experiment, Preston's algol light, theory … Quotations
215 535 153 55 from
399 556 71 33 an
505 537 195 53 article
734 557 68 33 on
839 539 293 66 relativity
1164 540 59 51 in
1257 537 94 52 the
1393 536 449 68 Encyclopaedia
1877 538 325 67 brittanica,

214 614 554 68 interparagraphed
809 617 139 51 with
989 620 304 49 comments
1334 615 152 52 from
1524 616 94 51 the
1658 615 311 67 viewpoint
2006 615 63 52 of
2106 617 98 50 the

215 692 230 67 unitary
483 693 219 66 theory,
740 694 73 65 by
853 693 219 67 George
1112 696 62 50 F.
1216 692 251 56 Gillette.
1549 694 155 65 [New
1744 693 179 67 York,
1960 693 242 52 Printed
213 769 34 51 by

315 771 117 52 The
459 773 229 64 Appeal
715 772 264 67 printing
1005 792 96 36 co.,
1130 774 149 63 1934]

285 843 663 48 1 p. l., 385-406 p. 22½ cm .
285 901 116 37 This
429 901 247 46 pamphlet
703 900 40 40 is
772 904 47 35 to
846 901 56 39 be
927 902 214 38 inserted
1169 901 48 38 in
1244 901 131 38 main
1404 901 204 39 volume.

219 953 50 51 ©
303 958 117 42 Aug.
453 958 40 39 4.
526 956 113 41 1934:
700 957 66 39 2c.
799 959 117 45 Aug.
950 958 24 37 6:
1036 957 78 39 aff.
1150 959 116 43 Aug.
1302 958 25 38 7:
1389 957 40 38 A
1462 957 142 40 74448;
1668 956 50 40 G.
1754 957 50 39 F.
1841 955 211 41 Gillette.
2086 957 116 38 New

286 1015 140 37 York.

215 1100 378 68 Goidthwait,
624 1104 126 52 Joel
782 1105 236 62 Ernest,
1053 1106 169 49 1866-

284 1181 165 65 Body
485 1180 316 53 mechanics
839 1181 59 51 in
936 1181 93 52 the
1066 1181 168 66 study
1273 1183 109 50 and
1422 1185 303 47 treatment
1761 1180 64 51 of
1863 1181 228 65 disease,
2128 1181 75 65 by

209 1257 1931 68 Joel E. Goidthwait … Lloyd T. Brow ··· Loring T. Swaim …
211 1334 1992 133 [and]. John G. Kuhns … 99 illustrations. Philadelphia, London
490 1419 136 62 [etc.]
664 1416 53 53 J.
752 1417 65 50 B.
852 1413 335 68 Lippincott
1219 1432 280 49 company
1536 1448 11 32 [
1552 1420 18 21 c
1575 1418 151 62 1934]

282 1487 93 41 xiv,
407 1487 82 38 281
522 1497 40 37 p.
625 1487 140 46 illus.,
798 1486 176 48 diagrs.
1035 1486 52 39 21
1093 1489 43 20 cm
1142 1519 8 7 .

312 1544 263 39 Reference
604 1547 47 35 to
679 1544 202 39 medical
909 1543 283 40 literature”:
1250 1555 41 36 p.
1320 1542 215 41 253-272.

218 1597 50 51 ©
302 1601 100 39 Oct.
433 1602 68 41 22,
534 1600 112 39 1934:
706 1600 66 42 2c.
804 1603 94 37 and
932 1601 78 39 aff.
1041 1603 115 37 Nov.
1190 1603 23 36 1:
1275 1602 41 37 A
1347 1600 140 40 77042:
1551 1601 42 38 J.
1675 1634 6 6 B.
1715 1600 276 48 Lippincott
2024 1610 66 30 co.

295 1658 278 47 (34-38575)

214 1747 279 63 Graham,
523 1747 228 55 Hiram.

281 1823 231 67 Joseph,
546 1825 93 50 the
675 1824 257 52 husband
969 1824 63 51 of
1064 1825 195 66 Mary;
1300 1843 31 32 a
1364 1825 182 66 novel,
1579 1825 74 65 by
1686 1824 210 52 Hiram
1929 1824 269 54 Graham.
216 1901 154 65 [New
415 1901 173 67 York]

629 1902 1395 67 R. Freeland er, The Yorktown press [ c 1934]
283 1975 639 46 5 p. l. , 3-482 p., 1 l. 22½cm
217 2028 50 51 ©
307 2033 114 38 Nov.
464 2033 66 38 10.
571 2030 138 41 1934:
753 2032 63 39 2c.
857 2032 116 39 Nov.
1014 2032 79 38 15:
1136 2031 79 41 aff.
1254 2032 117 39 Nov.
1410 2033 80 37 14:
1533 2032 40 38 A
1612 2030 168 48 78092;
1824 2032 163 39 James
2026 2030 174 40 Hiram

286 2089 226 40 Graham.
542 2089 275 39 Louisville.
890 2087 278 49 (34-38320)

213 2181 177 61 Gray,
422 2180 486 54 Westmoreland.

278 2257 284 52 Manhunt
627 2257 134 51 trail
847 2257 91 66 [by]
1008 2258 452 52 Westmoreland
1527 2258 173 66 Gray.
1776 2257 422 67 Philadelphia,

208 2334 255 54 London.
490 2335 53 53 J.
574 2335 64 51 B.
667 2333 334 68 Lippincott
1029 2351 275 50 company
1376 2339 150 62 [c1934]

280 2408 98 47 288,
411 2409 54 48 [1]
496 2418 41 37 p.
595 2407 53 40 19½
682 2409 14 21 cm
731 2440 7 7 .

283 2465 305 47 “Copyright,
633 2464 126 46 1931,
804 2465 60 46 by
906 2464 210 47 Popular
1161 2464 337 47 publications,
1542 2464 91 40 inc.
1679 2464 151 40 under
1876 2465 79 40 the
2001 2462 106 44 title
2151 2465 50 41 of

212 2522 233 47 ‘Tragedy
476 2504 172 57 trail’.”

215 2575 50 50 ©
295 2580 117 39 Nov.
443 2578 67 46 12,
541 2578 113 39 1934:
715 2578 65 39 2c.
810 2577 94 40 and
935 2578 79 38 aff.
1046 2578 114 37 Nov.
1192 2579 54 38 17;
1306 2578 41 38 A
1379 2577 141 40 77319;
1582 2579 41 41 J.
1656 2580 53 38 B.
1740 2578 279 48 Lippincott
2048 2588 67 30 co.

293 2635 277 49 (34-38716)

211 2727 174 63 Grey,
414 2728 136 51 Mrs.
583 2725 138 54 Lisa
750 2727 151 52 Mae.

277 2803 305 53 Universal
620 2801 396 67 metaphysics,
1055 2800 254 69 primary
1348 2821 209 49 course,
1594 2804 74 66 by
1706 2802 132 53 Lisa
1876 2804 130 51 Mae
2044 2803 153 68 Grey

207 2878 1990 146 and Georgie Fitzgerald; a textbook … Los Angeles, DeVorss & co. [ c 1934]
280 3030 740 48 126 p. front. (port.) 17 cm .
213 3084 50 50 ©
293 3089 124 38 June
443 3087 68 43 25,
538 3087 139 40 1934:
707 3089 65 39 2c.
800 3088 93 38 and
922 3086 79 39 aff.
1030 3087 115 38 Nov.
1175 3088 79 45 13;
1283 3088 42 38 A
1352 3088 166 40 77195:
1547 3089 48 38 L.
1627 3090 61 39 M.
1719 3088 125 48 Grey
1873 3089 93 39 and
1996 3089 202 47 Georgie

279 3145 302 41 FitzGerald,
619 3145 91 38 Los
746 3145 216 46 Angeles.
1034 3141 276 49 (34-38553)

210 3217 251 66 Griffith,
497 3221 274 52 Coleman
804 3220 271 59 Roberts,
1112 3223 168 51 1893-

273 3299 91 50 An
394 3297 387 52 introduction
806 3303 58 46 to
892 3297 229 67 applied
1150 3299 364 68 psychology,
1539 3300 75 66 by
1643 3299 268 54 Coleman

205 3300 1965 144 R. Griffith … New York, The Macmillan company. 1934.
276 3456 74 33 xv,
380 3447 84 39 679
492 3457 41 36 p.
595 3447 53 38 22
653 3450 42 21 cm
703 3481 6 6 .

278 3489 232 53 “General
541 3504 251 47 readings”
823 3506 52 37 at
902 3507 89 37 end
1019 3503 52 40 of
1099 3504 117 38 each
1245 3505 212 47 chapter.

210 3556 50 50 ©
291 3562 114 37 Nov.
435 3562 67 40 13,
532 3561 139 41 1934:
703 3561 66 39 2c.
801 3562 92 37 and
925 3560 80 40 aff.
1037 3561 116 40 Nov.
1181 3563 80 38 14:
1295 3563 39 37 A
1363 3563 142 40 78077:
1565 3564 280 39 Macmillan
1876 3575 64 28 co.

288 3617 275 47 (34-38697)

209 3691 294 64 Hainfeld,
536 3693 241 53 Charles
808 3694 63 53 F.

276 3764 1914 71 Secretarial practice, by Charles F. Hainfeld … with the
203 3844 1987 72 coöperation of Earl Tharp … Chicago, New York, Lyons &
204 3917 306 55 Carnahan
553 3955 12 33 [
570 3928 18 20 c
593 3925 150 63 1934]
