2350 4196
1073 3998 98 49 919

151 353 296 54 Southern
484 354 257 63 surgical
780 354 375 54 association.

221 430 403 54 Transactions
677 431 61 52 of
789 432 95 52 the
938 432 284 54 Southern
1273 433 247 65 surgical
1574 433 354 54 association.
151 437 1974 123 Volume
459 550 8 8 XLVI.
545 509 133 51 46th
721 510 210 51 annual
971 509 264 67 meeting,
1274 509 133 52 held
1450 517 60 47 at
1548 512 126 51 Hot
1714 512 262 69 Springs,
152 515 1973 138 Virginia,
368 587 308 51 December
719 590 81 64 12,
844 591 61 49 13
949 587 111 52 and
1106 590 79 64 14,
1230 590 149 49 1933.
1459 588 214 53 Edited
1713 590 74 66 by
1829 593 217 51 Robert
2084 595 63 51 L.

150 664 1826 71 Payne, M. D. … New York, Paul B. Hoeber, inc., 1934.
221 737 100 48 lvii,
351 737 87 40 738
461 748 40 37 p.
530 737 107 40 incl.
666 738 141 47 illus.,
836 740 160 46 ports.,
1027 739 168 45 tables,
1224 739 180 47 diagrs.
1460 741 55 38 24
1520 742 43 21 cm
1569 772 7 8 .

156 805 51 52 ©
233 810 118 47 Aug.
378 807 38 48 9,
444 808 113 41 1934;
612 809 65 39 2c.
704 809 119 47 Aug.
851 810 80 45 11;
961 808 79 39 aff.
1069 808 118 47 Aug.
1215 809 54 38 14;
1325 809 40 38 A
1392 810 170 47 74512;
1592 811 124 39 Paul
1743 812 53 40 B.
1826 813 204 44 Hoeber,
2057 815 91 40 inc.

156 911 201 65 Spicer
386 913 113 52 and
530 929 306 47 company,
866 912 110 55 inc.

220 988 121 52 The
385 988 301 52 endotoxic
729 987 307 54 infections
1082 987 113 52 and
1241 986 150 53 their
1438 986 220 52 control
1705 985 142 52 with
1892 986 256 52 edwenil.

150 1064 295 64 Glendale,
473 1065 195 63 Calif.,
700 1065 199 63 Spicer
930 1066 113 52 and
1072 1083 297 45 company,
1402 1066 150 52 1934.

221 1138 86 41 109
336 1149 44 38 p.
440 1138 56 41 23
501 1141 42 21 cm
549 1172 7 8 .

154 1208 51 52 ©
233 1213 113 38 May
374 1213 38 45 1,
441 1211 140 46 1934;
611 1212 66 39 2c.
707 1211 113 48 Apr.
849 1212 55 39 23;
963 1210 81 40 aff.
1075 1212 111 45 May
1215 1212 51 44 7;
1298 1210 40 38 A
1368 1209 170 47 71525;
1573 1209 166 48 Spicer
1768 1210 35 39 &
1832 1221 66 29 co.

234 1268 279 49 (34-20580)

145 1371 281 63 Sullivan,
458 1372 204 61 Helen,
692 1373 182 57 sister,
908 1370 170 54 1907-

148 1446 2001 147 … The number and reality of the non-self-symmetric quadrilaterals in-and-circumscribed to the rational unicuspidal
146 1605 221 66 quartic
397 1605 140 52 with
570 1624 31 33 a
630 1605 118 51 line
775 1604 65 52 of
871 1609 327 64 symmetry,
1228 1604 75 68 by
1338 1602 180 56 Sister
1548 1604 81 52 M.
1663 1604 187 52 Helen
1884 1604 265 54 Sullivan

208 1681 1940 70 … Washington, D. C., The Catholic university of America,
148 1763 149 53 1934.

221 1833 735 50 1 p. l., 17 p. diagrs. 23 cm .
214 1890 64 41 At
303 1892 125 39 head
452 1892 52 39 of
529 1892 135 39 title:
693 1891 99 40 The
819 1889 221 42 Catholic
1067 1890 270 47 university
1364 1890 52 40 of
1439 1889 237 41 America.

214 1947 173 41 Thesis
426 1948 106 48 (PH.
591 1946 327 49 D.)—Catholic
945 1947 269 48 university
1244 1946 51 40 of
1320 1946 237 49 America,
1588 1945 128 42 1934.

215 2003 127 42 Vita.

151 2058 51 52 ©
232 2063 126 39 June
385 2064 38 46 1,
454 2062 140 47 1934;
625 2063 64 39 2c.
721 2064 95 38 and
845 2062 79 40 aff.
955 2063 126 39 June
1110 2063 80 45 27;
1223 2063 40 38 A
1291 2062 143 40 74006;
1495 2062 221 41 Catholic
1746 2063 128 40 univ.
1903 2064 52 40 of
217 2063 1911 96 America.
377 2119 279 48 (34-20576)

142 2221 369 67 Swabacker,
544 2224 191 52 Leslie
768 2225 71 63 J.,
877 2227 171 51 1885-

214 2300 115 69 Big
360 2302 153 67 steel,
547 2302 74 67 by
653 2301 184 53 Leslie
872 2301 351 55 Swabacker.
1299 2302 138 52 New
1472 2302 178 67 York,
1684 2303 120 52 The
1837 2303 305 67 Macaulay

145 2397 280 51 company
462 2415 11 32 [
479 2387 17 20 c
502 2384 135 49 1934
640 2414 12 33 ]

219 2451 640 50 5 p. l., 13-369 p. 19½ cm .
149 2506 51 52 ©
241 2512 115 46 July
396 2511 68 40 18.
506 2511 140 46 1934;
690 2511 66 40 2c.
798 2513 95 38 and
935 2510 81 40 aff.
1060 2512 115 47 July
1214 2512 82 45 21;
1341 2512 41 38 A
1421 2511 170 47 73572;
1636 2511 158 39 Leslie
1839 2510 303 47 Swabacker,

218 2568 208 47 Beverly
456 2568 142 47 Hills,
633 2568 143 40 Calif.
852 2568 280 48 (34-20787)

139 2669 248 67 Teilhet,
417 2671 242 55 Darwin
689 2672 65 56 L.

213 2748 121 53 The
365 2749 226 68 talking
621 2768 254 48 sparrow
905 2751 274 66 murders,
1209 2752 74 65 by
1314 2749 241 54 Darwin
1585 2751 64 53 L.
1684 2750 239 54 Teilhet.
2000 2752 137 52 New

144 2824 178 68 York,
349 2828 89 54 W.
466 2829 250 51 Morrow
744 2832 46 50 &
816 2847 97 47 co.,
943 2833 149 49 1934.

215 2898 62 50 vi,
305 2899 85 41 301
418 2911 43 37 p.
522 2899 55 41 19½
609 2901 45 22 cm
659 2934 8 8 .

146 2954 52 51 ©
233 2959 115 47 July
380 2959 68 47 18,
484 2958 139 47 1934;
660 2959 65 40 2c.
761 2960 95 39 and
890 2959 81 39 aff.
1007 2960 114 47 July
1156 2960 81 46 25;
1275 2960 40 38 A
1348 2959 169 47 73610;
1556 2959 203 40 Darwin
1793 2959 108 40 L’or
1935 2960 204 46 Teilhet,

216 3015 117 40 Palo
360 3016 125 46 Alto,
516 3015 143 41 Calif.
732 3015 279 48 (34-20789)

136 3117 256 67 Tenney,
430 3121 222 52 Horace
684 3120 178 64 Kent,
897 3123 172 51 1892-

144 3195 1965 148 Let’s talk about your baby, by FI. Kent Tenney, jr. … Madison, Wis., Kilgore printing company [ c 1934]
212 3345 526 49 3 p. l., 85 p. 19½ cm .
213 3404 159 38 Blank
398 3413 145 37 pages
568 3405 96 38 and
692 3404 153 39 forms
873 3405 78 38 for
979 3404 214 41 “Record
1220 3406 51 39 of
1298 3406 267 47 important
1592 3406 195 40 events”
1825 3406 192 49 (73-85)

143 3458 51 52 ©
226 3464 114 47 July
369 3465 39 46 3,
438 3464 140 46 1934;
611 3464 66 40 2c.
709 3466 94 38 and
834 3464 81 40 aff.
948 3463 115 49 July
1094 3465 51 46 9;
1178 3466 40 38 A
1249 3465 168 47 73310;
1452 3466 60 40 H.
1544 3467 56 37 K.
1635 3466 209 48 Tenney,
1875 3466 74 47 jr.,
210 3464 1909 103 Madison,
339 3520 114 40 Wis.
526 3521 280 49 (34-20593)

135 3623 290 67 Vosburg,
457 3628 138 51 Mrs.
628 3626 183 54 Stella
841 3626 333 56 Sherwood.

209 3700 202 54 Desert
438 3701 198 67 fables,
663 3701 73 68 by
767 3701 179 53 Stella
974 3701 307 54 Sherwood
1311 3702 292 67 Vosburg;
1639 3701 321 54 illustrated
1989 3701 136 54 with

140 3795 109 50 pen
281 3778 249 54 sketches
561 3781 74 66 by
668 3780 94 53 the
795 3780 219 52 author.
1084 3779 422 69 Philadelphia,
1542 3780 249 68 Chicago
1834 3786 136 62 [etc.]
2010 3781 120 52 The

141 3854 151 54 John
324 3855 61 52 C.
414 3857 261 53 Winston
708 3875 276 49 company
1018 3892 12 34 [
1036 3865 17 20 c
1059 3861 131 48 1934
1197 3892 10 33 ]

209 3927 55 40 78
293 3937 30 38 p.
368 3928 107 40 incl.
504 3928 163 46 front.,
698 3928 127 41 illus.
886 3929 55 40 19
945 3932 43 21 cm
994 3961 8 8 .
