2350 4196
1106 3983 132 54 1789

236 439 208 40 Various
473 441 216 46 pagings.

240 496 94 39 “To
369 496 209 41 instruct
610 499 82 39 the
723 498 196 39 student
951 498 53 38 in
1035 498 82 39 the
1151 498 77 38 art
1261 496 54 39 of
1346 496 224 48 painting
1601 496 156 40 either
1788 496 287 46 landscapes
2106 506 55 29 or

169 553 234 47 portraits
433 553 119 40 with
584 555 62 38 oil
677 556 154 38 colors
860 564 112 29 over
1001 553 349 48 photographic
1381 552 517 47 reproductions.”—p.
1931 553 39 40 8.

170 610 54 51 ©
260 614 111 39 Dec.
411 613 68 47 10,
518 612 141 48 1934;
700 614 66 39 2c.
805 615 95 38 and
939 612 80 40 aff.
1058 614 112 38 Dec.
1207 611 83 48 24;
1330 612 43 39 A
1408 611 170 47 78665;
1620 612 167 39 Frank
1824 612 71 40 W.
1938 611 224 48 Savigily,

237 670 206 40 Detroit.
516 670 221 47 (35-543)

170 769 342 69 Schmidlin,
541 773 239 64 Joseph,
812 776 170 52 1876-

167 848 1999 146 Catholic mission history, by Joseph Schmidlin … a translation, edited by Matthias Braun … Techny, Ill., Mission
170 1022 172 49 press,
373 1005 58 54 S.
461 1006 70 53 Y.
561 1006 91 63 D.,
684 1009 150 49 1933.

240 1077 84 39 xiv
352 1088 58 38 p.,
441 1078 25 39 1
529 1109 9 16 l.,
569 1077 87 41 862
684 1090 43 37 p.
787 1077 54 40 23
847 1080 43 21 cm
895 1111 9 9 .

241 1133 293 41 Translated
570 1134 62 47 by
665 1135 52 39 T.
751 1133 44 41 J.
830 1134 235 48 Kennedy
1098 1136 95 38 and
1230 1135 72 40 W.
1338 1134 60 41 H.
1434 1134 285 41 Robertson,
1780 1134 61 48 cf.
1876 1145 43 38 p.
1954 1134 97 42 xiv.

239 1189 226 42 Includes
501 1191 391 49 bibliographies.

175 1244 1994 51 © Dec. 8, 1933 ; 1c. and aff. Aug. 27, 1934; 1c. Sept. 14; A 74956; Society
262 1305 53 39 of
337 1305 82 40 the
441 1304 176 40 Divine
642 1305 146 46 word,
813 1305 207 46 Techny,
1046 1304 73 38 Ill.
1191 1303 222 48 (35-604)

171 1409 315 65 Simmons,
514 1409 191 64 Ralph
733 1410 86 64 B.,
848 1427 178 49 comp.

242 1486 206 55 Utah’s
481 1487 421 67 distinguished
934 1486 423 68 personalities;
1391 1507 31 33 a
1454 1487 397 66 biographical
1885 1488 288 67 directory

173 1565 63 53 of
283 1565 250 53 eminent
579 1569 539 62 contemporaneous
1162 1582 128 34 men
1338 1564 114 52 and
1499 1583 216 34 women
1761 1565 127 53 who
1935 1583 94 35 are
2074 1566 98 53 the

175 1640 1934 56 faithful builders and defenders of the state. De luxe ed. …
175 1721 126 55 Vol.
361 1764 9 8 I.
440 1722 255 50 1932-33.
764 1717 300 69 Compiled
1094 1720 112 51 and
1237 1719 189 52 edited
1456 1720 75 66 by
1562 1719 193 68 Ralph
1786 1723 67 50 B.
1887 1720 286 54 Simmons

323 1798 129 55 Salt
491 1798 156 52 Lake
693 1798 152 67 City,
888 1798 177 67 Utah,
1109 1798 361 66 Personality
1515 1797 337 69 publishing
1895 1818 280 50 company

180 1911 12 33 [
198 1884 17 21 c
220 1879 133 50 1933
360 1910 12 33 ]

245 1950 88 42 230
363 1962 41 37 p.
464 1951 127 39 illus.
621 1950 198 49 (ports.)
887 1949 58 40 20½c
992 1951 29 21 m
1023 1978 8 8 .

247 2006 73 41 On
352 2018 168 30 cover:
555 2006 207 48 Library
793 2005 198 42 edition.

181 2061 1993 52 © May 18, 1933 ; 2c. Nov. 10, 1934; aff. Nov. 9; A 78533; R. B. Simmons,
250 2123 108 40 Salt
380 2122 132 39 Lake
539 2120 122 48 City.
733 2118 222 51 (35-642)

180 2208 173 68 Sims,
382 2211 155 54 John
568 2211 209 63 Green,
809 2208 151 56 1879-

252 2285 1924 71 The new deal vs. laissez faire, by John G. Sims, jr. … Fort
181 2368 224 66 Worth,
436 2369 154 64 Tex.,
621 2366 122 54 The
772 2366 206 52 author
1054 2369 149 63 [c1934]

249 2442 56 40 37
335 2452 41 37 p.
435 2439 59 40 19½
523 2441 44 22 cm
573 2473 8 8 .

184 2495 51 51 ©
258 2500 110 38 Dec.
392 2497 39 47 6,
454 2495 141 48 1934;
619 2495 65 40 2c.
710 2496 96 39 and
829 2494 81 40 aff.
935 2495 110 39 Dec.
1070 2493 85 48 24;
1179 2494 42 40 A
1242 2494 171 48 77854;
1440 2496 42 39 J.
1508 2495 52 41 G.
1587 2495 140 49 Sims,
1751 2497 74 48 jr.,
1852 2497 118 41 Fort
1993 2498 184 41 Worth.

261 2554 221 50 (35-733)

181 2644 269 66 Smythe,
479 2643 248 54 Frauds
751 2641 256 65 Sydney,
1038 2646 170 51 1900-

251 2720 98 54 An
368 2718 217 70 Alpine
607 2718 261 69 journey,
888 2717 79 69 by
988 2717 66 53 F.
1084 2716 57 56 S.
1168 2716 265 71 Smythe;
1463 2718 143 54 with
1628 2718 326 71 fifty-three
181 2722 1974 144 photographs

425 2798 78 68 by
529 2797 96 52 the
656 2796 223 53 author.
943 2795 258 68 London,
1231 2796 71 54 V.
1336 2795 293 71 Gollancz,
1659 2798 122 69 ltd.,
1816 2800 151 51 1934.

252 2872 85 40 351
367 2882 43 37 p.
473 2870 164 46 front.,
667 2868 171 49 plates,
869 2868 117 40 fold.
1017 2877 125 37 map.
1201 2867 53 40 23½
1290 2870 44 21 cm
1338 2899 9 9 .

188 2925 1846 55 © 1c. Dec. 15, 1934; A ad int. 19757; pubd. Oct. 22; F. S. Smythe,
254 2933 1912 94 London.
433 2983 220 51 (35-897)

186 3076 215 64 Soddy,
429 3072 334 65 Frederick,
794 3072 171 56 1877-

259 3154 120 52 The
410 3153 118 52 role
557 3150 64 53 of
647 3168 230 49 money;
909 3151 155 52 what
1089 3151 47 52 it
1164 3153 202 51 should
1392 3153 84 66 be,
1505 3156 323 52 contrasted
1857 3156 141 54 with
2026 3161 155 52 what

192 3228 1988 77 it has become, by Frederick Soddy … London, G. Routledge
191 3312 111 51 and
333 3327 144 47 sons,
505 3308 123 64 ltd.,
659 3310 149 50 1934.

258 3395 45 36 x,
338 3382 85 39 222
458 3392 42 37 p.
562 3379 55 40 19½
650 3381 46 20 cm
698 3409 8 7 .
780 3378 300 49 (Half-title:
1112 3380 100 39 The
1245 3380 292 41 New-world
1567 3381 167 49 series,
1770 3385 72 41 ed.
1877 3385 61 48 by
1975 3387 58 39 H.
190 3385 1975 101 Williams)

260 3493 375 49 Bibliography:
668 3503 42 36 p.
742 3491 216 42 221-222.

194 3547 1992 54 © 1c. Dec. 15, 1934; A ad int. 19741; pubd. Oct. 18; Harcourt, Brace &
260 3619 80 37 co.,
369 3609 105 46 inc.,
503 3607 116 39 New
649 3605 142 39 York.
864 3605 221 48 (35-732)

192 3699 280 64 Spender,
502 3695 281 64 Stephen.

261 3776 241 63 Vienna,
544 3771 76 68 by
666 3770 252 68 Stephen
964 3771 273 66 Spender.
1311 3773 258 68 London,
1612 3776 185 55 Faber
1844 3782 113 52 and
2000 3783 186 55 Faber

198 3856 170 65 [1934]

267 3921 592 53 3 p. l. , 9-43 p. 22½c m .
