2350 4196
1116 4092 98 48 201

137 460 236 51 Manual
408 476 69 33 on
510 457 202 52 barber
745 453 247 70 practice
1025 454 110 52 and
1171 453 227 66 science,
1432 452 140 51 with
1606 450 204 53 review
203 450 1901 139 examination

350 535 284 68 questions
663 534 111 51 and
804 550 271 47 answers;
1108 529 92 53 for
1225 548 96 34 use
1348 529 59 51 in
1434 529 237 64 schools,
1699 531 58 48 at
1784 532 145 47 state
1953 528 178 52 board

204 613 430 65 examinations,
687 612 111 52 and
854 609 92 52 for
1000 608 273 66 students,
1327 605 358 69 apprentices
1738 605 112 52 and
1900 605 232 52 barbers

206 691 310 69 preparing
561 689 91 52 for
696 688 441 65 examinations;
1184 685 291 68 approved
1516 684 75 66 by
1634 684 95 52 the
1770 687 145 49 state
1955 683 179 52 board

203 761 1933 69 of barbers examiners … Philadelphia, Pa., Barber science
208 847 331 69 publishing
567 865 78 33 co.
681 879 11 32 [
698 852 18 20 c
721 848 132 48 1933
861 877 11 33 ]

207 928 998 55 2 p. l., 100 p. illus. 18½cm. $2.00
139 1003 50 51 ©
225 1007 124 46 Sept.
384 1007 67 38 15,
485 1004 111 40 1933;
659 1004 66 40 2c.
759 1004 108 38 Jan.
900 1001 68 46 29,
1003 1001 139 40 1934;
1178 1000 80 39 aff.
1295 1000 108 38 Feb.
1439 1000 50 45 5;
1526 999 40 37 A
1601 998 168 45 70138;
1808 997 184 46 Milady
2026 996 107 48 pub.

210 1075 51 28 co
284 1095 5 12 ,
320 1064 114 37 New
463 1062 141 39 York.
680 1059 249 47 (34-4218)

144 1166 217 63 Marks,
392 1165 252 52 Edward
675 1164 247 61 Bennet,
958 1166 168 48 1865-

212 1259 158 64 They
399 1257 75 51 all
507 1274 156 49 sang,
696 1255 148 51 from
876 1256 162 64 Tony
1069 1255 204 51 Pastor
1305 1260 57 44 to
1391 1253 171 65 Rudy
1593 1252 215 65 Vallée,
1839 1271 59 32 as
1928 1252 121 52 told
2079 1257 57 46 to

143 1335 215 52 Abbott
399 1333 54 53 J.
499 1332 264 67 Liebling
808 1332 68 66 by
923 1331 250 51 Edward
1217 1331 66 51 B.
1327 1329 213 52 Marks.
1618 1328 137 52 New
1799 1327 180 67 York,
2020 1328 122 53 The

146 1412 214 68 Viking
391 1429 172 49 press,
597 1413 149 49 1934.

212 1500 63 46 xi,
309 1499 83 41 321
427 1510 42 37 p.
531 1498 169 48 plates,
735 1499 162 45 ports.,
931 1496 216 40 facsims.
1206 1496 25 38 24cm.

214 1570 224 40 Includes
472 1568 165 40 music.

216 1628 140 39 “1545
385 1637 141 37 songs
556 1625 317 47 outstanding
903 1624 47 39 in
981 1635 77 35 my
1087 1621 269 48 memory’’:
1387 1633 42 37 p.
1458 1620 216 41 223-269.

148 1693 1995 53 © Feb. 7, 1934; 2c. Feb. S: aff. Mar. 13; A 69373; E. B. Marks, New
214 1757 142 38 York.
429 1755 249 47 (34-4697)

149 1859 188 64 Marx,
369 1860 161 63 Karl,
566 1861 322 48 1818-1883.

219 1950 147 52 Karl
419 1950 187 51 Marx'
659 1948 268 68 ’Capital’
981 1950 59 50 in
1094 1949 362 67 lithographs
1515 1948 108 67 [by]
1683 1949 173 66 Hvgo
1911 1946 232 54 Geliert.

151 2030 136 50 New
316 2029 176 61 York,
519 2030 64 50 R.
611 2031 163 63 Long
801 2032 42 48 &
870 2029 66 51 R.
964 2029 66 51 R.
1062 2027 187 55 Smith
1284 2030 170 63 [1934]

218 2114 1098 50 2 p. l., 60 numb. l., 1 l. front., illus. 26½cm.
218 2189 285 38 Illustrated
536 2189 299 45 end-papers.

217 2246 40 37 A
288 2245 347 39 condensation
669 2244 261 46 “compiled
974 2244 150 47 (from
1159 2244 131 38 Eden
1325 2244 94 39 and
1455 2243 156 40 Cedar
1645 2243 163 39 Paul's
1843 2245 94 37 and
1973 2243 174 38 Ernest

152 2301 341 40 Fntermaim's
536 2301 320 39 translations
899 2301 49 38 of
991 2302 80 38 the
1113 2300 206 48 original
1363 2303 128 46 text)
1542 2301 59 46 by
1644 2301 141 46 Hugo
1829 2300 183 39 Geliert
2054 2300 95 38 and

150 2359 297 46 interpreted
477 2360 57 45 by
565 2359 97 37 him
693 2360 49 37 in
771 2358 131 47 sixty
931 2358 348 47 lithographs”.

154 2424 1995 53 © Jul. 31, 1934; 2c. and aff. Feb. 2: A 69898; Hugo Geliert, White
224 2486 178 41 Plains,
432 2487 52 38 N.
515 2487 51 38 Y.
639 2486 249 48 (34-4251)

158 2591 474 53 Massachusetts
695 2592 132 52 safe
891 2592 229 63 deposit
1182 2592 377 66 association,
1622 2597 232 49 Boston.
1948 2594 204 65 Digest

228 2676 331 47 committee.

225 2758 204 69 Digest
460 2758 64 53 of
553 2758 124 54 safe
708 2760 222 68 deposit
964 2766 233 62 custom,
1226 2761 283 68 compiled
1540 2761 75 69 by
1645 2761 97 52 the
1773 2761 207 68 Digest

155 2776 1979 113 committee
383 2836 63 53 of
479 2838 95 51 the
605 2837 446 54 Massachusetts
1082 2838 122 53 safe
1238 2839 226 68 deposit
1496 2839 355 53 association.
1923 2839 235 65 Boston,

157 2912 442 56 Massachusetts
628 2915 124 53 safe
781 2917 225 67 deposit
1033 2916 356 69 association,
1422 2920 150 50 1933.

227 3001 133 47 xxix,
391 3000 85 40 226
506 3011 42 37 p.
609 3000 55 40 23
669 3003 43 21 cm
716 3033 8 8 .

230 3070 177 42 Pocket
435 3072 163 39 device
628 3082 60 29 on
716 3072 156 40 inside
903 3072 51 40 of
982 3073 121 39 back
1130 3083 153 30 cover.

233 3128 1878 48 “Contains in condensed form statements of custom and opinion …
164 3192 54 30 as
251 3186 222 45 reported
505 3186 49 37 in
588 3186 80 39 the
702 3185 230 40 bulletins
965 3186 52 39 of
1051 3187 80 39 the
1163 3185 457 48 Association.”—p.
1656 3184 98 41 207.

233 3239 100 41 The
362 3240 301 47 publication
696 3241 51 39 of
781 3242 99 39 this
915 3242 188 40 volume
1139 3242 87 40 has
1260 3242 119 40 been
1414 3243 140 40 made
1588 3241 210 49 possible
1832 3241 211 47 through
2080 3240 81 41 the

164 3298 306 44 cooperation
500 3298 51 38 of
579 3297 82 40 Dr.
693 3297 214 40 William
939 3298 55 40 R.
1026 3297 248 51 Compton,
1305 3300 123 46 who,
1459 3298 144 41 while
1635 3309 28 29 a
1692 3299 239 47 graduate
1964 3297 197 40 student

164 3355 50 36 at
246 3353 81 40 the
361 3353 227 39 Harvard
624 3353 249 41 Graduate
908 3355 162 39 school
1105 3355 51 39 of
1188 3355 222 40 business
1444 3355 413 47 administration,
1892 3352 269 41 undertook

166 3418 52 29 as
245 3409 76 39 his
347 3409 151 41 thesis
526 3412 81 38 the
634 3411 135 38 work
794 3411 51 39 of
871 3412 82 39 the
977 3411 184 47 Digest.

166 3477 49 50 ©
242 3483 107 38 Jan.
374 3483 37 40 8,
437 3482 138 41 1934;
603 3483 65 38 2c.
694 3484 93 37 and
814 3483 81 39 aff.
921 3484 108 39 Jan.
1055 3484 81 40 30:
1165 3484 37 38 A
1228 3484 169 41 70067;
1427 3485 386 39 Massachusetts
1840 3482 106 39 safe
1971 3481 190 48 deposit

235 3549 126 29 assn.
433 3539 249 47 (34-4500)

173 3642 249 64 Meeker,
454 3644 250 63 Arthur,
732 3645 71 65 jr.

239 3733 194 52 Vestal
461 3735 208 66 virgin,
695 3735 73 66 by
795 3737 224 52 Arthur
1044 3737 243 66 Meeker,
1313 3738 68 65 jr.
1458 3738 138 52 New
1627 3737 177 65 York,

1831 3736 67 54 G.
1927 3738 64 50 P.
171 3738 1964 124 Putnam’s
373 3830 128 36 sons
537 3845 11 33 [
554 3818 17 21 c
578 3817 149 62 1934]

244 3895 576 49 5 p. l., 3-310 p. 21 cm .
173 3962 49 51 ©
254 3968 109 39 Feb.
393 3968 67 46 23,
491 3968 113 39 1934;
663 3969 65 39 2c.
760 3971 94 38 and
886 3970 80 39 aff.
999 3972 121 38 Mar.
1151 3971 24 38 2;
1235 3971 40 37 A
1306 3970 137 40 70431;
1510 3971 51 38 A.
1595 3970 206 45 Meeker,
1833 3970 74 46 jr.,
1940 3968 221 44 Chicago.

249 4024 247 47 (34-4199)
