2350 4196
1126 4009 99 50 631

169 369 176 61 Read,
380 368 228 53 Arthur
638 367 201 64 Davis,
873 369 168 50 1882-

240 439 1926 73 The profession of forestry, by Arthur D. Read … New
169 523 177 58 York,
376 522 121 53 The
524 521 334 54 Macmillan
888 536 294 53 company,
1215 521 149 50 1934.

239 592 995 53 viii p., 2 l., 68 p. front., plates. 19½cm.
174 650 50 51 ©
254 655 113 47 Apr.
396 655 69 46 24,
496 654 140 46 1934;
669 654 64 39 2c.
766 654 95 39 and
892 652 80 40 aff.
1003 652 112 47 Apr.
1146 652 81 44 25;
1261 651 40 37 A
1331 649 169 44 72180;
1536 648 281 41 Macmillan
1849 659 67 29 co.

254 711 279 46 (34-13261)

166 798 235 66 Rivera,
435 799 203 65 Diego,
677 804 168 48 1886-

241 877 258 53 Portrait
527 878 63 53 of
621 878 282 66 America,
933 878 74 67 by
1035 877 184 67 Diego
1246 876 214 52 Rivera;
1522 874 140 53 with
1693 891 72 35 an
1794 874 373 68 explanatory

171 960 119 48 text
321 956 73 67 by
426 956 266 52 Bertram
723 956 69 51 D.
825 955 210 54 Wolfe.
1103 955 135 51 New
1273 953 179 67 York,
1484 952 217 68 Covici,
1731 952 207 53 Friede
1974 986 12 33 [
1992 959 16 21 c
2014 955 134 50 1934]

240 1026 1362 52 231, [1] p. incl. illus., plates (part double) 23½ cm .
241 1085 127 41 Title
397 1097 59 29 on
484 1086 25 38 2
540 1087 173 40 leaves.

243 1144 100 40 The
381 1144 159 48 plates
580 1153 84 31 are
706 1143 365 49 reproductions
1113 1142 50 41 of
1202 1142 184 41 murals
1431 1142 197 48 painted
1669 1141 78 41 for
1789 1142 80 41 the
1911 1141 143 42 Stock

171 1154 1980 94 exchange
385 1201 237 40 luncheon
653 1201 107 40 club
793 1202 94 38 and
918 1201 81 39 the
1033 1200 169 40 School
1233 1199 51 40 of
1314 1199 93 40 fine
1439 1200 102 39 arts
1573 1199 49 39 in
1655 1198 95 41 San
1783 1199 273 47 Francisco,
2088 1202 80 38 the

171 1258 235 41 Institute
435 1259 52 38 of
514 1258 93 40 fine
637 1260 103 38 arts
769 1258 49 39 in
847 1258 205 45 Detroit,
1084 1257 94 39 and
1207 1258 81 38 the
1318 1257 221 38 Museum
1567 1256 51 40 of
1646 1257 195 39 modern
1872 1259 91 40 art.
171 1257 1982 99 Rockefeller

344 1317 176 45 center,
552 1316 96 39 and
680 1316 80 38 the
791 1316 117 38 New
937 1313 227 41 workers’
1196 1314 163 40 school
1389 1313 49 39 in
1468 1313 117 39 New
1614 1313 144 39 York.

175 1369 50 51 ©
255 1375 114 46 May
397 1375 37 45 7,
465 1373 113 40 1934;
635 1373 66 40 2c.
731 1374 96 38 and
854 1372 80 39 aff.
966 1374 113 45 May
1107 1371 54 40 16;
1219 1371 40 39 A
1287 1370 146 41 71659;
1490 1371 176 46 Covici,
1698 1372 186 46 Friede,
1915 1372 89 40 inc.

257 1430 278 48 (34-13433)

172 1520 204 64 Rorty,
407 1519 216 55 James,
664 1522 169 49 1890-

241 1596 122 55 Our
408 1595 255 54 master’s
709 1598 182 51 voice:
940 1596 370 68 advertising,
1355 1596 35 52 by
1476 1596 194 54 James
1717 1597 200 67 Rorty.
2035 1597 137 53 New

176 1676 178 65 York,
384 1676 120 52 The
533 1675 157 54 John
718 1677 92 51 Day
877 1693 279 50 company
1228 1678 152 63 [c1934]

241 1748 542 49 x, 394 p., 1 l. 21 cm .
178 1803 52 51 ©
267 1809 113 46 May
417 1807 68 47 10,
523 1807 114 39 1934;
703 1807 66 41 2c.
808 1808 95 38 and
941 1806 80 40 aff.
1061 1808 113 45 May
1211 1807 52 38 11;
1334 1807 40 38 A
1411 1807 143 40 71588;
1623 1807 43 40 J.
1706 1808 167 48 Rorty,
1912 1809 261 47 Westport,

244 1864 145 40 Conn.
462 1863 279 49 (34-13269)

171 1950 424 67 Shakespeare,
635 1954 273 65 William,
951 1957 322 51 1564-1616.

242 2031 1930 70 New readers’ Shakespeare. [v. 5] The tragedy of Julius
171 2108 1978 132 Caesar, edited by G. B. Harrison and F. H. Pritchard; American
343 2189 1831 68 ed., prepared by Marquis E. Shattuck … New York,
172 2268 203 67 Henry
407 2269 145 51 Holt
582 2268 112 51 and
723 2285 278 50 company
1037 2302 11 33 [
1055 2274 16 20 c
1077 2271 149 62 1934]

244 2341 96 47 xiv,
369 2341 86 40 149
481 2352 42 37 p.
579 2341 163 47 front,
772 2342 171 47 plates.
1001 2343 54 38 17½c
1104 2344 28 20 m
1136 2373 7 7 .

180 2394 52 52 ©
261 2399 125 39 June
416 2399 67 46 11,
514 2398 113 40 1934;
686 2399 66 39 2c.
784 2400 94 38 and
908 2398 80 40 aff.
1019 2399 125 39 June
1175 2398 52 39 16;
1287 2399 40 38 A
1357 2398 144 41 73094;
1560 2401 168 46 Henry
1759 2401 119 39 Holt
1906 2400 35 40 &
1972 2410 81 38 co.,
2086 2401 90 40 inc.

250 2452 67 52 [©
349 2457 48 38 to
428 2457 80 38 the
538 2454 148 49 pupil,
719 2455 215 40 William
969 2456 343 47 Shakespeare,
1350 2456 373 47 Shakespeare’s
1756 2456 235 49 writings,
2024 2459 151 44 notes,

248 2512 152 48 topics
429 2513 77 38 for
536 2512 287 48 discussion]

177 2589 219 63 Simon,
426 2589 176 52 Yves,

305 2679 1872 70 … Introduction à l’ontologie du connaître. Paris, Desclée,
176 2758 68 53 de
270 2761 274 50 Brouwer
572 2763 55 47 et
653 2777 28 34 c
685 2757 32 28 ie
750 2792 11 33 [
768 2765 16 20 c
791 2761 150 63 1934]

179 2830 1981 107 3 p. l., 231 p., 1 l. 20 ½ cm . ( On cover: Bibliothèque française de philosophie. 3. sér.)
181 2942 1998 53 © Mar. 12, 1934; 1c. Apr. 6; A- Foreign 24422; Desclée, de Brouwer et
253 3003 82 40 cie.
395 3001 280 50 (34-14509)

176 3077 248 65 Stolper,
455 3080 202 61 Ernst,
687 3079 52 52 d.
773 3080 149 52 1930.

249 3156 413 53 Werkstudent
705 3156 78 52 im
833 3156 208 54 wilden
1089 3162 234 60 westen;
1375 3176 99 35 aus
1525 3158 126 52 dem
1701 3156 279 68 tagebuch
2030 3156 149 53 eines

179 3233 215 69 jungen
418 3234 342 66 Deutschen,
785 3253 110 34 von
921 3234 180 54 Ernst
1126 3234 244 69 Stolper.
1446 3235 258 68 Leipzig,
1730 3236 65 52 P.
1824 3235 127 52 List
1981 3268 12 32 [
1999 3241 16 21 c
2022 3237 131 49 1933]

247 3307 985 49 281. [1] p. plates, fold. map. 20½ cm .
184 3360 51 51 ©
267 3365 99 40 Oct.
398 3363 38 43 9.
468 3364 139 45 1933;
641 3365 66 38 1c.
740 3365 119 38 Mar.
891 3364 68 48 30,
991 3365 139 44 1934;
1164 3366 39 37 A
1205 3366 269 41 -Foreign
1505 3366 142 39 24233;
1710 3366 121 38 Paul
1863 3364 106 40 List
1999 3364 180 46 verlag.

261 3421 279 48 (34-14522)

184 3493 241 67 Updike,
463 3496 203 52 Daniel
699 3495 304 65 Berkeley,
1038 3499 169 50 1860-

251 3573 173 56 Notes
450 3592 72 33 on
546 3575 95 52 the
666 3575 398 65 Merrymount
1088 3593 155 49 press
1268 3578 49 49 &
1345 3581 70 47 its
1441 3576 171 66 work,
1635 3575 76 67 by
1735 3574 208 54 Daniel
182 3573 1971 144 Berkeley

312 3650 258 69 Updike;
615 3652 138 51 with
797 3671 30 32 a
869 3651 478 69 bibliographical
1388 3654 98 51 list
1527 3653 63 53 of
1628 3652 193 53 books
1847 3651 230 68 printed
2118 3654 58 48 at

182 3728 95 53 the
311 3748 173 48 press,
522 3733 324 63 1893-1933,
881 3731 75 66 by
990 3731 199 54 Julian
1225 3734 209 50 Pearce
1476 3730 216 66 Smith;
1731 3729 139 54 with
1905 3729 171 52 views
2113 3728 62 52 of

182 3806 96 52 the
305 3824 156 50 press
493 3811 58 48 at
581 3807 226 53 various
839 3808 244 67 periods,
1117 3809 279 61 specimen
1426 3808 63 52 of
1519 3814 163 61 types
1713 3808 228 51 alluded
1972 3813 76 59 to,
2078 3810 97 48 &c.

183 3886 97 50 &c.
313 3887 97 49 &c.
488 3884 361 68 Cambridge,
878 3887 273 52 Harvard
1180 3887 316 66 university
1530 3905 171 48 press,
1731 3889 149 50 1934.
