2350 4196
1154 4005 99 50 682

187 458 261 52 hundred
482 457 266 53 cocktails
781 457 111 52 and
925 456 188 52 mixed
1146 455 197 52 drinks
1374 454 206 51 known
1615 452 112 52 and
1758 451 196 52 served
1988 455 58 48 at
2077 450 95 53 the

193 535 222 53 world’s
457 541 145 47 most
645 534 224 53 famous
911 534 157 52 brass
1112 534 107 51 rail
1264 531 194 53 before
1501 530 369 68 prohibition,
1916 529 257 68 together

193 613 138 52 with
369 632 152 34 more
560 613 141 52 than
741 631 101 34 one
883 612 259 51 hundred
1181 609 341 53 established
1564 607 279 53 formulas
1883 607 94 53 for
193 608 1957 135 cocktails
370 691 111 52 and

526 691 160 52 other
728 690 317 67 beverages,
1091 686 321 70 originated
1457 687 167 52 while
1666 686 353 67 prohibition
2064 705 112 33 was

194 768 59 51 in
283 767 191 67 effect;
510 768 93 51 the
640 768 177 51 whole
851 767 250 52 flavored
1136 766 136 52 with
1309 765 199 51 dashes
1543 764 63 52 of
1640 763 219 69 history
1892 765 189 51 mixed
2116 765 59 51 in

194 865 31 32 a
253 845 204 52 shaker
488 845 63 52 of
581 845 265 52 anecdote
878 845 111 52 and
1020 844 195 52 served
1247 843 138 52 with
1417 861 31 33 a
1480 843 193 51 chaser
1703 842 63 53 of
1795 843 381 53 illuminative

193 920 1982 70 information, by Albert Stevens Crockett … New York, Dodd,
193 1001 168 51 Mead
392 1000 111 52 and
533 1018 295 49 company,
856 1003 151 49 1934.

264 1074 88 38 viii
375 1083 59 38 p.,
460 1074 24 37 1
547 1103 8 17 l.,
583 1073 83 39 177
692 1083 44 38 p.
797 1072 57 41 19
856 1075 41 21 cm
904 1105 7 8 .

266 1132 41 36 A
346 1130 210 40 revision
598 1129 50 40 of
688 1130 81 40 the
811 1130 182 48 recipes
1031 1129 252 48 published
1326 1131 48 36 in
1415 1130 80 39 the
1537 1129 216 40 author’s
1798 1129 117 41 “Old
1958 1133 223 39 Waldorf

195 1188 87 39 bar
308 1186 163 49 days”,
499 1187 115 40 New
644 1187 141 46 York,
819 1186 124 40 1931.

201 1254 50 51 ©
281 1258 113 48 Apr.
425 1258 37 47 5,
493 1258 113 39 1934
624 1268 8 36 ;
665 1259 65 38 2:c.
762 1257 112 47 Apr.
904 1257 55 39 10
977 1268 8 35 ;
1020 1256 78 40 aff.
1132 1258 112 46 May
1274 1258 52 45 4;
1353 1257 45 38 A
1428 1257 168 47 71651;
1631 1258 52 38 A.
1719 1259 43 40 S.
1795 1259 239 48 Crockett,
2066 1259 116 41 New

269 1315 142 39 York.
477 1310 66 53 [©
572 1325 107 28 new
706 1316 178 37 matter
913 1315 94 38 and
1036 1313 250 48 revisions]
1359 1312 278 50 (34-15101)

196 1417 233 64 Cronin,
460 1416 318 54 Archibald
809 1417 237 63 Joseph.

265 1494 119 52 The
416 1494 337 53 adventures
783 1494 62 51 of
879 1514 31 32 a
939 1493 165 52 black
1133 1493 126 67 bag.

283 1568 79 48 (In
393 1564 231 51 Glasgow
655 1563 199 51 Sunday
886 1568 125 47 post,
1041 1563 143 52 April
1216 1565 69 49 15,
1318 1564 142 49 1934)

204 1633 1981 51 © 1c. June 9, 1934; A ad int. 19036 ; pubd. Apr. 15; A. J. Cronin, London.
197 1756 85 52 De
309 1756 181 63 Haas,
516 1755 198 63 Jacob,
747 1757 168 51 1872-

271 1831 204 55 History
542 1832 63 51 of
634 1832 312 65 Palestine;
983 1832 93 51 the
1104 1833 109 50 last
1242 1836 110 49 two
1382 1833 282 52 thousand
1693 1852 179 48 years,
1901 1834 74 66 by
2005 1834 178 54 Jacob

204 1911 66 52 de
299 1911 175 52 Haas.
545 1911 137 52 New
714 1909 177 64 York,
923 1911 119 52 The
1072 1909 332 52 Macmillan
1435 1928 294 49 company,
1764 1915 148 49 1934.

275 1983 137 39 xxvii
437 1993 56 37 p.,
519 1982 25 39 1
605 2013 8 15 l.,
640 1981 83 40 523
749 1992 41 37 p.
852 1981 55 39 22½
939 1984 44 21 cm
988 2013 9 8 .

278 2037 345 41 “References”
652 2039 52 38 at
731 2039 91 38 end
851 2038 52 40 of
928 2038 118 40 each
1076 2038 210 47 chapter.

208 2106 50 51 ©
290 2112 112 45 May
430 2110 69 47 29,
529 2110 113 40 1934
660 2121 8 34 ;
701 2111 66 38 2c.
798 2110 93 38 and
996 2141 7 8 aff.
1034 2110 113 46 May
1175 2109 81 44 31;
1289 2110 40 38 A
1360 2109 168 41 71870:
1563 2111 279 40 Macmillan
1873 2123 66 29 co.

287 2167 277 47 (34-15088)

202 2268 304 65 Duvoisin,
537 2270 210 63 Roger.

276 2346 517 67 Donkey-donkey;
842 2347 94 51 the
981 2346 248 53 troubles
1273 2346 63 52 of
1382 2367 31 32 a
1458 2348 133 67 silly
1632 2347 149 54 little
1828 2350 238 66 donkey,
2110 2350 75 67 by

206 2423 1976 71 Roger Duvoisin. Racine, Wis., Whitman publishing co. [ c 1933]
285 2496 83 49 [44]
397 2506 42 37 p.
499 2495 127 40 illus.
686 2495 54 39 22
745 2498 43 21 cm
794 2527 6 7 .

279 2552 287 40 Illustrated
594 2552 346 48 lining-papers
971 2552 48 39 in
1050 2554 165 38 colors.

213 2620 50 51 ©
293 2625 107 38 Jan.
428 2625 38 39 3.
496 2625 138 40 1934;
664 2624 66 39 2c.
761 2625 112 46 May
901 2624 80 46 14;
1013 2624 79 39 aff.
1124 2624 124 41 June
1276 2625 51 40 6:
1359 2626 40 38 A
1427 2625 168 48 71986;
1628 2627 248 40 Whitman
1905 2629 107 47 pub.
2043 2639 66 29 co.

290 2681 276 47 (34-14907)

208 2780 221 66 Faires,
456 2782 190 64 Virgil
673 2782 251 67 Moring,
957 2785 168 53 1897-

280 2859 1852 74 Design of machine elements, by Virgil Moring Faires …
211 2936 137 52 New
376 2937 177 67 York,
584 2938 118 52 The
732 2938 332 53 Macmillan
1094 2958 292 51 company,
1419 2945 150 49 1934.

284 3019 65 30 xx
376 3020 57 38 p.,
463 3011 24 37 1
549 3041 8 16 l.,
587 3010 85 40 468
701 3022 42 37 p.
803 3012 162 39 front.,
996 3012 140 47 illus.,
1166 3014 176 48 diagrs.
1403 3014 84 42 221
1492 3018 42 20 cm
1540 3048 7 7 .
1616 3015 295 48 (:Half-title:
212 3017 1967 98 Engineering

321 3067 184 41 science
535 3068 172 48 series)

286 3123 345 49 Bibliography
658 3127 52 38 at
734 3126 89 39 end
853 3126 51 39 of
927 3136 131 30 some
1082 3126 50 39 of
1157 3127 80 40 the
1263 3129 238 47 chapters.

218 3178 50 51 ©
296 3183 115 45 May
433 3183 68 44 22,
528 3182 138 41 1964;
696 3182 64 39 2c.
789 3183 94 38 and
981 3213 7 7 aff.
1018 3183 111 47 May
1156 3183 79 46 23;
1264 3185 40 38 A
1329 3186 142 39 71725
1490 3197 7 36 ;
1530 3188 278 40 Macmillan
1836 3201 64 28 co.

294 3238 277 47 (34-15096)

212 3337 1986 78 Federal digest. May, 1934, cumulative pamphlet … with table
282 3417 1805 69 of cases digested. St. Paul, West publishing co. [ c 1934]
285 3491 88 40 228
398 3502 41 36 p,
496 3491 54 39 23cm

220 3543 50 51 ©
300 3549 113 45 May
441 3548 67 46 10,
539 3547 138 41 1934;
708 3548 66 39 2c.
805 3549 125 39 June
956 3549 83 41 20;
1072 3549 79 39 aff.
1183 3551 124 40 June
1336 3553 80 39 21;
1451 3553 39 38 A
1519 3553 168 42 72908;
1721 3555 133 39 West
1884 3554 107 48 pub.
2023 3567 66 28 co.

214 3648 231 64 Fraser,
474 3650 136 53 Mrs.
643 3649 163 54 Ellen
844 3652 432 64 (Edgecumbe)
1316 3655 167 54 1897-

287 3725 289 69 Learning
617 3727 169 52 about
827 3745 102 35 our
968 3729 225 67 church,
1234 3730 34 52 by
1350 3732 167 51 Ellen
1558 3734 66 50 E.
1667 3733 232 63 Fraser;
1943 3728 153 54 units
2135 3725 64 53 of

217 3802 208 68 guided
462 3803 323 67 experience
821 3804 92 52 for
950 3805 256 67 primary
1241 3807 256 53 children
1533 3809 280 66 prepared
1852 3806 149 51 from
2038 3824 30 32 a

218 3805 1955 144 descriptive
522 3882 214 52 outline
771 3882 305 67 developed
1115 3884 75 66 by
1224 3886 329 52 Protestant
1590 3884 293 56 Christian
1918 3883 182 52 forces
2136 3880 63 52 of
