2350 4196
1030 4010 131 50 1619

111 368 1995 72 Callaghan’s Iowa digest. 1934 supplement … Compiled by
177 448 95 53 the
298 449 339 67 publishers’
665 450 261 52 editorial
957 445 150 58 staff.
1172 447 267 68 Chicago.
1469 448 322 67 Callaghan
1819 448 112 52 and
178 464 1903 130 company,
377 530 149 52 1934.

179 601 25 37 2
268 635 7 6 p.
339 631 8 15 l.,
375 600 84 40 322
487 612 41 36 p.
585 601 57 39 26½
674 603 42 21 cm
722 632 7 7 .

113 653 50 51 ©
194 658 110 39 Dec.
332 657 68 41 28,
431 657 112 40 1934:
600 657 66 42 2c.
697 659 95 39 and
822 657 80 41 aff.
931 659 113 38 Dec.
1072 657 81 40 31:
1186 657 40 38 A
1253 656 170 47 78775;
1457 656 268 48 Callaghan
1755 656 35 39 &
1817 667 69 29 co.

110 802 177 68 Chao,
316 805 234 64 Mei-po.

175 881 120 52 The
365 882 160 53 yellow
557 884 129 67 bell,
718 885 74 66 by
825 882 441 67 Chao-Mei-Pa;
1304 900 30 34 a
1364 881 153 54 brief
1549 882 194 54 sketch
1774 881 63 53 of

105 881 1975 147 the history of Chinese music … Baldwin, Md., 1934.
176 1032 1918 50 3 p. l., ix-xi, 13-61 p., 1 l. illus. (incl. music) 2 port. (incl. front.)
105 1088 53 41 23½
192 1091 14 21 cm
241 1122 8 8 .

179 1145 145 41 “This
353 1147 128 40 little
509 1148 312 47 publication,
850 1147 158 40 which
1036 1157 165 30 covers
1232 1159 27 27 a
1288 1149 110 46 part
1427 1147 50 39 of
1506 1158 76 36 my
1614 1148 182 38 lecture
1825 1146 137 48 given
1993 1158 113 29 over

108 1203 78 40 the
214 1204 218 39 network
458 1204 50 39 of
535 1206 81 38 the
642 1205 229 40 National
897 1205 343 46 broadcasting
1265 1214 249 38 company,
1544 1205 168 38 March
1739 1205 125 45 14th,
1894 1204 127 43 1934,
2052 1205 53 41 is.

108 1259 46 41 in
178 1261 118 46 fact,
321 1271 26 29 a
375 1262 295 39 translation
696 1262 50 39 of
769 1273 79 36 my
873 1262 206 46 original
1105 1262 182 39 lecture
1313 1261 49 39 in
1389 1261 201 40 French,
1616 1261 204 40 entitled
1850 1262 64 38 La
1944 1262 162 39 cloche

105 1317 161 48 jaune,
313 1317 145 47 (with
494 1319 81 39 the
611 1319 348 40 collaboration
997 1319 50 40 of
1084 1318 118 40 Miss
1237 1318 451 41 Hsiao-Shu-Hsien
1793 1319 12 46 …)
1851 1320 253 46 published

106 1375 57 46 by
197 1375 82 39 the
313 1375 503 41 Inter-universitaire
849 1376 273 47 sino-belge,
1157 1377 224 38 Brussels
1420 1375 367 50 [1932]”—Pref.

176 1429 161 43 “First
366 1432 182 41 edition
579 1434 46 38 in
659 1433 245 48 English.”

177 1488 168 48 Music,
378 1489 128 39 “The
537 1491 233 46 heavenly
803 1491 190 39 maiden
1024 1489 266 48 scattering
1319 1490 217 40 flowers”:
1597 1501 42 37 p.
1671 1490 157 40 53-59.

177 1544 376 49 “Bibliography
592 1547 212 47 (French
835 1549 93 38 and
959 1546 291 49 English)”:
1282 1558 42 37 p.
1355 1547 157 41 60-61.

111 1599 51 52 ©
195 1603 99 40 Oct.
327 1604 68 42 27,
426 1603 114 42 1934;
600 1604 64 40 2c.
700 1606 95 39 and
826 1605 80 40 aff.
939 1606 116 39 Nov.
1087 1605 82 45 12;
1200 1605 42 39 A
1272 1604 143 41 78064;
1478 1605 355 48 Chao-Mei-Pa,
1867 1603 238 43 Baldwin.

177 1660 94 40 Md.
344 1660 280 50 (34-40479)

108 1750 296 55 Chemical
436 1752 217 53 rubber
686 1768 306 49 company,
1026 1753 323 55 Cleveland.

176 1827 326 53 Handbook
530 1827 65 55 of
624 1828 303 69 chemistry
957 1828 113 54 and
1097 1828 254 67 physics;
1384 1848 31 33 a
1446 1828 487 68 ready-reference
1962 1828 146 54 book

110 1903 62 53 of
217 1904 268 54 chemical
534 1907 112 52 and
693 1905 259 69 physical
998 1907 149 52 data.
1231 1907 131 50 19th
1408 1907 84 54 ed.
1575 1906 210 54 Editor
1830 1906 59 52 in
1936 1906 170 70 chief,

110 1981 1595 71 Charles D. Hodgman … Cleveland, O., Chemical
1733 1984 204 53 rubber
109 1985 1975 142 publishing
353 2079 77 34 co.
471 2095 12 33 [
488 2068 18 21 c
512 2064 134 49 1934
651 2094 13 34 ]

176 2132 95 48 xiv,
302 2131 127 49 1933,
465 2132 83 49 [22]
581 2143 43 37 p.
655 2134 109 39 incl.
796 2133 168 49 tables,
995 2135 178 46 diagrs.
1233 2135 55 39 17
1292 2137 43 21 cm
1341 2167 7 7 .

180 2188 139 41 Some
350 2188 52 40 of
430 2189 82 40 the
542 2190 210 39 sections
780 2190 233 48 preceded
1045 2192 59 47 by
1136 2202 27 29 a
1192 2191 130 40 table
1353 2192 50 40 of
1433 2194 220 39 contents
1685 2196 84 38 not
1800 2194 225 41 included
2057 2196 48 39 in

109 2245 80 39 the
214 2246 177 47 paging
428 2245 49 48 (5
507 2246 227 41 unnumb,
763 2247 186 47 leaves)

175 2303 161 39 Blank
357 2313 147 38 pages
523 2302 82 40 for
629 2303 371 40 “Memoranda”
1026 2305 94 39 and
1146 2304 203 40 “Notes”
1384 2305 110 50 ([22]
1523 2308 50 38 at
1596 2307 115 46 end)

177 2359 230 41 Includes
433 2358 288 42 references.

109 2416 52 52 ©
198 2421 125 47 Sept.
358 2419 69 48 20,
461 2419 140 46 1934;
636 2419 67 41 2c.
738 2419 101 40 Oct.
873 2418 81 48 12;
992 2419 81 40 aff.
1105 2421 112 39 Dec.
1250 2422 82 46 21;
1369 2422 41 38 A
1443 2422 169 48 77144;
1652 2422 247 41 Chemical
1932 2424 176 40 rubber

177 2478 108 47 pub.
310 2489 66 28 co.
449 2476 279 49 (34-38852)

178 2565 430 54 Mathematical
636 2564 179 56 tables
845 2564 151 53 from
1023 2565 324 53 Handbook
1374 2567 62 51 of
1465 2567 303 70 chemistry
1799 2570 111 52 and

108 2569 2000 147 physics … Cleveland, O., Chemical rubber publishing company
113 2724 172 65 [1934]

178 2792 25 38 2
231 2803 43 37 p.
333 2823 8 16 l.,
369 2793 184 46 iii-xiv,
580 2792 86 39 278
690 2803 43 36 p.
788 2792 143 48 illus.,
958 2793 178 47 diagrs.
1189 2794 55 40 17
1248 2796 44 22 cm
1297 2827 9 8 .

178 2849 201 41 Charles
407 2850 57 39 D.
495 2849 272 47 Hodgman,
798 2848 243 48 compiler.

180 2906 193 40 “Taken
396 2906 128 39 from
551 2906 81 39 the
654 2906 283 38 nineteenth
962 2906 184 40 edition
1171 2907 50 40 of
1245 2909 81 39 the
1350 2909 271 40 Handbook
1649 2912 50 39 of
1724 2913 262 48 chemistry
2013 2917 94 38 and

108 2961 430 49 physics.”—Pref.

112 3019 52 52 ©
202 3024 126 47 Sept.
364 3022 68 47 20,
468 3021 141 47 1934;
646 3020 65 40 2c.
752 3021 100 41 Oct.
889 3021 81 47 31;
1009 3021 79 39 aff.
1125 3022 115 40 Nov.
1276 3025 52 45 7;
1367 3024 41 39 A
1443 3025 170 48 77143;
1653 3027 244 41 Chemical
1933 3029 176 40 rubber

178 3081 109 47 pub.
313 3092 67 28 co.
451 3078 280 49 (34-38851)

115 3167 297 68 [Christie,
446 3167 262 65 Douglas]
768 3172 171 50 1894-

177 3245 242 54 Murder
447 3265 72 33 on
548 3246 98 52 the
672 3264 204 49 moors,
906 3246 74 66 by
1012 3245 167 56 Colin
1211 3248 299 69 Campbell
1567 3252 192 67 [pseud.]
1849 3255 259 69 London,

109 3325 145 53 Rich
282 3329 45 49 &
355 3325 229 66 Cowan,
611 3324 122 66 ltd.,
762 3326 150 50 1934.

178 3398 80 48 vii,
286 3398 144 40 9-317
460 3409 42 37 p.
560 3396 54 40 19
617 3399 45 21 cm
668 3431 8 8 .

113 3452 1995 60 © 1c. Nov. 24, 1934; A ad int. 19650; pubd. Sept. 27; Douglas Christie,
180 3513 122 46 Fife,
337 3512 242 40 Scotland.
652 3510 279 47 (34-40291)

112 3601 408 66 Christopher,
552 3603 190 54 Anne.

181 3677 261 68 Petunia,
470 3677 66 52 be
562 3676 241 69 keerful,
830 3676 74 70 by
931 3677 167 56 Anne
1128 3678 402 71 Christopher;
1561 3682 142 54 with
1730 3681 381 62 illustrations

115 3753 1988 74 by Inez Hogan. Racine, Wis., Whitman publishing co. [ c 1934]
185 3825 84 50 [41]
299 3836 44 38 p.
400 3827 86 39 col.
515 3826 128 40 illus.
701 3825 53 40 21½
789 3828 43 22 cm
838 3859 8 7 .

115 3881 50 52 ©
198 3886 117 48 July
343 3886 69 47 23,
443 3884 142 43 1934;
618 3884 66 42 2c.
717 3885 110 41 Dec.
865 3887 50 40 7;
951 3886 81 41 aff.
1066 3888 117 40 Nov.
1217 3889 80 41 28:
1335 3890 38 38 A
1406 3890 171 42 77495:
1613 3893 253 43 Whitman
1898 3897 94 47 pub
2043 3907 51 31 co

192 3943 279 47 (34-40511)
