2350 4196
1128 4063 97 51 759

177 415 307 57 Sherman,
520 416 251 63 Mandel,
810 418 166 49 1896-

182 490 1966 148 Mental hygiene and education, by Mandel Sherman … London, New York [etc.] Longmans, Green and co., 1934.
257 640 1525 51 xi p ., 1 l., 295 p. 22cm. [Longmans’ psychology series]
256 700 159 39 “First
447 701 195 38 edition.”

257 755 347 40 “References”
631 758 50 37 at
709 758 90 38 end
825 756 51 40 of
901 757 116 39 each
1043 756 199 46 chapter
1267 756 171 45 except
1462 755 81 39 the
1567 753 121 40 first.

185 809 50 51 ©
268 815 113 45 May
410 813 68 47 29,
511 813 113 40 1934;
683 814 66 39 2c.
782 815 94 38 and
908 813 79 40 aff.
1020 814 126 38 June
1175 812 24 39 5;
1258 812 39 38 A
1329 811 143 40 71954;
1534 811 286 48 Longmans,
1856 811 156 40 Green
2043 811 36 40 &
2109 821 69 31 co.

260 870 278 48 (34-16328)

178 941 352 68 Sholokhov,
561 944 249 54 Mīkhaīl
842 943 523 65 Aleksandrovīch,
1401 946 169 49 1905-

248 1019 134 54 And
413 1021 154 67 quiet
597 1021 155 53 flows
782 1023 97 51 the
905 1023 148 66 Don,
1082 1021 75 69 by
1185 1020 250 52 Mikhail
1468 1019 331 55 Sholokhov;
1859 1020 318 52 translated

182 1097 150 53 from
356 1099 96 52 the
475 1098 246 53 Russian
745 1100 74 68 by
846 1099 250 68 Stephen
1121 1097 205 69 Garry.
1388 1097 138 53 New
1553 1096 180 69 York,
1758 1098 70 52 A.
1855 1097 71 53 A.
1953 1095 226 71 Knopf,

183 1179 148 50 1934.

251 1251 63 47 ix,
343 1252 96 46 755,
472 1252 53 48 [1]
556 1263 41 36 p.
659 1252 145 40 20½cm.

256 1308 160 40 “First
445 1309 257 39 American
734 1308 224 41 edition.”

186 1361 50 51 ©
265 1366 114 46 July
405 1366 38 46 2,
472 1366 114 39 1934;
642 1366 64 39 2c.
737 1367 115 46 July
877 1367 52 45 3;
960 1365 80 40 aff.
1068 1366 125 39 June
1219 1365 81 46 30;
1332 1365 39 38 A
1399 1365 170 46 74094;
1600 1365 171 40 Alfred
1798 1365 53 39 A.
1881 1365 178 46 Knopf,
2088 1365 91 40 inc.

262 1422 279 47 (34-18837)

178 1497 202 64 Sigma
420 1504 103 47 tan
562 1498 176 53 delta.
813 1501 216 65 Kappa
1068 1500 126 52 beta
1232 1499 251 66 chapter,
1522 1499 390 52 Lindenwood
1952 1497 227 67 college,

248 1577 84 54 St.
366 1577 252 62 Charles,
645 1579 113 51 Mo.

247 1654 388 51 Lindenwood
671 1673 172 38 verse,
879 1654 187 53 edited
1098 1654 74 68 by
1204 1655 214 65 Kappa
1451 1654 129 52 beta
1614 1655 234 66 chapter
1882 1652 63 54 of
1982 1652 197 69 Sigma

180 1738 96 46 tau
313 1733 151 51 delta
504 1733 111 51 and
652 1732 95 54 the
784 1732 387 53 Lindenwood
1207 1733 236 67 chapter
1479 1732 64 53 of
1579 1733 95 51 the
1712 1732 230 68 College
1978 1739 201 61 poetry

178 1810 211 67 society
434 1808 64 55 of
543 1810 281 52 America.
900 1810 279 54 Jefferson
1229 1809 153 69 City,
1427 1811 134 67 Mo.,
1605 1810 267 53 Midland
1918 1810 262 69 printing

178 1906 297 50 company,
513 1891 149 49 1934.

251 1962 548 48 3 p. l., 49 p. 22½cm.
185 2021 50 51 ©
266 2026 125 39 June
420 2026 38 46 8,
488 2026 140 45 1934;
660 2026 65 39 2c.
757 2027 94 38 and
881 2026 81 39 aff.
990 2027 126 38 June
1144 2026 80 40 13;
1256 2027 40 37 A
1326 2026 168 47 72753;
1529 2026 325 41 Lindenwood
1885 2026 191 49 college,
2111 2026 67 41 St.

256 2083 214 47 Charles,
505 2084 91 38 Mo.
667 2083 279 47 (34-16393)

177 2155 213 67 Smith,
425 2156 243 55 Clifford
702 2158 257 65 Pabody,
997 2162 170 49 1869-

248 2236 317 52 Historical
604 2237 111 51 and
753 2236 396 68 biographical
1185 2254 234 50 papers;
1461 2237 252 52 sketches
1753 2236 153 53 from
1943 2238 95 51 the
2075 2237 107 53 life

179 2313 64 53 of
286 2313 170 68 Mary
503 2313 188 52 Baker
737 2313 174 68 Eddy
957 2315 111 52 and
1112 2315 95 51 the
1251 2315 223 67 history
1518 2314 63 52 of
1629 2314 295 54 Christian
1969 2315 211 53 science

185 2391 1992 68 [by] Clifford P. Smith … Boston, Mass., The Christian
178 2470 212 53 science
421 2468 335 70 publishing
785 2469 210 69 society
1049 2474 172 63 [c1934]

251 2543 60 49 vi,
344 2543 143 41 7-103
518 2555 42 37 p.
620 2543 147 41 20½cm.

254 2600 24 18 “…
370 2600 259 48 originally
665 2600 255 48 published
955 2601 49 39 in
1040 2603 81 38 the
1158 2601 247 41 Christian
1442 2602 185 40 science
1663 2602 194 47 journal
181 2602 1981 96 …”—Foreword.

187 2711 51 52 ©
272 2717 112 46 May
416 2716 68 46 25,
517 2715 140 46 1934;
692 2715 64 40 2c.
792 2717 95 37 and
919 2715 79 40 aff.
1034 2717 113 46 May
1176 2716 82 47 28;
1294 2717 39 38 A
1363 2717 170 46 71807;
1570 2717 250 41 Christian
1855 2717 185 40 science
2073 2718 107 47 pub.

253 2783 91 30 soc.
420 2772 278 48 (34-16385)

179 2845 304 67 Stanford,
513 2846 209 56 Alfred
751 2848 210 64 Boiler,
992 2851 169 49 1900-

253 2925 151 67 Men,
439 2927 104 52 fish
581 2930 43 49 &
658 2928 177 65 boats,
869 2927 95 51 the
996 2926 265 68 pictorial
1296 2934 156 61 story
1487 2927 63 52 of
1583 2930 95 50 the
1712 2930 169 51 north
1916 2928 260 52 Atlantic

188 3002 311 68 fishermen,
532 3004 72 67 by
637 3004 211 52 Alfred
886 3005 307 68 Stanford;
1233 3006 90 51 the
1353 3006 147 52 book
1532 3005 269 68 designed
1834 3007 75 66 by
1941 3006 230 55 Gordon

185 3078 61 54 C.
275 3081 233 66 Aymar.
591 3081 156 66 [New
776 3082 178 66 York]
987 3083 248 53 Morrow
1269 3088 190 63 [c1934]

256 3155 113 48 [126]
394 3165 42 37 p.
500 3155 127 39 illus.
688 3155 116 39 26cm.

253 3213 287 38 Illustrated
562 3212 360 47 lining-papers.

188 3265 50 51 ©
266 3270 112 46 May
404 3269 68 47 23,
501 3269 139 45 1934;
668 3270 65 38 2c.
764 3269 94 39 and
885 3269 81 40 aff.
993 3270 125 39 June
1145 3270 78 45 12;
1254 3271 39 38 A
1320 3270 170 47 73029;
1521 3271 53 41 A.
1607 3271 246 46 Stanford,
1886 3270 291 48 Saugatuck,

256 3326 143 40 Conn.
476 3326 279 47 (34-27155)

180 3399 345 67 Stevenson,
559 3402 226 64 George
817 3402 335 64 Salvadore,
1188 3406 169 50 1892-

253 3479 170 52 Child
466 3479 278 65 guidance
786 3479 211 66 clinics,
1041 3499 30 33 a
1113 3486 228 62 quarter
1384 3487 236 62 century
1662 3480 64 52 of
1768 3479 412 69 development,

181 3556 1999 68 by George S. Stevenson … and Geddes Smith. New York,
183 3634 116 54 The
341 3634 483 54 Commonwealth
864 3635 175 67 fund;
1079 3637 256 63 London,
1371 3638 76 51 IT.
1486 3636 266 68 Milford,
1790 3635 229 56 Oxford
182 3636 1968 143 university
425 3731 174 47 press,
631 3715 149 51 1934.

253 3785 79 49 vii,
363 3786 87 40 186
478 3797 43 37 p.
581 3786 128 40 illus.
739 3786 184 47 (maps)
964 3787 152 48 diagr.
1175 3788 146 41 23½cm.

255 3843 238 41 “Written
522 3845 85 39 out
635 3844 51 39 of
714 3844 81 40 the
826 3844 281 47 experience
1139 3845 48 39 of
1220 3846 80 40 the
1331 3845 223 41 Division
1587 3858 59 28 on
1679 3845 295 48 community
2009 3846 167 41 clinics

195 3898 45 43 (a
279 3903 110 40 part
426 3901 51 38 of
512 3900 84 39 the
628 3899 227 40 National
896 3901 271 39 committee
1203 3902 76 39 for
1317 3904 177 37 mental
1535 3902 216 48 hygiene,
1790 3902 87 40 but
1916 3905 257 45 supported

185 3954 59 48 by
276 3956 81 39 the
387 3956 407 40 Commonwealth
827 3955 522 48 fund)”—Foreword.
