2350 4196
1085 4000 132 53 1803

176 356 262 69 Kleppel,
465 360 218 67 Placid,
708 361 212 67 father,
950 360 171 55 1897-

181 434 1970 132 … From the hid battlements, by Dom Placid, with a foreword
371 512 1802 69 by Benjamin F. Musser … Caldwell, Id., The Caxton
180 591 264 67 printers,
485 590 122 69 ltd.,
649 594 149 50 1934.

245 663 88 42 238
357 675 44 37 p.
458 665 54 40 19½
546 668 44 21 cm
596 698 8 8 .

247 722 185 41 Poems.

179 775 51 51 ©
259 779 111 40 Dec.
400 778 68 48 20,
499 779 140 48 1934;
669 779 66 41 2c.
766 781 96 39 and
889 792 81 28 aff.
1001 780 111 39 Dec.
1142 778 82 48 24;
1256 779 40 39 A
1323 779 170 47 78658;
1528 779 190 41 Caxton
1747 780 226 47 printers,
2004 779 85 41 ltd.

256 835 222 48 (35-507)

177 926 312 65 Lambeth,
513 928 221 64 Joseph
762 929 72 55 A.

247 1002 279 55 Lambeth
559 1004 231 54 method
824 1004 63 52 of
919 1004 134 54 cake
1087 1004 323 53 decoration
1446 1003 112 52 and
1592 1002 274 69 practical
1903 1002 269 69 pastries;

179 1079 1995 147 published expressly for the progressive baker—confectioner—pastry cook—and cake decorator, by Joseph A. Lambeth …
184 1234 1929 69 Profusely illustrated in four color and half-tone plates …
181 1310 269 69 Chicago,
475 1312 55 54 J.
556 1312 70 51 A.
654 1313 275 51 Lambeth
961 1345 14 35 [
979 1319 18 22 c
1001 1315 135 49 1934
1141 1346 13 34 ]

247 1382 88 41 360
361 1393 43 37 p.
432 1384 109 40 incl.
567 1384 142 48 illus.,
739 1384 58 40 20
821 1385 86 40 col.
936 1386 76 47 pl.,
1042 1387 123 46 port.
1224 1385 56 40 32
1284 1387 43 20 cm
1332 1417 9 8 .

249 1440 184 40 Folded
461 1441 133 47 plate
622 1441 102 40 laid
752 1442 64 41 in.

180 1497 1824 52 © Sept. 18, 1934; 2c. and aff. Sept. 22; A 75483; J. A. Lambeth.
257 1557 222 49 (35-539)

176 1648 326 67 Landman,
530 1650 180 54 Jacob
735 1651 225 62 Henry.

308 1724 1862 70 … An outline history of the world since 1914 [by] J. H.
176 1802 1998 67 Landman … with a foreword by Nelson P. Mead … New
175 1880 181 69 York,
384 1883 219 52 Barnes
630 1883 46 51 &
702 1881 199 68 Noble,
929 1881 108 54 inc.
1073 1914 14 34 [
1090 1886 19 22 c
1113 1883 151 65 1934]

249 1952 1778 54 5 p. l. , 288 p. illus., maps, diagr. 21 cm . (College outline series)
251 2010 266 41 Published
548 2010 103 41 also
684 2011 210 41 without
926 2010 149 41 series
1109 2013 112 39 note
1252 2012 155 39 under
1439 2010 134 41 title:
1613 2010 139 44 Since
1785 2011 130 42 1914.

250 2066 350 49 Bibliography
628 2070 50 37 at
706 2069 91 38 end
825 2068 52 39 of
904 2068 120 40 each
1048 2068 213 47 chapter.

180 2121 1884 53 © Dec. 6, 1934; 2c. and aff. Dec. 13; A 78553; Barnesi & Noble, inc.
257 2182 222 50 (35-896)

177 2257 1997 135 Since 1914 [by] J. H. Landman … with a foreword by Nelson P.
525 2338 1641 69 Mead … New York, Barnes & Noble, inc. [ c 1934]
250 2410 1124 50 5 p. l. , 288 p. illus., maps, diagr. 21½ cm .
250 2468 264 40 Published
545 2469 102 39 also
679 2479 53 29 as
763 2478 27 29 a
822 2469 297 47 monograph
1150 2468 51 40 of
1231 2470 79 38 the
1343 2468 218 48 “College
1594 2468 182 40 outline
1812 2468 178 40 series”
2023 2469 153 39 under

183 2523 107 41 title:
342 2526 74 39 An
442 2525 183 41 outline
650 2524 187 48 history
865 2525 52 39 of
939 2526 82 39 the
1045 2526 151 40 world
1221 2525 128 41 since
1376 2525 128 41 1914.

249 2582 351 48 Bibliography
629 2585 51 37 at
710 2586 91 38 end
829 2582 52 40 of
906 2584 117 38 each
1054 2584 213 46 chapter.

181 2638 1993 51 © Dec. 15, 1934; 2c. Dec. 20; aff. Dec. 22; A 78639; Barnes & Noble, inc.
257 2698 222 48 (35-548)

176 2770 358 68 Landormy,
561 2773 146 53 Paul
736 2772 243 55 Charles
1006 2773 177 65 René,
1212 2779 165 49 1869-

245 2851 57 52 A
333 2850 223 67 history
590 2849 65 52 of
686 2849 195 69 music,
915 2850 75 67 by
1023 2850 148 52 Paul
1203 2850 360 67 Landormy;
1599 2849 334 67 translated,
1967 2849 140 52 with
2144 2868 30 33 a

176 2929 469 67 supplementary
681 2927 236 68 chapter
953 2947 70 33 on
1063 2927 305 54 American
1405 2928 196 68 music,
1637 2928 76 67 by
1749 2924 310 55 Frederick
2096 2927 77 52 H.

175 3003 1975 149 Martens; with a final chapter, 1922-1932 … New York, London, C. Scribner’s sons, 1934.
247 3158 64 48 ix,
341 3160 56 48 [1]
425 3169 58 38 p.,
509 3159 26 39 1
559 3160 43 45 1,,
629 3157 86 41 405
743 3169 43 37 p.
840 3158 128 40 illus.
997 3158 201 49 (music)
1260 3158 56 41 18½
1349 3160 45 22 cm
1398 3189 9 9 .

246 3215 352 48 Bibliography:
653 3226 43 37 p.
724 3213 204 43 389-394
953 3216 96 40 and
1079 3217 55 39 at
1160 3216 94 40 end
1279 3215 52 41 of
1358 3215 119 41 each
1504 3214 216 49 chapter,
1749 3215 172 47 except
1947 3213 227 47 chapters

175 3282 316 30 XXVIII-XXIX.

179 3326 1994 51 © Nov. 30, 1934; 2c. Dec. 19; aff. Dec. 26; A 78671; Charles Scribner’s
245 3398 125 29 sons.
435 3386 283 49 [Copyright
744 3386 42 40 is
815 3386 206 41 claimed
1048 3398 61 29 on
1137 3386 250 48 revisions,
1418 3387 95 39 and
1542 3396 105 30 new
1677 3385 214 48 chapter]

256 3443 221 49 (35-854)

176 3517 268 66 Lawson,
473 3519 238 64 Ernest,
740 3519 171 54 1878-

243 3593 121 53 The
395 3598 163 64 great
588 3594 247 53 revision;
896 3594 126 53 first
1051 3593 148 54 book
1229 3593 65 54 of
1323 3594 98 52 the
1449 3592 139 70 holy
1617 3590 391 70 principalian
172 3589 1971 150 religion,
349 3672 76 68 by
445 3671 209 53 Ernest
675 3672 257 53 Lawson.
992 3673 233 67 Boston,
1248 3672 240 52 Meador
1510 3668 339 70 publishing
1870 3684 298 52 company,

174 3751 150 50 1934.

244 3819 88 41 154
359 3831 44 38 p.
463 3819 59 41 20½
552 3821 46 23 cm
601 3852 8 9 .

177 3875 1992 51 © Nov. 1, 1934; 2c. Nov. 22; aff. Nov. 26; A 78287; Edward K. Meador,
243 3937 196 38 Boston.
509 3934 221 49 (35-903)
