2350 4196
1063 4011 130 54 1403

162 360 226 62 Brown,
419 359 206 63 Hanry
657 358 233 55 Collins.

161 432 1967 133 The story of old New York, by Henry Collins Brown; illustrated by
482 513 197 51 Frank
711 513 229 53 Rennie.
1018 513 137 51 New
1188 512 177 67 York,
1395 513 68 51 E.
1494 514 64 51 P.
1590 514 225 51 Dutton
1845 516 45 49 &
1919 532 97 47 co.,
2048 512 104 51 inc.

181 594 172 63 [ c 1934]
229 662 1409 51 xix, [3], 23-373 p . front., illus. (incl. maps) 22½ cm .
234 722 281 39 Illustrated
545 723 97 45 t.-p.

229 778 160 40 “First
417 778 226 40 edition."

162 831 50 52 ©
243 836 99 40 Oct.
373 834 68 47 22,
473 834 139 43 1934;
644 835 67 41 2c.
742 837 94 38 and
866 835 81 40 aff.
977 835 101 40 Oct.
1110 833 53 41 23;
1223 835 40 38 A
1294 832 143 42 76790;
1498 835 51 37 B.
1583 835 48 37 P.
1663 835 187 40 Dutton
1881 835 37 39 &
1947 844 81 36 co.,
2061 834 90 38 inc.

238 892 279 48 (34-35661)

150 964 253 68 Bugnet,
442 967 262 65 Charles,
743 970 170 50 1884-

283 1043 1871 69 … Mangin; avec 10 gravures hors texte et 4 cartes dans le
154 1127 163 47 texte.
392 1122 185 68 Paris,
612 1123 149 52 Plon
802 1125 171 63 [1934]

224 1193 1674 50 3 p. l., 331 p., 2 l. front., illus. (maps) plates, ports. 20 cm .
224 1253 63 39 At
315 1252 124 40 head
468 1253 51 39 of
547 1252 108 41 title;
713 1249 256 43 Lt-colonel
1001 1252 201 41 Charles
1232 1252 204 46 Bugnet.

159 1305 52 52 ©
240 1310 128 40 June
392 1310 68 46 14,
490 1309 140 42 1934;
719 1341 7 7 1c.
758 1311 118 46 Aug.
905 1309 59 41 30;
1018 1308 311 48 A-Foreign
1354 1307 144 42 25488;
1558 1308 239 41 Librairie
1826 1309 133 40 Plon.

238 1366 280 50 (34-34962)

158 1443 178 65 Burn,
363 1443 219 66 Bruno,
615 1450 171 49 1891-

227 1518 199 68 Codes,
457 1521 221 67 cartels,
710 1521 257 53 national
1000 1521 305 67 planning;
1340 1522 97 50 the
1468 1521 140 51 road
1639 1526 57 48 to
1728 1522 282 52 economic
2040 1526 111 48 sta-

157 1597 1936 69 bility by Bruno Burn … in collaboration with S. Flink …
157 1681 86 49 1st
270 1677 83 54 ed.
429 1678 138 52 New
604 1677 158 52 York
791 1678 110 51 and
933 1678 257 55 London,
1222 1677 427 55 McGraw-Hill
1679 1678 147 52 book
1855 1697 297 48 company,

154 1754 125 57 inc.,
316 1759 148 50 1934.

224 1841 44 35 x,
299 1828 89 41 413
414 1840 41 37 p.
517 1829 179 48 diagrs.
754 1829 56 41 23½
842 1832 15 21 cm
892 1862 7 7 .

158 1882 51 52 ©
245 1887 127 48 Sept.
405 1887 67 47 14,
505 1887 141 47 1934;
680 1886 67 43 2c.
782 1887 127 48 Sept.
942 1888 51 45 1;
1028 1887 80 40 aff.
1145 1887 99 40 Oct.
1279 1887 51 47 5;
1366 1887 42 39 A
1439 1887 170 46 75676;
1648 1885 350 42 McGraw-Hill
2026 1887 125 40 book

226 1954 79 37 co.,
337 1943 89 41 inc.
498 1943 281 50 (34-27290)

154 2017 317 66 Campbell,
501 2019 189 65 Percy
721 2020 269 65 Alfonso,
1025 2019 167 55 1877-

221 2095 347 55 Generation
617 2097 66 52 of
730 2097 95 53 the
874 2097 259 54 universe
1183 2099 112 52 and
1347 2098 252 68 “Design
1651 2096 92 54 for
1792 2096 237 69 living”,
2078 2098 72 66 by

148 2173 1566 69 Percy A. Campbell … East Cleveland, O., 1934.
222 2248 559 48 4 p. l., 101 p. 20½c m .
156 2301 52 52 ©
245 2306 101 40 Oct.
384 2308 39 44 1,
461 2305 140 49 1934;
641 2306 66 41 2c.
746 2308 95 39 and
879 2307 54 40 aff.
1000 2307 99 40 Oct.
1138 2308 80 46 13;
1258 2307 39 38 A
1334 2305 147 41 76539;
1544 2307 51 41 P.
1635 2307 53 40 A.
1728 2306 260 46 Campbell,
2029 2306 122 41 East

224 2362 274 48 Cleveland,
530 2364 50 40 O.
653 2364 280 50 (34-35476)

154 2437 324 67 Chalmers,
511 2439 239 54 Patrick
781 2439 306 66 Reginald,
1118 2442 82 52 ed.

226 2514 175 69 Sport
437 2518 113 52 and
585 2522 184 49 travel
802 2520 63 52 in
899 2520 141 51 East
1075 2518 235 67 Africa;
1349 2537 72 33 an
1455 2523 236 48 account
1725 2517 63 53 of
1821 2522 113 49 two
1969 2518 182 66 visits,

157 2596 132 50 1928
320 2596 112 51 and
466 2598 150 56 1930,
646 2595 278 68 compiled
958 2596 154 52 from
1140 2597 98 52 the
1264 2596 226 68 private
1519 2596 209 53 diaries
1759 2595 62 54 of
1849 2597 77 51 H.
1958 2597 67 51 R.
2056 2597 96 65 H.,

152 2672 96 52 the
276 2671 196 69 prince
501 2674 63 51 of
592 2675 207 53 Wales.
882 2674 361 66 [Instalment
1272 2677 49 64 2]

231 2746 84 47 (In
340 2743 186 43 Strand
555 2743 275 52 magazine,
860 2744 229 51 October,
1120 2745 143 50 1934)

156 2798 1991 55 © 1c. Nov. 22, 1934; A ad int. 19636; pubd. Sept. 25; P. R. Chalmers,
225 2859 506 49 Goring-on-Tliames,
763 2862 234 46 England.

153 2918 378 70 Chenoweth,
562 2923 302 54 Laurence
893 2923 335 67 Benjamin,
1261 2928 171 51 1891-

220 3000 370 69 Community
613 3000 274 69 hygiene;
917 3023 31 35 a
974 3007 121 48 text
1121 3002 149 53 book
1294 3003 59 53 in
1381 3004 96 52 the
1503 3004 219 52 control
1752 3002 63 53 of

149 2999 2001 148 communicable diseases, by Laurence B. Chenoweth … and Whitelaw
149 3157 1765 69 Reid Morrison … New York, F. S. Crofts & co., 1934.
220 3228 1058 49 xiv p., 1 l., 317 p. illus., diagrs. 21 cm .
223 3288 320 40 “References
570 3288 80 40 for
680 3289 196 39 further
905 3288 174 47 study”
1111 3293 52 37 at
1192 3291 90 40 end
1313 3291 53 40 of
1395 3292 125 39 most
1550 3291 52 39 of
1632 3290 82 40 the
1744 3290 238 47 chapters.

154 3341 50 51 ©
238 3345 100 42 Oct.
369 3346 68 43 11,
470 3345 140 42 1934;
643 3347 65 38 2c.
743 3345 101 41 Oct.
876 3346 81 40 18;
994 3346 81 40 aff.
1110 3346 100 40 Oct.
1243 3347 81 47 17;
1358 3348 42 39 A
1431 3348 141 41 75811;
1638 3348 49 38 F.
1726 3347 41 40 S.
1803 3346 164 41 Crofts
2002 3347 35 39 &
2065 3356 83 37 co.,

218 3402 88 41 inc.
380 3402 279 48 (34-35641)

152 3464 228 65 Chiera,
412 3465 272 57 Edward.

155 3541 1970 145 … Joint expedition with the Iraq museum at Nuzi. [Volume IV, V] …
620 3619 1527 72 By Edward Chiera … Philadelphia, Published
150 3695 93 53 for
276 3698 97 52 the
406 3697 306 54 American
748 3698 217 53 schools
1000 3697 64 53 of
1098 3700 243 52 oriental
1376 3704 258 52 research
1670 3703 75 66 by
1774 3702 98 52 the
149 3702 1981 139 University
287 3775 64 53 of
378 3775 428 68 Pennsylvania
831 3794 175 50 press,
1038 3779 148 50 1934.

220 3847 26 40 2
276 3860 42 29 v.
376 3849 215 40 facsims.
652 3848 57 41 28½cm.
869 3848 282 44 (American
1183 3851 193 41 schools
1403 3851 54 42 of
1486 3853 211 52 oriental
1731 3852 240 47 research.
149 3850 1989 97 Publications
398 3905 53 40 of
472 3907 85 40 the
579 3906 239 47 Baghdad
844 3905 164 41 school
1035 3908 157 41 texts;
1219 3910 89 38 vol.
1396 3940 7 15 IV,
1470 3911 13 47 V)
