2350 4196
1085 4009 130 49 1808

171 382 165 53 Scott
363 385 196 61 stamp
586 384 114 51 and
727 398 126 37 com
881 399 101 48 co.,
1046 384 72 62 I'd.,
1144 385 137 50 New
1311 383 174 52 York.

241 460 122 53 The
385 459 257 53 national
666 464 234 63 postage
924 466 184 59 stamp
1136 460 216 65 album;
1380 457 255 56 contains
1660 478 191 48 spaces
1875 459 92 53 for
1992 479 164 48 every

168 534 185 68 major
379 536 222 68 variety
625 537 65 52 of
712 537 216 54 United
956 537 186 54 States
1167 538 110 51 and
1307 535 381 54 Confederate
1714 537 186 54 States
1928 543 230 62 stamps,

173 614 117 54 also
327 616 78 50 all
440 621 214 59 stamps
692 615 64 51 of
793 616 180 54 Canal
1008 633 152 48 zone,
1196 615 174 66 Cuba,
1407 615 203 64 Guam,
1645 615 363 67 Philippines
2047 617 108 51 and

172 695 176 51 Porto
380 693 140 52 Rico
550 693 186 54 issued
767 694 179 52 under
976 692 216 54 United
1228 693 186 54 States
1448 692 477 53 administration.
2001 695 154 51 Each

173 789 164 49 space
364 771 234 52 marked
626 770 138 54 with
794 772 96 51 the
918 772 292 66 catalogue
1237 770 235 52 number
1501 769 62 52 of
1592 771 95 50 the
1718 776 185 60 stamp
173 772 1961 143 belonging

294 848 220 53 therein
538 867 58 34 as
619 847 167 54 listed
807 848 60 52 in
889 849 95 52 the
1007 853 135 48 1934
1161 847 215 54 edition
1400 846 63 54 of
1484 865 102 34 our
1612 848 289 54 Standard
1926 855 231 61 postage

173 933 184 60 stamp
401 929 308 65 catalogue.
784 927 335 52 Illustrated
1159 925 58 54 in
1257 925 339 52 accordance
1632 925 139 52 with
1812 927 94 52 the
1945 927 107 51 law
2096 927 61 51 of

173 1004 96 52 the
302 1004 216 54 United
553 1005 205 54 States.
832 1005 137 52 New
1002 1004 178 65 York,
1217 1004 159 54 Scott
1410 1008 185 62 stamp
1630 1006 43 50 &
1707 1003 125 52 coin
1865 1021 293 50 company,

173 1081 121 67 ltd.,
321 1088 18 21 c
343 1086 150 50 1934.

242 1168 25 39 1
297 1177 43 31 v.
400 1167 128 41 illus.
586 1167 57 40 31
646 1170 44 21 cm
695 1202 8 9 .

242 1238 285 41 Loose-leaf.

175 1307 51 51 ©
256 1312 118 37 Mar.
403 1311 69 46 27,
501 1310 140 45 1934;
672 1311 66 39 2c.
769 1312 94 37 and
892 1309 80 40 aff.
1002 1311 110 38 Dec.
1144 1309 80 47 28;
1255 1309 41 38 A
1325 1308 169 47 78750;
1529 1309 133 40 Scotf
1691 1312 160 46 stamp
1880 1310 37 40 &
1946 1312 105 38 coin
2081 1322 52 29 co.,

239 1369 84 38 ltd.
389 1367 282 48 [Copyright
694 1368 42 38 is
765 1367 204 39 claimed
998 1376 59 30 on
1085 1365 306 48 corrections,
1422 1366 259 48 additions,
1710 1366 328 41 illustrations
2067 1371 94 37 and

241 1426 354 46 arrangement]
669 1422 218 49 (35-952)

245 1528 123 51 The
408 1526 275 67 specialty
725 1526 190 52 album
958 1525 92 52 for
1092 1525 221 53 British
1357 1525 240 55 colonies
1643 1526 59 53 in
1743 1526 141 53 Asia
1926 1533 235 60 postage

174 1610 243 62 stamps;
453 1605 256 54 contains
744 1623 190 49 spaces
968 1604 93 51 for
1096 1609 235 62 postage
1362 1609 214 61 stamps
1610 1604 187 52 issued
1828 1604 75 67 by
1939 1603 220 54 British

174 1682 341 68 possessions
546 1685 59 51 in
633 1682 143 53 Asia
803 1682 168 53 listed
1001 1682 60 52 in
1088 1683 93 51 the
1212 1682 291 55 Standard
1533 1687 237 62 postage
1796 1688 185 61 stamp
173 1687 1963 142 catalogue,

386 1765 135 49 1934
550 1760 229 54 edition.
855 1761 138 52 New
1025 1760 177 68 York,
1234 1760 160 55 Scott
1424 1765 186 62 stamp
1639 1763 45 49 &
1711 1760 126 53 coin
1867 1777 293 50 company,

174 1838 123 68 ltd.,
325 1845 18 21 c
348 1842 148 50 1934.

243 1912 24 38 1
297 1923 42 29 v.
399 1911 128 40 illus.
587 1910 55 41 31
645 1913 44 21 cm
694 1942 9 8 .
774 1911 99 47 (On
902 1921 160 30 cover:
1094 1910 241 47 Specialty
1366 1910 174 47 series)

244 1968 74 40 On
346 1978 167 30 cover:
545 1968 190 39 British
765 1967 132 42 Asia.

243 2024 284 41 Loose-leaf.

175 2094 51 51 ©
257 2099 115 46 May
397 2097 68 46 15,
496 2096 140 47 1934;
667 2096 66 40 2c.
764 2098 94 38 and
890 2095 80 40 aff.
1001 2097 111 39 Dec.
1142 2095 80 48 29;
1255 2096 44 41 A
1323 2095 170 47 77933;
1527 2096 134 40 Scott
1690 2098 162 46 stamp
1879 2096 37 40 &
1943 2094 107 41 coin
2080 2107 80 38 co.,

240 2156 84 39 ltd.
397 2152 221 50 (35-953)

173 2255 423 68 Shakespeare,
626 2255 268 65 William,
931 2262 322 49 1564-1616.

241 2332 389 69 Everybody’s
656 2332 412 67 Shakespeare;
1095 2333 155 51 three
1274 2335 161 65 plays
1461 2332 188 53 edited
1673 2333 93 52 for
1789 2332 238 69 reading
2050 2335 110 51 and

172 2412 281 68 arranged
480 2411 92 52 for
598 2410 230 69 staging
851 2411 74 67 by
950 2412 187 66 Roger
1163 2412 127 51 Hill
1317 2412 111 51 and
1456 2411 186 54 Orson
1666 2412 226 52 Welles.
171 2412 1988 145 Wood-stock,

372 2489 842 67 Ill., The Todd press [ c 1934]
242 2564 70 47 28,
344 2564 67 47 64,
443 2564 55 39 64
527 2573 57 37 p.,
614 2563 24 38 1
705 2594 8 16 l.,
745 2563 53 39 61
829 2573 42 36 p.
931 2562 148 38 front,
1109 2561 237 49 (facsim.)
1385 2563 127 39 illus.
1572 2562 55 40 26
1631 2564 43 20 cm
1680 2595 7 7 .

245 2621 287 39 Illustrated
563 2619 347 47 lining-papers
939 2619 48 38 in
1017 2620 141 39 color.

582 2676 100 39 CONTENTS.—The
705 2676 250 38 merchant
980 2675 49 40 of
1052 2675 350 39 Venice.—The
1425 2677 202 46 tragedy
1650 2676 51 39 of
1723 2674 162 41 Julius
1909 2672 254 44 Caesar.—

172 2733 215 40 Twelfth
417 2733 151 47 night.

175 2800 51 51 ©
258 2804 110 39 Dec.
400 2802 68 47 27,
501 2801 141 47 1934;
676 2801 64 40 2c.
772 2802 95 38 and
899 2800 79 40 aff.
1013 2802 110 38 Dec.
1157 2802 79 45 31;
1157 2802 79 45 A
1347 2801 168 47 78792;
1550 2802 157 48 Roger
1740 2802 103 39 Hill
1878 2804 95 38 and
2008 2802 152 40 Orson

246 2861 190 46 Welles,
470 2859 304 46 Woodstock,
807 2858 73 38 Ill.
953 2858 219 47 (35-573)

173 2961 240 64 Spaeth,
442 2960 286 65 Sigmund
758 2959 319 55 Gottfried.
1111 2966 166 48 1885-

176 3036 1985 147 Music for everybody, by Sigmund Spaeth … New York, Leisure league
663 3114 63 53 of
756 3114 283 67 America,
1073 3117 147 51 1934.

245 3190 53 40 83
334 3201 44 37 p.
439 3189 128 40 illus.
597 3189 201 48 (music)
871 3187 55 41 20½
959 3190 43 21 cm
1008 3218 6 7 .
1091 3188 297 48 (Half-title:
1423 3189 199 42 Leisure
1657 3192 172 46 league
1862 3190 131 40 little
2028 3189 134 42 book,

175 3259 73 30 no.
276 3247 50 43 9)

242 3304 224 40 Includes
496 3303 166 40 music.

241 3359 377 49 Bibliography:
646 3370 43 37 p.
717 3359 70 41 83.

177 3427 51 51 ©
260 3432 116 43 Aug.
408 3430 67 47 23,
508 3430 139 47 1934;
681 3432 65 38 2c.
780 3430 95 40 and
907 3428 78 41 aff.
1018 3431 110 38 Dec.
1162 3431 53 37 15;
1277 3431 41 38 A
1348 3432 169 46 78574;
1556 3431 230 46 Sigmund
1821 3430 193 47 Spaeth.
2045 3430 116 39 New

243 3489 141 38 York.
457 3487 220 48 (35-852)

174 3591 298 65 Stickney,
502 3592 184 52 Helen
717 3590 191 56 Frith.

243 3668 246 52 Prelude
519 3673 58 46 to
609 3667 202 52 winter
864 3667 91 66 [by]
994 3666 181 52 Helen
1211 3666 166 52 Frith
1416 3666 285 67 Stickney.
1769 3666 216 67 Emory
175 3666 1960 146 University,

433 3745 258 53 Atlanta.
720 3745 229 51 Banner
979 3762 154 48 press
1169 3776 10 32 [
1184 3749 18 21 c
1208 3746 134 49 1934
1348 3778 10 32 ]

248 3819 53 40 71
334 3830 43 36 p.
437 3818 55 40 20½
525 3820 43 21 cm
574 3849 7 8 .
646 3819 161 47 [Verse
839 3818 129 40 craft
1001 3817 163 48 series]

178 3885 51 51 ©
269 3889 125 47 Sept.
430 3888 69 48 21,
535 3887 141 48 1934;
713 3887 65 41 2c.
816 3889 109 38 Dec.
963 3886 81 48 10;
1084 3886 79 40 aff.
1201 3888 110 39 Dec.
1349 3889 52 45 7;
1441 3889 41 38 A
1518 3889 169 47 77561;
1728 3889 58 39 H.
1827 3889 49 38 F.
1919 3887 239 47 Stickney,

243 3945 119 40 New
386 3945 143 39 York.
601 3945 110 47 (35-879)
