2350 4196
1092 4003 97 50 131

158 352 327 54 California
508 353 460 67 jurisprudence;
1002 372 29 33 a
1060 354 274 67 complete
1360 359 304 48 statement
1689 354 63 53 öf
1779 356 96 52 the
1903 360 108 49 law
2039 358 113 51 and

225 430 248 68 practice
521 432 62 51 of
629 432 96 51 the
770 435 144 48 state
963 431 62 53 of
1074 431 339 54 California.
1500 433 216 66 Editor,
1763 434 255 54 William
2071 437 79 51 M.

224 508 344 67 McKinney.
645 509 243 53 Volume
993 542 90 35 XI-A,
1266 553 9 9 XI-B.
1350 512 57 50 A
1444 529 123 33 new
1609 512 198 52 article
1848 530 70 33 on

223 532 1903 108 executors
391 588 111 51 and
553 587 478 67 administrators,
1081 588 298 68 including
1429 589 466 53 administration

1945 591 63 52 of
225 592 1902 124 decedents’
505 669 220 63 estates,
764 666 74 67 by
880 666 222 68 George
1142 668 62 50 F.
1245 666 347 69 Longsdorf.
1671 667 117 55 San
1828 669 323 70 Francisco,

224 741 584 70 Bancroft-Whitney
843 761 296 51 company,
1175 747 150 50 1934.

221 817 26 37 2
276 827 40 29 v.
375 817 55 38 25
434 818 43 21 cm
482 848 6 6 .

157 881 50 51 ©
242 886 108 39 Jan.
382 887 68 47 24,
485 886 112 40 1934;
658 887 65 38 2c.
758 887 118 39 each
908 887 96 39 and
1036 887 81 40 aff.
1153 887 109 39 Feb.
1296 888 25 37 2;
1383 887 42 39 A
1457 887 142 40 69271;
1664 889 487 50 Bancroft-Whitney

226 953 64 30 co.

154 1046 299 64 Cartland,
486 1047 285 55 Barbara.

219 1124 115 51 Not
363 1124 124 51 love
519 1124 178 66 alone,
727 1123 74 67 by
833 1124 259 52 Barbara
1126 1122 295 54 Cartland.
1496 1124 259 67 London,
1785 1125 367 55 Hutchinson

148 1204 44 49 &
223 1219 97 50 co.,
350 1202 102 51 ltd.
489 1203 171 64 [1933]

217 1273 618 49 4 p. l., 13-288 p. 19 cm .
155 1328 1994 53 © 1c. Jan. 24, 1934; A ad int. 18641; pubd. Nov. 24, 1933; Barbara
222 1390 393 47 McCorquodale,
655 1390 212 39 London.
940 1389 249 48 (34-3292)

153 1493 433 63 Caulaincouri,
627 1494 267 51 Armand
933 1492 303 65 Augustin
1276 1493 197 65 Louis,
1512 1496 253 66 marquis
1804 1496 88 63 de,
1933 1496 109 54 duc
2080 1496 68 53 de

225 1571 252 66 Vicence,
509 1570 326 54 1773-1827.

219 1648 300 53 Mémoires
546 1650 77 52 du
648 1650 229 67 général
904 1650 66 52 de
1000 1649 425 67 Caulaincourt,
1452 1651 108 52 duc
1587 1651 67 51 de
1682 1652 258 67 Vicence,
1964 1653 184 67 grand

152 1729 199 65 écuyer
396 1728 67 51 de
532 1728 335 67 l’empereur;
915 1727 392 53 introduction
1349 1734 53 47 et
1445 1733 159 49 notes
1649 1730 68 52 de
1760 1731 147 54 Jean
149 1732 1973 124 Hanoteau.

148 1805 1976 133 t. 3 e . L’agonie de Fontainebleau … Avec trois gravures hors
502 1888 167 49 texte.
746 1884 185 67 Paris,
957 1885 151 52 Plon
1141 1918 13 33 [
1160 1891 16 21 c
1181 1888 152 63 1933]

217 1957 1185 48 3 p. l., 495 p. front. (port.) facsims. 23 cm .
152 2011 1995 53 © Nov. 22, 1933; 1c. Jan. 30, 1934; A- Foreign 23576; Librairie Plon.
150 2116 365 66 Chichester,
550 2117 249 53 Francis
829 2117 81 62 C.,
945 2119 171 49 1901-

146 2191 1979 149 Seaplane solo, by Francis C. Chichester … New York, Harcourt, Brace and company [ c 1934]
213 2343 86 41 314
324 2355 44 38 p.
429 2346 162 46 front.,
621 2345 170 48 plates,
823 2345 115 40 fold.
971 2354 123 37 map.
1156 2343 53 40 21
1214 2345 15 22 cm
1263 2375 8 8 .

215 2401 166 48 Flight
411 2402 50 39 of
493 2402 82 40 the
605 2400 168 48 Elijah
802 2401 127 40 from
960 2401 116 40 New
1108 2399 211 41 Zealand
1352 2402 49 38 to
1433 2399 207 40 Norfolk
1672 2400 161 40 island;
1895 2400 170 41 thence
2100 2400 47 39 to

147 2457 124 41 Lord
297 2458 152 40 Howe
476 2458 160 40 island;
693 2459 171 39 thence
888 2460 48 38 to
965 2457 267 41 Australia.

216 2513 162 42 “First
409 2514 227 41 edition.”

150 2569 50 51 ©
226 2573 110 41 Feb.
361 2574 38 46 8,
423 2573 114 40 1934;
589 2573 66 40 2c.
682 2574 95 38 and
802 2572 82 41 aff.
909 2572 110 40 Feb.
1045 2572 55 39 12;
1153 2572 41 38 A
1218 2572 143 40 69893;
1416 2572 261 46 Harcourt,
1706 2573 154 39 Brace
1886 2572 36 40 &
1947 2584 80 35 co.,
2055 2573 90 39 inc.

226 2630 249 48 (34-2552)

149 2732 285 67 Clemens,
465 2734 164 64 Karl,
664 2734 325 51 1816-1886.

215 2809 121 53 The
360 2810 128 52 love
509 2808 64 54 of
598 2810 97 52 the
719 2808 286 55 Crucified;
1061 2808 367 54 meditations
1456 2826 75 35 on
1552 2809 99 52 the
1676 2808 229 68 passion
1933 2808 65 54 of
2024 2808 123 55 Our

145 2885 155 55 Lord
323 2888 113 52 and
462 2886 247 55 Saviour
731 2887 166 54 Jesus
923 2886 213 67 Christ,
1161 2886 75 68 by
1260 2886 138 53 Rev.
1424 2886 151 52 Karl
1600 2885 277 69 Clemens,
1939 2929 10 10 C.
2034 2929 10 11 SS.
2104 2929 10 10 R.;

146 2964 2001 68 translated and edited by Rev. John B. Haas, C. SS. R., and
145 3041 1977 148 Rev. Thomas W. Mullaney, C. SS. R. New York and Cincinnati, Frederick Pustet co., inc., 1934.
215 3204 113 38 xxx,
357 3193 85 41 723
467 3204 44 37 p.
571 3192 56 39 21½
660 3194 45 22 cm
709 3224 9 8 .

149 3250 50 51 ©
232 3254 109 39 Jan.
371 3254 68 46 27,
471 3252 140 45 1934;
645 3252 67 39 2c.
744 3250 108 40 Jan.
884 3251 82 46 31;
1002 3250 82 40 aff.
1116 3248 109 42 Feb.
1258 3251 28 39 7;
1346 3251 41 38 A
1418 3251 170 47 70179;
1624 3252 77 40 Fr.
1735 3252 173 40 Pustet
1939 3263 80 36 co.,
2055 3253 87 38 inc.

225 3309 248 49 (34-2519)

148 3413 214 53 Cohen.
394 3414 218 51 Morris
642 3409 284 66 Raphael,
960 3411 172 52 1880-

214 3488 95 53 An
347 3486 390 54 introduction
778 3491 57 48 to
875 3485 151 69 logic
1066 3486 111 52 and
1217 3486 274 54 scientific
1529 3487 250 66 method,
1818 3487 75 69 by
1932 3488 214 54 Morris

145 3563 2001 71 R. Cohen … and Ernest Nagel … New York, Harcourt,
145 3644 179 53 Brace
354 3644 113 53 and
497 3659 280 51 company
991 3672 13 35 [c1934]

215 3718 82 48 xii,
326 3717 86 40 467
438 3726 42 38 p.
542 3716 179 46 diagrs.
781 3713 56 39 22
841 3716 44 22 cm
890 3748 7 8 .

216 3774 162 41 “First
409 3770 227 43 edition.”

215 3830 225 40 Includes
470 3825 393 49 bibliographies.

150 3886 50 51 ©
233 3889 107 39 Jan.
374 3887 68 46 25,
475 3886 115 40 1934;
651 3886 65 38 2c.
751 3884 96 39 and
880 3882 80 41 aff.
995 3883 110 40 Feb.
1140 3883 51 46 1;
1227 3883 41 38 A
1300 3883 171 48 70089;
1507 3885 261 49 Harcourt,
1804 3888 157 40 Brace
1993 3888 36 40 &
2062 3899 81 38 co.,

218 3947 87 39 inc.
377 3941 249 52 (34-2513)
