2350 4196
1130 4000 96 49 119

219 502 1926 160 und W. Frei … 27. bd. Der rheumatismus; pathologisch-anatomische und experimentell-pathologische tatsachen und
220 675 123 53 ihre
379 678 364 62 auswertung
780 670 99 54 für
917 670 100 50 das
1056 665 269 53 ärztliche
1365 660 512 70 rheumaproblem,
1914 676 105 33 von
2062 658 84 53 dr.

223 740 1679 80 Fritz Klinge … München, J. F. Bergmann, 1933.
220 829 63 45 ix,
310 828 84 40 354
421 837 42 37 p.
519 826 128 38 illus.
677 823 135 48 (part
839 823 111 48 col.)
987 820 84 40 col.
1101 819 144 48 plate,
1275 816 168 41 tables.
1502 813 57 41 26
1560 815 44 21 cm
1609 842 7 8 .

221 881 352 44 “Schrifttum”:
633 893 41 37 p.
709 881 159 49 [1]-14.

153 925 1997 65 © Oct. 28, 1933; 1c. Jan. 9, 1934; A-Foreign 23284; J. F. Bergmann.
155 1016 270 65 Erskine,
455 1015 191 65 Firth,
670 1015 194 66 pseud.

225 1091 200 55 Naked
460 1090 247 70 murder,
740 1090 35 51 by
849 1089 168 52 Firth
1049 1087 258 55 Erskine.
1382 1086 135 53 New
1556 1085 179 68 York,
1768 1084 122 56 The
152 1084 1974 157 Macaulay
276 1187 277 51 company
590 1203 13 34 [
608 1176 18 21 c
631 1170 133 50 1933
770 1202 13 33 ]

221 1239 621 52 3 p. l., 5-317 p. 19½ cm .
157 1300 50 53 ©
234 1305 111 39 Dec.
372 1305 38 46 6,
437 1302 113 42 1933;
605 1302 68 40 2c.
699 1303 97 39 and
822 1300 79 41 aff.
931 1301 112 39 Dec.
1071 1300 51 46 8;
1151 1299 42 41 A
1219 1299 169 46 68679;
1420 1299 261 48 Macaulay
1708 1308 65 30 co.

236 1361 251 49 (34-2225)

159 1450 193 66 Eyles,
381 1453 137 53 Mrs.
548 1451 306 63 Margaret
883 1450 265 51 Leonora
1179 1447 325 65 (Pitcairn)
1543 1450 169 50 1890-

228 1527 430 55 Commonsense
684 1525 170 55 about
879 1545 112 48 sex,
1017 1525 71 68 by
1114 1524 254 54 Leonora
1394 1522 188 69 Eyles.
1644 1522 257 70 London,
1926 1521 70 56 V.
156 1520 1976 154 Gollancz,
364 1606 122 67 ltd.,
523 1608 149 49 1933.

224 1677 98 49 153,
357 1679 54 48 [4]
441 1688 43 38 p.
542 1676 128 41 illus.
727 1675 57 40 19
786 1679 43 20 cm
835 1708 7 7 .

161 1731 2000 58 © 1c. Jan. 16, 1934; A ad int. 18604; pubd. Nov. 20, 1933; Margaret
227 1797 217 39 Leonora
475 1796 215 46 Murray,
720 1794 280 48 Barcombe,
1031 1793 178 48 Lewes,
1244 1793 192 48 Sussex,
1469 1793 237 48 England.

239 1852 249 50 (34-2839)

162 1945 161 65 Falk,
356 1945 205 64 Henry
593 1942 263 66 Charles,
892 1945 172 51 1889-

230 2021 323 70 Operating
577 2040 157 34 room
760 2022 312 67 procedure
1096 2020 92 54 for
1211 2040 197 34 nurses
1435 2022 111 52 and
1572 2020 267 68 internes,
1864 2021 74 67 by
1963 2021 203 68 Henry

162 2096 2006 77 C. Falk … with a foreword by Eugene H. Pool … New York,
163 2181 256 67 London,
447 2179 67 55 G.
547 2181 65 52 P.
641 2179 299 55 Putnam’s
967 2198 147 49 sons,
1145 2182 150 51 1934.

231 2254 117 48 xxii,
379 2255 85 39 413
494 2264 42 38 p.
597 2254 143 47 illus.,
773 2253 179 50 diagrs.
1012 2253 53 39 21
1071 2256 15 21 cm
1121 2285 8 8 .

232 2312 211 40 “Second
478 2310 225 42 edition.”

167 2366 49 52 ©
248 2370 108 38 Jan.
386 2369 68 46 26,
515 2368 83 40 1934;
658 2369 67 38 2c.
756 2368 95 40 and
881 2368 82 40 aff.
995 2368 109 39 Jan.
1135 2367 47 40 31;
1250 2368 41 38 A
1321 2367 170 47 69265;
1527 2369 57 38 H.
1620 2368 48 40 C,
1702 2368 135 40 Falk.
1870 2367 118 39 New
2019 2366 143 40 York.

241 2426 251 49 (34-2389)

168 2515 308 67 Fishberg,
510 2517 232 53 Arthur
775 2516 279 65 Maurice,
1090 2519 168 51 1898-

235 2590 1875 78 Hypertension and nephritis, by Arthur M. Fishberg …
167 2675 71 52 3d
275 2675 104 66 ed.,
417 2673 348 69 thoroughly
805 2691 112 35 rev.
1011 2672 338 55 Illustrated
1388 2672 141 54 with
1567 2677 65 49 39
1673 2674 346 69 engravings
2060 2674 108 52 and

172 2758 24 47 1
235 2753 225 52 colored
496 2754 170 66 plate.
742 2752 430 69 Philadelphia,
1207 2753 114 52 Lea
1357 2755 47 50 &
1442 2752 263 70 Febiger,
1743 2754 151 53 1934.

237 2827 95 46 xvi,
363 2826 173 42 17-668
568 2837 42 38 p.
671 2826 143 47 illus.,
849 2828 86 39 col.
970 2837 75 38 pl.,
1079 2825 152 49 diagr.
1292 2828 56 38 24
1351 2829 43 21 cm
1400 2859 8 8 .

239 2883 347 42 “References”
616 2887 51 37 at
695 2885 92 39 end
815 2884 50 40 of
894 2884 118 40 each
1040 2882 214 49 chapter.

174 2938 50 52 ©
252 2942 108 40 Jan.
387 2941 68 47 30,
483 2941 139 47 1934;
651 2942 66 38 2c.
745 2942 97 39 and
869 2941 80 40 aff.
977 2941 111 40 Jan.
1116 2940 79 48 31;
1227 2941 39 38 A
1293 2941 170 47 69262;
1495 2940 97 42 Lea
1620 2942 35 39 &
1682 2940 215 49 Febiger.

249 2999 250 48 (34-2388)

174 3075 240 65 France,
450 3074 271 64 Anatole,
755 3076 327 54 1844-1924.

304 3147 1863 78 … At the sign of the Queen Pédauque; translated by Mrs.
177 3229 243 56 Wilfrid
459 3232 268 66 Jackson,
767 3229 140 54 with
948 3249 71 33 an
1060 3229 387 55 introduction
1488 3232 76 67 by
1603 3232 210 52 Ernest
1853 3232 164 66 Boyd
2060 3233 108 52 and

179 3307 375 58 illustrations
593 3309 74 66 by
711 3307 239 68 Sylvain
994 3307 275 69 Sauvage.
1348 3308 270 69 Chicago,
1658 3308 239 54 Printed
1943 3309 92 52 for
2077 3311 93 50 the

179 3386 271 54 members
486 3386 63 53 of
583 3388 94 50 the
712 3386 250 53 Limited
1002 3384 243 56 editions
1280 3387 127 52 club
1443 3386 74 67 by
1554 3388 95 51 the
1682 3386 279 54 Lakeside
2000 3405 170 48 press.

181 3468 146 51 1933.

248 3539 83 45 xii,
360 3540 85 38 174
473 3548 56 37 p.,
559 3539 24 37 1
633 3569 7 6 l.
699 3539 86 39 col.
814 3537 163 48 front.,
1008 3538 24 38 1
1063 3537 86 40 col.
1179 3537 142 48 illus.,
1352 3539 86 38 col.
1470 3538 169 47 plates.
1698 3536 56 41 29½
1786 3538 44 22 cm
1836 3568 8 10 .

250 3596 63 39 At
340 3596 123 39 head
492 3595 51 40 of
571 3593 135 41 title:
737 3595 73 47 By
838 3594 206 41 Anatole
1075 3592 199 44 France.

251 3646 1928 58 “Fifteen hundred copies … This copy is … Copyright copy and it is
177 3708 167 49 signed
374 3709 63 47 by
470 3710 42 40 S.
549 3707 264 49 Sauvage.”

246 3766 128 40 Title
404 3764 227 49 vignette.

185 3813 1992 63 © Oct. 28, 1933; 1c. and aff. Jan. 27, 1934; 1c. Feb. 8; A 70039; Limited
252 3880 208 40 editions
486 3880 120 47 club,
632 3879 105 48 inc.,
762 3879 118 38 New
905 3879 142 38 York.
1130 3873 51 53 [©
1207 3877 342 51 illustrations,
1577 3880 305 41 decorations
1910 3883 95 38 and
252 3882 1908 104 introduction]
540 3936 248 48 (34-2487)
