2350 4196
1153 4011 96 48 518

270 443 270 47 “Hymns”:
573 453 43 38 p.
649 443 215 42 260-267.

198 497 50 51 ©
277 503 113 45 Apr.
420 503 40 45 1,
490 501 114 40 1934;
662 502 66 39 2c.
759 503 113 46 Apr.
903 502 79 41 18;
1017 500 81 41 aff.
1128 502 110 46 Apr.
1271 503 53 37 17
1344 512 8 28 :
1385 502 40 37 A
1455 501 168 45 71277;
1657 500 343 47 Presbyterian
2031 500 148 39 board

266 558 50 39 of
343 558 248 40 Christian
619 559 269 44 education,
916 559 351 46 Philadelphia.
1335 556 277 49 (34-11045)

191 645 338 67 Edschmid,
559 646 281 67 Kasimir,
872 650 170 50 1890-

360 723 1824 70 … Im spiegel des Rheins; westdeutsche fahrten. Frankfurt
198 820 91 34 am
315 802 180 68 Main,
525 801 517 71 Societäts-verlag,
1072 807 148 48 1933.

266 873 99 49 233,
397 875 54 49 [1]
480 886 58 37 p.,
566 876 26 38 1
641 907 8 8 l.
708 873 171 50 plates.
940 877 113 39 19cm.

200 929 1965 108 © Nov. 1, 1933; 1c. Mar. 13, 1934; A-Foreign 24092; Frankfurter societäts-druckerei, g. m. b. h.
1026 990 277 48 (34-11070)

199 1066 212 63 Egger,
440 1065 280 54 Rowland
750 1066 305 56 Andrews.

267 1140 123 53 The
421 1140 328 53 retirement
783 1141 63 53 of
877 1142 197 68 public
1106 1142 314 68 employees
1456 1142 59 52 in
1550 1141 298 69 Virginia;
1888 1162 30 32 a
1954 1143 230 51 manual

201 1217 94 53 for
323 1218 95 52 the
451 1218 394 69 development
875 1219 63 54 of
970 1219 312 68 municipal
1314 1219 236 68 pension
1583 1219 183 68 plans,
1798 1219 74 69 by
1906 1219 280 53 Rowland

199 1295 1986 70 Andrews Egger … with the assistance of the Committee on
200 1373 1985 70 pensions of the League of Virginia municipalities … New
201 1451 179 68 York,
416 1452 257 68 London,
712 1452 70 52 D.
821 1451 577 70 Appleton-Century
1437 1469 297 52 company,
1771 1451 417 69 incorporated,

202 1528 92 52 for
323 1530 95 52 the
445 1529 272 53 Institute
748 1529 92 53 for
867 1531 256 51 research
1151 1530 59 51 in
1239 1529 94 53 the
1364 1528 172 54 social
1566 1529 257 69 sciences,
1851 1530 336 69 University

200 1606 64 52 of
295 1606 286 70 Virginia,
614 1610 150 50 1934.

274 1681 96 49 xvi,
402 1682 87 40 269
519 1693 43 37 p.
624 1681 175 48 diagrs.
860 1682 115 40 23cm.
1048 1681 272 49 ([Virginia.
1387 1681 294 48 University.
1744 1682 231 40 Institute
2008 1682 79 41 for
202 1694 1968 84 research
403 1739 50 39 in
487 1740 79 38 the
600 1737 148 41 social
782 1737 225 50 sciences)
1075 1737 192 41 Studies
1300 1738 50 39 in
1385 1738 161 48 public
1577 1737 411 42 administration,
2080 1740 14 47 I)

279 1796 126 40 “The
440 1795 280 47 University
752 1796 51 39 of
833 1794 220 48 Virginia
1088 1795 233 40 Institute
1353 1796 77 38 for
1465 1795 226 40 research
1723 1795 49 39 in
1807 1797 81 39 the
1922 1793 148 42 social
202 1793 1971 99 sciences.
413 1851 233 41 Institute
674 1852 311 47 monograph,
1042 1862 74 29 no.
1146 1850 97 41 18.”

276 1909 174 39 “Table
479 1909 50 39 of
557 1907 162 41 cases”
740 1919 8 28 :
777 1918 41 37 p.
849 1908 227 43 171-177;
1108 1907 373 48 Bibliography:
1513 1919 42 37 p.
1585 1907 217 41 232-250.

207 1961 50 51 ©
288 1966 121 39 Mar.
438 1965 67 46 15,
535 1965 139 44 1934;
705 1965 64 40 2c.
798 1966 97 38 and
924 1963 79 40 aff.
1034 1965 122 39 Mar.
1182 1965 81 44 17;
1295 1965 41 37 A
1364 1964 168 46 69877;
1566 1965 280 47 University
1877 1965 50 39 of
1956 1963 234 48 Virginia,

275 2023 232 39 Institute
535 2022 50 39 of
612 2022 80 39 the
721 2021 148 40 social
897 2021 223 46 sciences,
1151 2021 280 47 Richmond,
1460 2022 85 40 Va.
1613 2021 277 48 (34-11087)

205 2095 418 65 Encyclopedic
660 2097 185 68 digest
878 2096 61 52 of
975 2097 232 51 Florida
1246 2102 237 62 reports,
1518 2098 169 67 being
1724 2117 27 32 a
1791 2098 272 66 complete
273 2114 1893 128 encyclopedia
625 2175 112 51 and
764 2175 185 67 digest
974 2174 62 53 of
1064 2178 76 50 all
1168 2176 90 52 the
1284 2176 235 51 Florida
1549 2193 120 34 case
1695 2176 108 50 law
1833 2175 111 51 and
1971 2175 218 52 federal

273 2252 275 52 decisions
574 2252 246 68 relating
845 2260 57 44 to
929 2253 94 51 the
1047 2254 134 53 laws
1210 2253 61 51 of
1297 2254 93 51 the
1416 2260 162 47 state,
1598 2253 181 52 under
1804 2253 94 53 the
1926 2253 264 51 editorial

272 2329 355 69 supervision
679 2330 61 53 of
791 2333 70 50 A.
913 2332 248 51 Hewson
1212 2331 210 52 Michie
1477 2332 110 51 and
1641 2333 205 50 Beirne
1901 2331 288 54 Stedman.

271 2408 240 53 Volume
563 2427 51 34 x.
691 2408 501 68 [Municipal-Party
1281 2410 176 65 walls]
1540 2409 476 67 Charlottesville,
2067 2410 124 67 Va.,

273 2488 119 52 The
424 2486 210 53 Michie
666 2504 304 50 company;
1004 2487 258 56 Atlanta,
1294 2488 122 66 Ga.,
1448 2488 118 53 The
1605 2487 277 53 Harrison
1915 2506 278 49 company

298 2568 172 63 [c1934]

280 2638 530 49 3 p. l., 412 p. 24cm.
210 2692 50 51 ©
289 2697 113 46 May
427 2697 67 45 17,
521 2695 139 45 1934;
689 2694 64 39 2c.
783 2696 94 38 and
905 2693 80 40 aff.
1014 2695 114 45 May
1154 2694 79 40 19;
1263 2695 40 37 A
1331 2695 168 46 72436;
1531 2695 175 40 Michie
1735 2706 65 28 co.
1831 2695 93 38 and
1953 2692 241 41 Harrison

282 2764 66 28 co.

207 2826 135 65 Fry,
374 2826 246 55 Charles
647 2825 244 63 Luther,
924 2829 171 49 1894-

280 2903 1817 69 The technique of social investigation, by C. Luther Fry …
208 2983 140 52 New
374 2982 162 53 York
563 2982 112 53 and
700 2981 256 65 London,
984 2981 228 67 Harper
1239 2984 44 50 &
1309 2982 275 67 brothers,
1610 2985 151 49 1934.

280 3052 867 51 xii p., 1 l., 315 p. plates. 21cm.
281 3112 162 41 “First
472 3112 225 41 edition.”

282 3170 373 49 Bibliography:
693 3180 42 38 p.
771 3167 214 42 244-305.

214 3224 50 51 ©
291 3229 113 47 Apr.
429 3228 69 45 24,
525 3227 139 46 1934;
692 3227 66 40 2c.
785 3228 112 46 Apr.
924 3225 55 40 26;
1036 3225 81 40 aff.
1144 3227 110 46 Apr.
1281 3227 55 39 27;
1392 3229 41 37 A
1460 3228 168 46 72217;
1659 3229 191 46 Harper
1879 3229 35 39 &
1939 3230 124 39 bros.

291 3284 277 48 (34-10905)

209 3357 245 66 Geddes,
484 3357 207 65 Virgil,
723 3357 169 53 1897-

286 3435 156 51 Four
482 3435 271 52 comedies
796 3433 149 52 from
989 3433 94 53 the
1124 3433 105 55 life
1271 3434 62 52 of
1377 3434 220 69 George
1639 3435 210 68 Emery
1892 3434 189 68 Blum,
2122 3434 72 68 by

217 3508 1979 72 Virgil Geddes … Brookfield, Conn., The Brookfield players,
217 3589 124 67 inc.,
374 3592 149 49 1934.

287 3660 86 40 166
406 3671 44 37 p.
513 3660 26 38 2
573 3671 62 37 pl.
698 3660 114 39 21cm.

286 3718 225 40 Lettered
537 3727 59 29 on
624 3726 164 30 cover;
818 3717 99 39 The
944 3717 142 39 Blum
1115 3717 148 47 plays.

563 3774 118 38 CONTENTS.—In
711 3774 80 40 the
822 3772 335 41 tradition.—I
1187 3775 121 39 have
1339 3785 110 29 seen
1480 3778 175 45 myself
1683 3777 340 40 before.—The
2052 3776 142 40 drink

217 3831 49 38 in
292 3832 80 38 the
399 3831 272 46 body.—By
698 3831 80 38 the
804 3830 103 40 soul
936 3840 92 35 you
1056 3840 110 36 may
1194 3831 132 46 bury.

218 3886 51 52 ©
303 3892 109 46 Apr.
447 3891 56 39 26,
549 3890 139 46 1934;
724 3889 64 40 2c.
825 3891 94 38 and
954 3889 80 39 aff.
1070 3890 112 46 May
1215 3890 51 45 1;
1304 3890 40 38 A
1378 3890 141 40 71449;
1584 3892 52 40 V.
1673 3892 199 47 Geddes,
1908 3890 287 44 Brookfield,

285 3947 143 40 Conn.
488 3946 276 48 (34-10703)
