2350 4196
1173 3992 99 49 952

228 378 322 52 Industrial
580 379 283 53 relations
895 380 351 61 counselors,
1279 379 109 54 inc.

393 470 1827 68 … An historical basis for unemployment insurance; a report
233 548 278 66 prepared
546 547 94 53 for
673 548 94 52 the
801 549 406 67 Employment
1238 548 387 52 stabilization
1657 548 255 52 research
1942 548 278 65 institute,

234 625 335 68 University
611 626 63 52 of
714 626 340 67 Minnesota,
1097 627 74 67 by
1211 625 320 53 Industrial
1574 626 270 52 relations
1887 628 334 64 counselors,

232 703 126 66 inc.,
396 703 63 53 of
496 704 139 51 New
673 703 177 53 York.
925 704 402 68 Minneapolis,
1364 704 121 52 The
1524 704 335 67 University
1896 704 63 53 of
229 704 1966 129 Minnesota
380 799 173 49 press,
583 784 149 50 1934.

341 884 7 17 v,
379 852 70 51 [1],
474 853 86 40 306
585 865 43 36 p.
654 855 109 39 incl.
792 854 168 48 tables,
987 854 177 48 diagrs.
1223 853 144 41 23½cm.

306 910 63 39 At
397 911 124 39 bead
546 911 51 39 of
623 911 107 40 title
749 922 8 28 :
787 912 335 47 Employment
1149 911 330 40 stabilization
1505 912 225 39 research
1755 911 238 47 institute,
234 912 1969 103 University
360 968 52 40 of
437 968 288 41 Minnesota.

311 1024 127 40 “The
484 1026 145 46 study
675 1027 154 37 treats
872 1025 55 40 of
969 1025 82 40 the
1097 1025 280 47 experience
1422 1024 50 39 in
1518 1024 147 41 Great
1710 1024 208 48 Britain,
1965 1025 254 49 Germany,

240 1081 232 47 Belgium,
521 1082 96 39 and
665 1081 332 49 Switzerland,
1045 1083 95 39 and
1186 1082 81 40 the
1314 1082 259 47 voluntary
1620 1082 140 48 plans
1807 1083 94 39 and
1949 1082 271 48 legislative

237 1136 214 42 schemes
477 1138 52 39 of
552 1139 81 40 the
660 1138 178 41 United
868 1139 162 41 States
1112 1138 360 41 …”—Foreword.

308 1193 245 42 “Selected
584 1194 364 50 bibliography”
967 1207 9 29 :
1009 1208 43 36 p.
1083 1195 215 41 293-296.

238 1262 51 51 ©
314 1267 128 39 June
463 1266 69 48 20,
556 1267 113 40 1934;
723 1268 66 41 2c.
815 1269 94 38 and
933 1267 81 41 aff.
1041 1268 115 47 July
1180 1268 79 46 16;
1288 1268 41 38 A
1354 1268 142 39 73438;
1551 1267 281 49 University
1859 1268 50 40 of
1935 1267 287 49 Minnesota,

305 1324 335 47 Minneapolis.
711 1325 277 49 (34-21671)

253 1424 204 66 [Johns,
492 1427 295 68 Rowland]
826 1431 170 49 1882-
1207 1428 83 52 ed.

312 1515 1912 70 Our friend the Great Dane … New York, E. P. Dutton &
238 1613 96 47 co.,
367 1594 103 53 inc.
512 1598 191 64 [c1934]

309 1666 81 46 vii,
426 1667 54 40 87
519 1678 40 36 p.
599 1667 108 40 incl.
743 1667 147 41 front.
955 1668 115 40 18cm.
1147 1669 297 48 (Half-title:
1481 1669 99 40 Our
1613 1668 163 41 friend
1814 1668 80 41 the
1931 1670 91 47 dog
2059 1668 163 49 series,

238 1724 158 40 edited
425 1725 59 45 by
512 1725 234 39 Rowland
773 1725 178 47 Johns)

311 1781 159 40 “First
508 1781 225 40 edition.”

239 1853 51 51 ©
316 1857 125 39 June
465 1857 67 45 18,
559 1856 114 39 1934;
726 1856 66 39 2c.
820 1856 125 39 June
968 1856 55 38 22;
1080 1855 79 39 aff.
1187 1855 125 40 June
1337 1855 53 38 21;
1449 1856 39 37 A
1514 1854 140 41 74051;
1714 1857 52 38 E.
1792 1856 49 39 P.
1868 1856 186 39 Dutton
2082 1855 35 39 &
2142 1864 81 38 co.,

304 1913 88 40 inc.
465 1913 277 47 (34-21311)

236 2019 223 63 Kagan,
493 2016 269 56 Solomon
794 2017 239 63 Robert,
1071 2020 168 49 1881-

312 2092 429 56 Contributions
770 2092 62 53 of
861 2092 154 69 early
1046 2092 149 54 Jews
1224 2099 59 46 to
1311 2092 305 53 American
1644 2091 289 68 medicine,
1964 2091 73 68 by
240 2090 1960 135 Solomon
397 2171 65 52 R.
493 2171 224 67 Kagan,
744 2187 64 35 m.
836 2189 46 33 d.
925 2171 91 67 (18
1046 2169 429 69 illustrations).
1539 2169 230 67 Boston,
1796 2169 188 67 Mass.,
2012 2168 214 54 Boston

242 2249 236 52 medical
506 2249 331 68 publishing
865 2265 275 50 company
1214 2249 151 65 [c1934]

311 2318 1166 50 1 p. l., v-xv, 63, [1] p. illus. (ports.) 23cm.
241 2392 50 51 ©
322 2396 121 39 June
467 2396 68 46 20,
563 2394 113 41 1934;
731 2395 65 39 2c.
825 2394 95 39 and
946 2393 79 40 aff.
1055 2394 124 38 June
1205 2393 55 39 25;
1316 2393 40 38 A
1382 2393 143 39 74199;
1582 2393 182 40 Boston
1793 2392 203 40 medical
2023 2392 108 47 pub.
2158 2404 67 30 co.

320 2452 278 49 (34-21320)

233 2559 183 62 Koon,
449 2557 161 55 Cline
639 2558 266 62 Morgan,
939 2559 168 49 1891-

307 2636 222 52 Motion
559 2635 247 68 pictures
837 2634 62 52 in
929 2633 300 53 education
1257 2634 61 51 in
1344 2634 96 52 the
1470 2633 216 54 United
1719 2632 187 55 States;
1971 2651 31 33 a
2031 2638 194 61 report

238 2713 280 68 compiled
562 2712 94 53 for
698 2712 97 52 the
836 2710 419 53 International
1300 2729 259 50 congress
1602 2710 63 54 of
1708 2710 357 53 educational
2112 2710 111 52 and

238 2788 1964 211 instructional cinematography, by Cline M. Koon … in collaboration with Dr. C. F. Hoban … Dr. Y. C. Arnspiger … Mrs. Robbins Gilman …
238 2944 1959 149 Mr. William Reid … and others. Chicago, Ill., The University of Chicago press [1934]
376 3129 8 16 xv,
413 3097 85 40 106
526 3109 43 36 p.
627 3096 144 40 19½cm.

309 3155 245 47 Compiled
584 3154 128 39 from
744 3153 80 39 the
856 3153 287 38 statements
1175 3153 235 46 prepared
1442 3153 60 47 by
1532 3152 409 49 representatives
1974 3152 253 50 attending

239 3224 27 28 a
297 3212 282 41 conference
611 3211 110 38 held
754 3212 51 37 at
837 3209 80 39 the
951 3209 55 39 U.
1042 3208 44 40 S.
1121 3208 139 40 Office
1294 3208 51 41 of
1377 3209 271 47 education,
1684 3209 277 49 September
1993 3209 70 48 25,
2097 3209 124 42 1933.

238 3270 60 47 cf.
328 3269 197 46 Introd.,
553 3279 44 36 p.
623 3278 45 30 x.

313 3324 281 40 “Exhibits”
614 3335 9 27 :
654 3334 40 36 p.
725 3321 174 41 90-106;
955 3320 347 48 Bibliography
1321 3333 8 27 :
1356 3331 44 38 p.
1431 3320 156 43 83-89.

242 3390 1965 110 © June 5, 1934; 2c. July 16; aff. July 13; A 73456; University of Chicago, Chicago. (34-21486)
233 3557 215 63 Korch,
478 3557 250 60 Morten,
760 3554 170 54 1876-

406 3627 1591 68 … Klokkekilden. [København] S. Hasselbalch, 1933.
312 3703 87 41 365
423 3712 43 38 p.
527 3701 114 41 20cm.

313 3760 40 39 A
383 3760 153 40 novel.

241 3826 1964 109 © Sept. 16, 1933; 1c. June 25, 1934; A-Foreign 25017; M. Korch, Charlottenlund, Denmark. (34-21870)
