2350 4196
1136 4005 129 48 1560

219 381 302 64 Haggard,
552 383 256 51 Howard
837 381 239 65 Wilcox,
1110 386 169 49 1891-

288 457 1918 69 The doctor in history, by Howard W. Haggard … New
218 537 222 66 Haven,
484 537 143 52 Yale
672 537 313 67 university
1028 554 182 49 press;
1254 535 256 65 London,
1552 536 75 52 H.
1672 533 263 66 Milford,
1980 533 227 54 Oxford

216 613 316 68 university
561 631 171 50 press,
764 619 150 48 1934.

289 687 101 41 xiii.
418 686 56 39 408
531 697 43 36 p.
635 687 127 37 illus.
792 687 130 42 (incl.
952 685 176 45 nmsic)
1196 685 55 38 24
1255 687 43 20 cm
1304 717 7 7 .

225 741 1872 50 © Oct. 30. 1934; 2c. Nov. 8: aff. Nov. 7: A 78015: Yale univ. press.
305 801 277 47 (34-38857)

222 903 149 65 Hall,
406 906 300 61 Courtney
735 905 240 62 Robert,
1010 908 169 49 1894-

296 980 50 49 A
381 980 250 53 scientist
666 981 59 50 in
762 979 92 52 the
892 980 154 67 early
1082 976 280 70 republic;
1401 976 228 54 Samuel
1666 976 244 52 Latham
1944 974 269 68 Mitchill,

227 1059 323 64 1764-1831,
587 1056 74 67 by
705 1055 286 69 Courtney
1031 1055 213 54 Robert
1283 1054 157 52 Hall.
1516 1053 135 51 New
1695 1052 178 68 York,
1916 1051 296 55 Columbia

226 1133 310 66 university
563 1152 172 48 press,
764 1136 149 48 1934.

294 1203 1250 50 vi p., 2 l., [3]-162 p., 1 l. front. (port.) 23½c m .
293 1262 376 46 ‘‘Bibliography
700 1261 50 39 of
781 1261 249 39 Mitchill's
1063 1260 249 48 writings":
1374 1271 41 37 p.
1467 1259 219 48 [141]-150:
1751 1260 233 40 “General
223 1260 1973 105 bibliography”:
462 1328 40 37 p.
538 1317 245 49 [151]-155.

232 1373 1977 52 © Nov. 13. 1934; 2c. Nov. 16: aff. Nov. 15: A 77247: Columbia univ.
294 1446 147 36 press.
515 1434 277 40 (34-38855)

244 1537 151 63 Hall,
427 1537 169 52 Josef
625 1534 413 68 Washington]
1078 1541 168 49 1894-

294 1613 340 67 Challenge:
690 1613 209 52 behind
955 1613 95 52 the
1105 1612 124 53 face
1285 1612 63 52 of
1402 1613 210 66 Japan,
1668 1613 73 65 by
1795 1612 201 66 Upton
2052 1612 160 53 Close

244 1691 178 66 [pseud.]
530 1690 140 52 New
707 1689 177 67 York,
918 1691 215 51 Farrar
1168 1692 44 50 &
1242 1690 300 65 Rinehart,
1577 1689 399 67 incorporated
2017 1722 13 33 [
2035 1695 17 20 c
2058 1692 133 49 1934
2197 1721 11 33 ]

294 1762 1045 49 x p., 3 l., 3-409 p. plates, ports. 22cm.
296 1822 135 45 Maps
463 1830 57 29 on
550 1820 362 47 lining-papers.

230 1874 46 50 ©
415 1909 7 5 Nov.
454 1878 66 38 19.
549 1879 113 36 1934;
719 1877 64 39 2c.
925 1908 6 5 Nov.
961 1878 80 36 21:
1076 1876 79 41 aff.
1297 1909 6 6 Nov.
1335 1875 79 39 20:
1449 1877 41 37 A
1522 1873 166 42 78195:
1724 1876 160 46 Upton
1915 1875 151 41 Close.
2144 1885 70 28 New

296 1935 137 38 York.
508 1933 278 39 (34-39183)

221 2035 150 60 Hall,
405 2036 221 52 Robert
659 2036 270 62 Dawson,
965 2040 170 49 1872-

295 2110 1916 68 Coal age mining manual, by R. Dawson Hall … and J. H.
223 2187 1526 69 Edwards … New York, N. Y., Coal age [ c 1934]
293 2261 97 38 xxi.
421 2259 83 38 222
531 2270 41 36 p.
631 2260 140 46 illus.,
801 2260 175 47 diagrs.
1036 2259 140 40 19½cm.

227 2316 1957 51 © Sept. 1. 1934; 2c. and aff. Oct. 8: A 76408: McGraw-Hill pub. co., inc.,
340 2389 69 26 New
437 2377 143 38 York.
652 2375 276 40 (34-38842)

220 2479 271 64 Hanline,
521 2479 262 53 Maurice
810 2480 70 54 A.

289 2557 180 51 Years
506 2554 64 53 of
601 2554 385 67 indiscretion,
1128 2555 253 53 Maurice
1415 2557 70 51 A.
1520 2555 270 52 Hanline.
1862 2557 138 51 New
2034 2556 179 66 York,

220 2634 117 51 The
364 2621 96 63 Ma
469 2633 156 51 caulay
697 2649 277 45 company
1049 2635 133 48 [c1934]

291 2707 84 39 254
418 2717 42 37 p.
520 2705 144 41 19½cm.

231 2759 1707 50 © Nov. 16. 1934; 2c. and aff. Nov. 22: A 78282: Macaulay co.
302 2819 278 47 (34-39054)

222 2921 222 64 Hardy,
476 2921 98 52 Sir
600 2920 254 55 William
883 2922 167 62 Bate,
1084 2927 323 50 1864-1934.

352 2998 1863 68 … To remind; a biological essay, by Hardy, Sir William
231 3073 1983 69 Bate … Baltimore. Pub. for Vanderbilt university by the
220 3152 287 53 Williams
538 3156 45 48 &
609 3151 250 54 Wilkins
888 3170 294 48 company,
1215 3157 148 48 1934.

294 3223 61 38 xi.
383 3223 56 37 45
464 3232 41 37 p.
560 3222 54 38 21
619 3225 42 20 cm
669 3255 5 6 .
742 3223 123 44 (The
895 3223 243 38 Abraham
1168 3223 205 39 Flexner
1399 3226 223 39 lectures.
1680 3225 97 40 Ser.
1807 3236 73 29 no.
1909 3226 50 38 2)

293 3278 1915 46 “Series … delivered … at the Vanderbilt university school of medicine
221 3335 174 46 during
426 3336 82 37 the
536 3338 193 36 months
760 3335 50 38 of
840 3335 249 46 February
1121 3337 93 37 and
1247 3337 183 40 March.
1463 3337 493 40 1931.”—Foreword.

292 3391 100 39 The
424 3392 176 38 author
632 3392 95 38 had
760 3392 264 45 completed
1056 3392 80 39 the
1167 3393 300 47 manuscript
1499 3394 50 38 of
1580 3395 111 45 only
1723 3400 93 34 two
1848 3404 165 33 essays
2046 3394 162 39 before

219 3448 75 39 his
324 3448 144 38 death
498 3450 94 37 and
617 3448 135 38 these
781 3458 83 28 are
891 3448 253 45 presented
1174 3448 124 39 here.
1357 3451 59 45 cf.
1446 3449 271 41 Foreword.

224 3503 1984 50 © Aug. 13. 1934; 2c. and aff. Aug. 18: A 74573: Williams & Wilkins co.
303 3563 276 48 (34-38037)

221 3652 245 64 Haskin,
499 3653 189 52 Leslie
720 3654 208 61 Loren,
965 3656 169 49 1882-

291 3727 158 52 Wild
483 3726 216 54 flowers
734 3727 62 52 of
826 3728 93 51 the
954 3725 209 53 Pacific
1195 3734 166 60 coast,
1393 3730 60 51 in
1486 3730 185 52 which
1703 3732 50 51 is
1789 3729 286 53 described
2109 3732 100 47 332

220 3803 216 55 flowers
465 3804 111 52 and
608 3805 199 52 shrubs
835 3804 63 52 of
923 3803 392 57 Washington.
1347 3804 244 58 Oregon.
1623 3806 199 54 Idaho,
1855 3806 210 53 central
2097 3806 110 52 and

219 3881 269 52 northern
518 3880 317 53 California
867 3881 110 51 and
1004 3880 242 66 Alaska;
1277 3885 96 48 182
1405 3882 283 69 full-page
1715 3883 392 69 illustrations,
2135 3883 73 69 by
