2350 4196
1129 4107 98 49 261

247 542 59 40 40
337 553 43 37 p.
442 540 57 41 25
501 544 44 21 cm
550 574 8 8 .

252 599 218 47 “Family
502 599 195 46 edition,
733 601 94 38 two
861 599 220 40 hundred
1116 600 157 47 copies
1306 601 156 41 1934.”

250 657 251 48 “Symbols
529 656 52 40 of
608 654 295 43 authorities
931 655 156 41 cited”:
1148 668 42 36 p.
1217 659 42 38 4.

185 728 51 52 ©
266 733 110 38 Feb.
405 731 69 48 21,
503 730 114 40 1934;
675 730 67 39 2c.
772 730 111 39 Feb.
911 729 55 38 26;
1027 728 81 43 aff.
1139 731 121 39 Mar.
1290 731 81 42 12;
1403 732 40 38 A
1473 732 170 50 70608;
1675 736 51 39 T.
1759 737 50 39 F.
1841 736 164 49 Davis,
252 731 1907 109 Jacksonville,
500 788 101 39 Fla.
673 786 250 49 (34-5443)

182 891 260 65 DeJong,
472 889 190 54 David
692 888 227 58 Cornel.

247 970 166 65 Belly
453 966 149 53 fulla
639 972 173 48 straw
857 966 109 67 [by]
1009 966 192 53 David
1243 966 206 56 Cornel
1485 971 260 67 DeJong.
1822 972 135 53 New
2008 974 169 68 York,

176 1048 69 51 A.
276 1047 71 52 A.
379 1043 225 69 Knopf,
637 1046 150 52 1934.

249 1115 717 55 5 p. l., 3-321, [1] p. 19½ cm .
251 1176 162 41 “First
434 1174 227 43 edition.”

184 1244 52 52 ©
268 1249 120 38 Mar.
422 1247 70 46 12,
524 1247 141 44 1934;
698 1246 67 39 2c.
798 1246 96 39 and
927 1244 82 40 aff.
1043 1246 122 39 Mar.
1198 1246 82 46 15;
1315 1246 41 39 A
1388 1246 142 40 70684;
1594 1249 55 39 D.
1685 1249 47 40 C.
1767 1249 213 50 DeJong,
251 1244 1909 113 Providence,
437 1304 54 39 R.
519 1305 36 37 I.
627 1300 251 52 (34-5409)

181 1404 278 67 Douglas,
492 1406 146 53 Paul
669 1404 275 65 Howard,
979 1407 171 50 1892-

247 1479 1930 78 The theory of wages, by Paul H. Douglas … New York,
178 1560 122 55 The
325 1559 336 56 Macmillan
690 1577 299 51 company,
1021 1562 151 51 1934.

247 1644 80 39 xx,
386 1634 57 40 639
472 1645 43 37 p.
576 1633 179 48 diagrs.
785 1634 48 47 (1
863 1633 143 48 fold.)
1075 1632 57 40 24
1135 1635 43 21 cm
1183 1665 8 8 .

249 1690 253 47 Awarded,
537 1690 168 39 March
738 1688 71 49 26,
842 1688 127 47 1927,
1004 1689 108 41 first
1143 1689 129 48 prize
1304 1690 49 40 in
1389 1691 81 39 the
1507 1691 136 49 Hart,
1680 1691 254 42 Schaffner
1967 1694 36 39 &
2037 1693 138 42 Marx

182 1745 347 44 international
557 1745 312 49 competition
897 1757 61 29 on
985 1746 98 41 this
1111 1745 188 49 subject.
1374 1746 60 47 cf.
1466 1747 271 42 Foreword.

249 1802 376 50 Bibliography:
656 1812 45 39 p.
736 1801 250 52 [553]-610.

182 1872 51 53 ©
264 1878 120 38 Mar.
413 1876 68 48 13,
510 1875 140 47 1934;
682 1876 66 40 2c.
778 1877 95 38 and
902 1875 79 39 aff.
1015 1876 121 40 Mar.
1166 1877 79 45 14;
1277 1877 41 38 A
1347 1876 169 47 70655;
1549 1877 280 41 Macmillan
1859 1889 67 31 co.

264 1932 279 51 (34-27052)

179 2035 267 67 Driscoll,
475 2038 136 52 Mrs.
641 2037 263 53 Annette
931 2036 221 63 Sophia
1181 2036 262 67 (Hoogs)
1483 2038 168 53 1857-

248 2116 266 66 Literary
545 2121 231 49 convert
806 2133 234 48 women,
1069 2115 74 66 by
1172 2117 249 51 Annette
1453 2117 55 54 S.
1538 2115 276 69 Driscoll;
1848 2118 139 52 with
179 2112 1969 140 preface
309 2194 74 67 by
475 2212 80 34 Rev.
594 2194 182 67 Hugh
813 2194 64 52 F.
917 2193 198 67 Blunt,
1225 2237 8 8 LL.
1314 2235 8 10 D.
1397 2194 375 66 Manchester,
1811 2197 68 51 N.
1919 2198 93 63 H.,
2052 2198 118 52 The

177 2270 336 71 Magnificat
543 2289 172 49 press,
748 2274 147 51 1928.

250 2341 607 53 4 p l., 3-151 p 23½ cm
183 2398 51 52 ©
269 2403 118 38 Nov.
422 2403 39 45 1,
497 2401 140 46 1928;
676 2401 66 40 2c.
779 2401 111 39 Jan.
925 2401 69 45 27,
1031 2399 141 47 1934;
1211 2399 81 40 aff.
1330 2401 111 39 Feb.
1477 2400 82 48 12;
1599 2401 43 42 A
1674 2401 143 39 69555;
1884 2402 207 40 Annette
2131 2404 43 41 S.

250 2459 223 47 Driscoll,
508 2459 212 46 Everett,
754 2459 146 38 Mass.
973 2456 250 49 (34-5312)

180 2562 245 65 Dutton,
455 2563 164 51 Dean
648 2560 228 65 Colfax,
907 2559 171 54 1871-
1291 2577 179 51 comp.

248 2634 1922 78 Quests and conquests … arranged and compiled by Dean C.
177 2711 1969 158 Dutton … [Guthrie, Okla., The Life service publishing company, 1933]
249 2866 99 50 259,
383 2868 100 50 [24],
514 2867 202 40 282-457
751 2878 42 36 p.
854 2868 122 46 port.
1037 2866 55 40 31
1096 2869 44 20 cm
1147 2898 7 7 .

257 2926 255 40 “Includes
553 2925 66 38 all
660 2924 81 40 the
783 2923 228 40 material
1053 2923 51 39 of
1144 2924 80 39 the
1267 2921 217 42 author’s
1526 2925 94 39 two
1662 2923 209 40 editions
1912 2925 51 39 of
2004 2925 171 41 ‘Heart

185 2982 164 41 throbs
377 2982 50 39 of
454 2981 138 40 truth
619 2981 78 40 for
723 2979 88 41 life
837 2978 276 50 building’.”

254 3038 336 42 Contents.—
593 3037 70 49 pt.
700 3035 42 41 1.
778 3037 142 40 Gems
959 3037 50 39 of
1044 3036 256 40 literature
1336 3037 240 46 arranged
1614 3036 49 39 in
1700 3048 87 28 one
1822 3038 218 40 hundred
2080 3039 92 39 and

185 3096 289 48 twenty-one
500 3096 184 38 lessons
710 3094 50 40 in
786 3093 86 40 life
899 3092 365 49 building.—pt.
1289 3092 43 41 2.
1357 3093 101 39 The
1486 3093 230 48 Supreme
1741 3093 300 49 philosophy.

184 3149 50 51 ©
263 3154 116 38 Nov.
408 3151 69 48 20,
506 3152 114 39 1930;
678 3151 67 39 2c.
775 3152 120 38 Mar.
925 3151 67 46 18,
1023 3150 140 46 1933;
1194 3150 81 40 aff.
1307 3150 119 40 Mar.
1458 3151 53 38 17;
1571 3151 39 38 A
1640 3149 167 49 59980;
1841 3148 335 50 Co-operative

253 3210 108 47 pub.
393 3220 82 37 co.,
507 3208 220 46 Guthrie,
760 3207 107 41 Okl.
936 3205 251 50 (34-5306)

182 3312 231 64 Farnol,
445 3311 246 64 Jeffery,
725 3310 171 53 1878-

245 3390 205 54 Winds
476 3387 65 53 of
566 3389 222 65 chance,
815 3388 74 66 by
916 3385 220 69 Jeffery
1162 3384 228 55 Farnol.
1468 3387 232 66 Boston,
1726 3386 193 68 Little,
1948 3390 228 65 Brown,

177 3468 112 52 and
319 3482 298 52 company,
645 3467 149 51 1934.

248 3552 32 28 x
315 3540 85 40 373
421 3550 44 38 p.
525 3538 55 41 19½
612 3541 44 21 cm
662 3570 8 8 .

186 3595 50 51 ©
261 3599 121 38 Mar.
407 3597 68 46 10,
502 3597 113 40 1934;
669 3596 65 38 2c.
762 3596 95 38 and
883 3593 81 42 aff.
992 3594 121 39 Mar.
1139 3594 53 39 13;
1247 3594 40 38 A
1313 3593 169 46 69831;
1511 3593 43 40 J.
1581 3593 192 48 Farnol,
1801 3594 203 40 Preston
2030 3595 143 48 Park,

256 3654 250 49 Brighton,
536 3655 191 42 Sussex,
754 3651 237 47 England.
1066 3649 249 50 (34-5408)

177 3755 253 54 Florida.
504 3757 185 64 Laws,
719 3758 258 61 statutes,
1008 3758 98 48 etc.

251 3837 135 49 1934
424 3830 343 58 cumulative
806 3831 361 68 supplement
1202 3835 59 46 to
1299 3829 94 55 the
1435 3829 296 69 Compiled
1771 3832 228 67 general
2037 3833 136 54 laws

179 3912 62 53 of
277 3912 254 66 Florida,
569 3909 152 66 1927,
756 3909 327 67 embracing
1119 3907 385 53 amendments
1542 3908 111 52 and
1690 3908 288 54 additions
2010 3912 162 52 made

180 3994 34 50 by
292 3992 94 52 the
424 3988 360 69 Legislature
820 3992 60 46 at
915 3986 97 52 the
1049 3987 229 66 regular
1317 3986 237 53 sessions
1593 3986 62 51 of
1698 3989 148 64 1929,
1889 3991 131 49 1931
2061 3990 111 51 and
