2350 4196
1102 4113 96 48 139

147 475 207 65 Minot,
383 474 156 55 John
571 472 175 66 Clair,
779 471 171 54 1872-

219 549 249 55 Rhymes
510 548 62 52 of
616 546 212 56 freckle
873 547 157 68 days,
1073 544 220 55 ballads
1335 544 112 53 and
1491 562 167 50 songs
1700 543 62 52 of
1804 542 95 54 the
1943 542 200 54 earlier

147 647 163 50 years
340 627 186 54 which
559 627 214 53 remain
807 623 226 56 forever
1064 623 170 53 brave
1268 622 113 53 and
1411 620 199 70 bright
1667 620 91 69 [by]
1796 619 155 55 John
1986 618 159 57 Clair

149 703 212 69 Minot;
391 702 323 57 illustrated
741 704 73 67 by
841 701 159 55 Walt
1024 700 222 54 Harris.
1312 698 232 70 Boston,
1568 699 87 53 W.
1685 698 70 57 A.
1784 697 190 55 Wilde
149 716 1971 134 company
383 784 131 51 [1933]

216 854 56 39 64
300 865 43 36 p.
375 852 109 42 incl.
516 852 162 47 front.,
711 851 126 42 illus.
897 850 143 41 19½cm.

149 911 51 51 ©
237 914 126 49 Sept.
398 914 38 48 5,
471 913 139 47 1933;
647 912 65 40 2c.
749 912 106 39 Jan.
892 911 70 47 23,
996 910 141 48 1934;
1175 909 78 41 aff.
1291 910 110 41 Feb.
1438 910 52 47 9;
1527 910 41 40 A
1601 909 170 49 70200;
1810 911 43 40 J.
1891 910 47 41 C.
1975 909 169 48 Minot,

213 972 172 47 Dover,
417 972 147 39 Mass.
636 968 250 49 (34-2480)

150 1073 199 66 Munn,
378 1074 189 54 Orson
595 1072 239 67 Desaix,
865 1076 170 49 1883-
1247 1090 84 35 ed.

216 1149 407 56 Trade-marks
664 1151 111 51 and
819 1149 197 53 unfair
1059 1147 387 72 competition,
1489 1147 189 55 edited
1724 1147 94 53 for
1858 1148 96 54 the
145 1145 1978 136 business

301 1218 1849 87 man by Orson D. Munn … [New York, Printed by the
146 1303 660 58 DeVinne-Hallenbeck
838 1323 298 51 company,
1168 1306 126 66 inc.]
1332 1311 18 21 c
1355 1306 150 51 1934.

215 1379 55 40 88
298 1389 39 36 p.
399 1379 127 40 illus.
586 1377 56 40 23½cm.

151 1433 50 51 ©
235 1437 108 41 Feb.
377 1438 38 47 5,
448 1436 140 43 1934;
623 1436 64 41 2c.
724 1437 93 39 and
850 1436 80 39 aff.
966 1435 109 42 Feb.
1111 1437 50 44 7;
1196 1435 40 40 A
1268 1434 171 49 70188;
1476 1435 51 41 O.
1562 1436 55 39 D.
1653 1436 165 47 Munn,
1852 1435 117 40 New
2003 1435 143 40 York,

241 1489 51 53 [©
321 1504 105 30 new
456 1494 120 48 title,
608 1493 211 42 revision
849 1495 96 38 and
977 1494 344 49 enlargement]
1395 1493 252 48 (34-2555)

148 1597 269 67 Munsell,
446 1600 168 54 Jesse
647 1600 149 63 Guy.

218 1665 1928 85 The healing power of nature, by J. Guy Munsell … examined
152 1752 110 52 and
297 1752 266 54 endorsed
605 1752 70 69 by
709 1753 101 53 Hr.
847 1753 85 52 W.
966 1753 69 53 A.
1073 1751 154 70 Cate,
1317 1798 8 9 M.
1397 1796 9 9 D.
1483 1751 275 72 [Lincoln,
1793 1751 155 71 Neb.,
148 1751 1976 134 Munsell’s

321 1830 234 56 mineral
588 1831 270 67 products
886 1849 97 50 co.,
1012 1838 17 20 c
1035 1835 132 48 1933]

216 1902 86 39 172
332 1913 43 37 p.
435 1901 128 42 illus.
621 1903 57 40 20
681 1905 43 21 cm
730 1936 7 8 .

221 1959 111 41 “8th
364 1958 225 42 edition.”

222 2016 102 41 The
356 2017 177 40 author
567 2019 327 42 recommends
929 2018 193 49 healing
1159 2020 80 39 the
1272 2019 114 41 cells
1421 2021 52 38 of
1506 2021 81 39 the
1618 2021 123 48 body
1777 2022 58 46 by
1868 2022 81 40 the
1982 2032 85 29 use
2098 2022 51 39 of

152 2075 248 39 Munsell’s
435 2072 390 44 mineralization
864 2075 192 43 tablets.

151 2131 50 51 ©
229 2135 108 42 Jan.
365 2138 38 44 1,
430 2136 139 41 1934;
600 2136 65 40 2c.
694 2137 94 38 and
816 2133 80 42 aff.
927 2135 108 41 Jan.
1063 2139 51 42 8;
1144 2135 39 41 A
1210 2134 170 50 70139;
1411 2136 250 42 Munsell’s
1687 2136 206 42 mineral
1922 2137 229 47 products

220 2202 80 38 co.,
335 2191 215 49 Lincoln,
583 2193 112 39 Neb.
779 2187 51 53 [©
863 2202 106 30 new
1002 2194 194 49 matter]
1270 2193 251 50 (34-2474)

151 2280 300 67 Murdock,
485 2281 225 66 George
739 2283 194 65 Peter,
965 2282 171 54 1897-

220 2344 1869 93 Our primitive contemporaries, by George Peter Murdock …
149 2435 137 53 New
314 2434 178 71 York,
520 2436 121 52 The
667 2434 334 57 Macmillan
1029 2454 299 54 company,
1358 2440 152 52 1934.

221 2503 1292 61 xxii p., 1 l., 614 p. front., illus., col. pl. 20½c m .
219 2562 138 51 Maps
384 2576 60 28 on
474 2563 360 51 lining-papers.

222 2617 347 54 Bibliography
594 2623 52 40 at
672 2624 91 38 end
790 2622 54 40 of
868 2624 119 39 each
1012 2622 214 49 chapter.

154 2666 1670 71 © Feb. 6, 1934; 2c. and aff. Feb. 7; A 69335; Macmillan co
228 2734 249 51 (34-2549)

152 2824 198 68 Neale,
380 2827 154 54 John
569 2829 237 65 Ernest,
841 2832 168 49 1890-

222 2902 193 64 Queen
461 2904 321 71 Elizabeth,
830 2908 75 68 by
948 2907 57 55 J.
1050 2909 69 52 E.
1165 2908 190 55 Neale.
1430 2909 141 54 New
1618 2909 179 70 York,
1845 2910 309 69 Harcourt,

155 2982 175 53 Brace
363 2984 113 52 and
509 3001 279 53 company
825 3018 12 34 [
843 2992 17 20 c
865 2988 136 50 1934
1007 3019 11 33 ]

216 3050 1084 62 6 p. l., 3-402 p. front., pl., ports. 22 cm .
218 3112 160 42 “First
408 3114 227 41 edition.”

153 3165 50 51 ©
231 3168 112 42 Feb.
368 3171 40 47 5,
434 3170 140 44 1934;
603 3171 66 42 2c.
697 3174 95 40 and
819 3172 80 41 aff.
928 3173 110 41 Feb.
1067 3175 51 46 8;
1148 3174 40 42 A
1215 3175 169 50 70157;
1414 3177 262 48 Harcourt,
1706 3179 155 40 Brace
1888 3179 36 41 &
1952 3190 79 31 co.,
2062 3179 88 40 inc.

230 3225 249 51 (34-2445)

153 3314 145 54 New
329 3316 228 66 Jersey.
630 3318 376 69 Legislature.

284 3384 1867 99 … Manual of the Legislature of New Jersey. 158th session,
158 3461 1993 100 1934. By authority of the Legislature … John P. Dullard,
156 3550 285 67 compiler,
526 3558 262 63 irenton,
819 3555 69 53 N.
920 3557 54 52 J.
1012 3555 398 66 [MacCrellish
1441 3562 45 49 &
1516 3559 248 68 Quigley
1793 3579 98 46 co.,
1923 3564 134 48 1934]

222 3619 972 59 v, 704 p. front. (port.) illus. 17 cm .
157 3662 1992 86 © Jan. 27, 1934; 2c. and aff. Jan. 29; A 69226; Josephine A. Fitzgerald,
228 3735 226 45 Trenton,
533 3770 6 7 N.
574 3738 42 40 J.

157 3820 324 61 Oklahoma
513 3827 187 68 digest
733 3831 112 52 and
876 3834 213 52 statute
1121 3834 238 69 service;
1397 3856 30 32 a
1459 3839 213 53 service
1705 3839 184 53 which
225 3842 1902 116 supplements

442 3906 93 52 the
572 3905 183 70 digest
794 3909 111 53 and
941 3915 212 50 statute
1188 3913 380 56 annotations.
1644 3918 143 51 Part
1843 3918 128 52 I—A
227 3935 1899 111 complete
410 3982 186 69 digest
630 3984 64 55 of
727 3985 94 52 the
855 3996 228 46 current
1119 3989 321 58 Oklahoma
1475 4009 177 52 cases;
1689 4000 133 62 part
1856 3995 293 55 ii—Notes
