2350 4196
1209 4022 131 50 1354

285 393 278 68 Baldwin,
600 398 167 53 Clare
803 395 261 65 Charles,
1101 399 168 49 1904-

362 474 411 67 Organization
844 474 111 53 and
1025 472 459 55 administration
1553 470 62 53 of
1683 469 591 69 substitute-teaching

288 545 1926 76 service in city school systems, by Clare Charles Baldwin …
290 626 138 53 New
466 628 162 52 York
666 627 132 69 city,
834 628 276 54 Teachers
1149 629 224 66 college,
1414 625 297 57 Columbia
1752 626 334 67 university,
2125 629 148 50 1934.

360 700 67 39 vii
464 711 57 37 p.,
560 700 26 39 1
642 732 22 15 l.,
703 701 82 39 115
822 712 42 37 p.
905 702 108 40 incl.
1051 701 165 41 forms.
1276 699 56 39 23½
1365 701 42 20 cm
1413 731 8 7 .
1499 699 262 47 (Teachers
1797 698 191 49 college,
2026 701 247 40 Columbia

292 753 282 50 university.
633 755 363 43 Contributions
1028 761 49 37 to
1103 757 268 45 education,
1400 767 75 29 no.
1504 756 109 47 615)

364 811 1910 53 “The survey … which supplied the primary data used in this study
294 878 99 32 was
433 871 260 48 sponsored
732 871 59 47 by
831 872 81 39 the
950 871 178 40 United
1171 869 160 41 States
1371 869 142 41 Office
1551 868 51 42 of
1640 869 257 41 education
1937 881 53 29 as
2030 881 25 29 a
2099 872 175 48 special

293 926 147 49 phase
474 927 50 40 of
559 928 82 40 the
674 926 231 43 National
937 938 174 36 survey
1146 927 49 40 of
1230 927 80 40 the
1345 925 256 42 education
1636 926 48 40 of
1717 928 371 49 teachers.’’—p.
2122 929 40 39 3.

363 982 169 42 Issued
561 985 101 39 also
692 994 53 30 as
773 984 152 42 thesis
963 983 105 47 (PH.
1129 986 33 46 D.)
1200 981 248 42 Columbia
1476 982 285 48 university.

363 1040 372 49 Bibliography:
768 1051 43 39 p.
844 1039 186 42 99-101.

296 1093 1982 57 © July 13, 1934; 2c. Aug. 24; aff. Aug. 27; A 75068; C. C. Baldwin, New
363 1155 143 40 York.
578 1154 277 48 (34-34037)

287 1245 292 65 Barrows,
609 1245 302 65 Marjorie.

360 1324 148 50 Ezra
545 1322 95 52 the
678 1320 281 69 elephant,
997 1324 74 65 by
1107 1320 274 69 Marjorie
1421 1323 293 57 Barrows;
1756 1321 247 68 pictures
2039 1324 73 66 by
2151 1325 124 51 Nell

292 1398 165 68 Stolp
495 1398 219 55 Smock.
791 1399 137 52 New
964 1400 175 51 York.
1175 1398 229 55 Grosset
1441 1399 111 54 and
1585 1400 253 66 Dunlap,
1872 1407 18 20 c
1897 1403 146 49 1934.

365 1470 998 52 [41] p. illus. (part col.) 21½ × 20 cm .
362 1528 289 40 Illustrated
678 1530 97 45 t.-p.
803 1528 95 41 and
925 1528 346 46 lining-papers
1296 1529 49 38 in
1372 1528 168 41 colors.

298 1581 1979 55 © Oct. 15, 1934; 2c. and aff. Oct. 17; A 76583; Grosset & Dunlap, inc.
376 1641 278 49 (34-34017)

287 1713 249 68 Benson,
572 1717 252 54 Edward
859 1717 290 65 Frederic,
1186 1720 168 51 1867-

362 1793 242 53 Ravens’
654 1793 194 67 brood,
899 1795 75 66 by
1025 1795 66 51 E.
1146 1796 63 50 F.
1268 1796 235 52 Benson.
1581 1794 230 54 Garden
1867 1794 150 68 City,
2068 1797 68 51 N.
2191 1798 87 66 Y.,

291 1870 353 68 Doubleday,
672 1871 196 52 Doran
897 1874 45 49 &
969 1889 293 49 company,
1290 1872 125 66 inc.,
1445 1874 150 50 1934.

363 1942 968 51 4 p. l., vii-xiv p., 1 l., 301 p. 19½ cm .
365 2000 161 40 “First
555 2000 225 41 edition.”

300 2050 1980 60 © Oct. 10, 1934; 2c. and aff. Oct. 18; A 76628; Doubleday, Doran & co.,
366 2114 89 40 inc.
527 2114 277 46 (34-34011)

289 2187 251 66 Benson,
638 2209 85 33 Hon.
757 2189 321 65 Theodora,
1115 2196 167 49 1906-

368 2263 242 55 Concert
640 2264 176 68 pitch,
848 2265 75 69 by
954 2266 297 52 Theodora
1285 2268 240 52 Benson.
1589 2269 136 51 New
1762 2268 179 69 York,
1974 2270 121 52 The
295 2266 1963 131 Macmillan
524 2359 295 50 company,
851 2344 150 52 1934.

367 2411 85 42 287
479 2424 43 37 p.
582 2414 55 40 20
642 2417 42 21 cm
690 2447 8 7 .

300 2466 1659 57 © Oct. 23, 1934; 2c. and aff. Oct. 24; A 76729; Macmillan co.
377 2529 279 49 (34-34590)

290 2601 161 66 Bird,
483 2603 269 57 Zenobia.

371 2680 1903 76 Sally Jo, by Zenobia Bird … New York, London [etc.]
299 2757 262 69 Fleming
588 2759 76 53 H.
697 2759 197 53 Revell
926 2778 234 50 company
1234 2797 11 32 [
1251 2769 17 21 c
1274 2768 148 62 1934]

369 2828 85 42 216
482 2840 42 37 p.
614 2831 54 40 194
672 2834 43 21 cm
721 2863 8 9 .

303 2882 1923 61 © Oct. 13. 1934; 2c. and aff. Oct. 20; A 75881; Fleming H. Revell co.
380 2945 278 46 (34-34423)

293 3015 239 68 Borton,
567 3019 324 67 Elizabeth,
927 3026 169 50 1904-

431 3097 1789 78 … Pollyanna’s castle in Mexico, by Elizabeth Borton …
298 3169 323 58 illustrated
658 3176 76 65 by
770 3177 224 53 Harold
1038 3180 131 53 Cue.
1246 3184 229 65 Boston,
1514 3186 64 51 L.
1620 3185 63 54 C.
1724 3185 155 58 Page
1919 3188 44 48 &
2003 3202 237 49 company

305 3282 13 34 [
323 3254 18 22 c
346 3253 150 65 1934]

372 3333 31 27 x
429 3333 56 37 p.,
512 3325 24 37 1
583 3355 21 16 l.,
631 3324 84 39 322
741 3335 41 36 p.
843 3324 146 43 front.
1050 3327 55 40 19½
1137 3331 41 20 cm
1185 3360 7 7 .
1256 3331 113 47 [The
1396 3334 110 46 glad
1533 3334 161 49 books]

371 3378 63 37 At
459 3380 123 39 head
607 3380 51 40 of
683 3381 133 40 title:
843 3383 100 39 The
969 3384 164 48 eighth
1160 3388 107 45 glad
1296 3388 134 41 book.

373 3433 160 43 “First
560 3436 298 51 impression,
889 3440 215 45 October,
1134 3442 153 42 1934.”

304 3487 1978 60 © Oct. 10. 1934; 2c. Oct. 18; aff. Oct. 12; A 75851; L. C. Page & co., inc.
380 3548 277 48 (34-34426)

293 3618 242 69 Bowles,
565 3623 213 68 Oliver,
810 3627 169 54 1877-

301 3696 1960 163 The stone industries; dimension stone, crushed stone, geology, technology, distribution, utilization, by Oliver Bowles …
304 3855 79 48 1st
414 3853 82 51 ed.
564 3853 136 53 New
733 3855 161 55 York
924 3860 109 51 and
1066 3860 254 69 London,
1352 3865 431 55 McGraw-Hill
1813 3866 145 54 book
1991 3881 294 52 company,

297 3926 91 55 inc.,
457 3931 149 53 1934.
