<alto xmlns="http://www.loc.gov/standards/alto/ns-v3#" xmlns:xsi="http://www.w3.org/2001/XMLSchema-instance" xsi:schemaLocation="http://www.loc.gov/standards/alto/ns-v3# http://www.loc.gov/alto/v3/alto-3-0.xsd"><Description>
<MeasurementUnit>pixel</MeasurementUnit>
<sourceImageInformation>
<fileName>1934_v1_Part1.pdf</fileName>
</sourceImageInformation>
<OCRProcessing ID="IdOcr">
<ocrProcessingStep>
<processingDateTime>2019-01-10</processingDateTime>
<processingSoftware>
<softwareCreator>ABBYY</softwareCreator>
<softwareName>ABBYY Recognition Server</softwareName>
<softwareVersion>4.0</softwareVersion>
</processingSoftware>
</ocrProcessingStep>
</OCRProcessing>
</Description>
<Styles>
<ParagraphStyle ALIGN="Left" FIRSTLINE="0." ID="StyleId-FFFFFFFF-FFFF-FFFF-FFFF-FFFFFFFFFFFF-" LEFT="0." RIGHT="0." />
<ParagraphStyle ALIGN="Right" FIRSTLINE="0." ID="StyleId-521E1FC6-FE7E-43A4-90E6-A9B61626A263-" LEFT="0." LINESPACE="13.30000019" RIGHT="0." />
<ParagraphStyle ALIGN="Left" FIRSTLINE="-27." ID="StyleId-639B624E-F6F5-47B6-BB1D-34E64B53022F-" LEFT="0." LINESPACE="13.43999958" RIGHT="0." />
<ParagraphStyle ALIGN="Left" FIRSTLINE="0." ID="StyleId-100905F9-D385-406B-A5BD-ED5B8FD85431-" LEFT="0." RIGHT="0." />
<ParagraphStyle ALIGN="Left" FIRSTLINE="-27." ID="StyleId-7C9F9BA2-EF3A-4B7F-8486-CCC7B7F49B39-" LEFT="0." LINESPACE="18.71999931" RIGHT="0." />
<ParagraphStyle ALIGN="Block" FIRSTLINE="-27." ID="StyleId-350780E3-60F2-4605-88F5-BB54F9B87091-" LEFT="0." LINESPACE="18.71999931" RIGHT="0." />
<ParagraphStyle ALIGN="Left" FIRSTLINE="0." ID="StyleId-90B16C58-D795-4C77-9B89-30378C515D40-" LEFT="0." LINESPACE="14.39999962" RIGHT="0." />
<ParagraphStyle ALIGN="Right" FIRSTLINE="-27." ID="StyleId-17090E09-AFAF-4086-BD9B-4E99FAE6B057-" LEFT="0." LINESPACE="14.39999962" RIGHT="0." />
<ParagraphStyle ALIGN="Left" FIRSTLINE="-27." ID="StyleId-8B87B633-89DB-4D72-B1FC-26E4ABD680BC-" LEFT="0." LINESPACE="18.47999954" RIGHT="0." />
<ParagraphStyle ALIGN="Left" FIRSTLINE="0." ID="StyleId-42DA7417-CA90-4D71-A57B-06556C38D752-" LEFT="0." LINESPACE="13.30000019" RIGHT="0." />
<ParagraphStyle ALIGN="Block" FIRSTLINE="0." ID="StyleId-D8EE2A7E-42AE-4E35-98DB-F0F935637AA0-" LEFT="0." LINESPACE="6.599999905" RIGHT="0." />
<ParagraphStyle ALIGN="Left" FIRSTLINE="0." ID="StyleId-33CD3121-D4F5-43B6-BA96-6382D166E6B8-" LEFT="0." LINESPACE="15.5" RIGHT="0." />
<ParagraphStyle ALIGN="Block" FIRSTLINE="-21." ID="StyleId-1CE52AFA-C319-4DD9-B4B1-F0EBFA2B3F0B-" LEFT="0." LINESPACE="18.71999931" RIGHT="0." />
<ParagraphStyle ALIGN="Left" FIRSTLINE="0." ID="StyleId-B74F1B65-92F1-49C5-A5FA-D20442F031F2-" LEFT="0." LINESPACE="17.70006076" RIGHT="0." />
<ParagraphStyle ALIGN="Center" FIRSTLINE="0." ID="StyleId-79E2924A-215C-40B7-B577-7236BFBAA25E-" LEFT="0." LINESPACE="7.199999809" RIGHT="0." />
</Styles>
<Layout>
<Page HEIGHT="4196" ID="Page114" PHYSICAL_IMG_NR="114" WIDTH="2350">
<TopMargin HEIGHT="360" HPOS="0" VPOS="0" WIDTH="2350">
</TopMargin>
<LeftMargin HEIGHT="3619" HPOS="0" VPOS="360" WIDTH="215">
</LeftMargin>
<RightMargin HEIGHT="3619" HPOS="2225" VPOS="360" WIDTH="125">
</RightMargin>
<BottomMargin HEIGHT="217" HPOS="0" VPOS="3979" WIDTH="2350">
<TextBlock HEIGHT="58" HPOS="1157" ID="Page114_Block1" LANG="en-US" STYLEREFS="StyleId-6CBDF29F-B3F7-4DB4-85B7-85E1CFC3703F-" VPOS="3991" WIDTH="111">
<TextLine HEIGHT="46" HPOS="1163" VPOS="3997" WIDTH="99">
<String CONTENT="114" HEIGHT="46" HPOS="1163" VPOS="3997" WIDTH="99" />
</TextLine>
</TextBlock>
</BottomMargin>
<PrintSpace HEIGHT="3619" HPOS="215" VPOS="360" WIDTH="2010">
<TextBlock CS="1" HEIGHT="3619" HPOS="215" ID="Page114_Block2" LANG="en-US" STYLEREFS="StyleId-B00795B6-20C6-42FF-82F2-73C0A806B8DA-" VPOS="360" WIDTH="2010">
<TextLine CS="1" HEIGHT="49" HPOS="321" VPOS="437" WIDTH="1884">
<String CONTENT="&quot;The" CS="1" HEIGHT="39" HPOS="321" VPOS="437" WIDTH="100" />
<SP HEIGHT="40" HPOS="422" VPOS="437" WIDTH="37" />
<String CONTENT="Constitution" HEIGHT="41" HPOS="460" VPOS="437" WIDTH="329" />
<SP HEIGHT="27" HPOS="790" VPOS="450" WIDTH="37" />
<String CONTENT="of" HEIGHT="38" HPOS="828" VPOS="439" WIDTH="49" />
<SP HEIGHT="39" HPOS="878" VPOS="439" WIDTH="36" />
<String CONTENT="the" HEIGHT="39" HPOS="915" VPOS="440" WIDTH="81" />
<SP HEIGHT="39" HPOS="997" VPOS="440" WIDTH="36" />
<String CONTENT="United" HEIGHT="40" HPOS="1034" VPOS="439" WIDTH="177" />
<SP HEIGHT="39" HPOS="1212" VPOS="440" WIDTH="39" />
<String CONTENT="States" HEIGHT="39" HPOS="1252" VPOS="440" WIDTH="161" />
<SP HEIGHT="29" HPOS="1414" VPOS="449" WIDTH="36" />
<String CONTENT="of" HEIGHT="38" HPOS="1451" VPOS="440" WIDTH="49" />
<SP HEIGHT="39" HPOS="1501" VPOS="439" WIDTH="34" />
<String CONTENT="America" HEIGHT="40" HPOS="1536" VPOS="438" WIDTH="223" />
<SP HEIGHT="29" HPOS="1760" VPOS="449" WIDTH="39" />
<String CONTENT="&#8230;" CS="1" />
<SP HEIGHT="28" HPOS="1845" VPOS="449" WIDTH="39" />
<String CONTENT="showing" HEIGHT="48" HPOS="1885" VPOS="438" WIDTH="218" />
<SP HEIGHT="37" HPOS="2104" VPOS="449" WIDTH="35" />
<String CONTENT="all" HEIGHT="39" HPOS="2140" VPOS="439" WIDTH="65" />
</TextLine>
<TextLine HEIGHT="49" HPOS="222" VPOS="493" WIDTH="1981">
<String CONTENT="portions" HEIGHT="48" HPOS="222" VPOS="493" WIDTH="215" />
<SP HEIGHT="29" HPOS="438" VPOS="504" WIDTH="44" />
<String CONTENT="of" HEIGHT="38" HPOS="483" VPOS="495" WIDTH="50" />
<SP HEIGHT="39" HPOS="534" VPOS="495" WIDTH="43" />
<String CONTENT="the" HEIGHT="38" HPOS="578" VPOS="496" WIDTH="82" />
<SP HEIGHT="28" HPOS="661" VPOS="505" WIDTH="44" />
<String CONTENT="original" HEIGHT="47" HPOS="706" VPOS="495" WIDTH="205" />
<SP HEIGHT="40" HPOS="912" VPOS="495" WIDTH="46" />
<String CONTENT="Constitution" HEIGHT="40" HPOS="959" VPOS="495" WIDTH="328" />
<SP HEIGHT="26" HPOS="1288" VPOS="508" WIDTH="44" />
<String CONTENT="which" HEIGHT="40" HPOS="1333" VPOS="495" WIDTH="156" />
<SP HEIGHT="37" HPOS="1490" VPOS="497" WIDTH="44" />
<String CONTENT="have" HEIGHT="38" HPOS="1535" VPOS="497" WIDTH="122" />
<SP HEIGHT="39" HPOS="1658" VPOS="496" WIDTH="43" />
<String CONTENT="become" HEIGHT="38" HPOS="1702" VPOS="496" WIDTH="190" />
<SP HEIGHT="29" HPOS="1893" VPOS="505" WIDTH="43" />
<String CONTENT="obsolete&#8221;:" HEIGHT="39" HPOS="1937" VPOS="496" WIDTH="266" />
</TextLine>
<TextLine CS="1" HEIGHT="48" HPOS="222" VPOS="552" WIDTH="293">
<String CONTENT="p." HEIGHT="37" HPOS="222" VPOS="561" WIDTH="41" />
<SP HEIGHT="30" HPOS="264" VPOS="570" WIDTH="33" />
<String CONTENT="[79]-118." CS="1" HEIGHT="48" HPOS="298" VPOS="552" WIDTH="217" />
</TextLine>
<TextLine CS="1" HEIGHT="51" HPOS="224" VPOS="623" WIDTH="1984">
<String CONTENT="&#169;" HEIGHT="51" HPOS="224" VPOS="623" WIDTH="50" />
<SP HEIGHT="51" HPOS="275" VPOS="623" WIDTH="24" />
<String CONTENT="Jan." HEIGHT="38" HPOS="300" VPOS="628" WIDTH="107" />
<SP HEIGHT="37" HPOS="408" VPOS="628" WIDTH="22" />
<String CONTENT="13." HEIGHT="39" HPOS="431" VPOS="628" WIDTH="67" />
<SP HEIGHT="39" HPOS="499" VPOS="628" WIDTH="23" />
<String CONTENT="1934;" HEIGHT="46" HPOS="523" VPOS="627" WIDTH="140" />
<SP HEIGHT="46" HPOS="664" VPOS="627" WIDTH="24" />
<String CONTENT="2c." HEIGHT="38" HPOS="689" VPOS="627" WIDTH="66" />
<SP HEIGHT="38" HPOS="756" VPOS="627" WIDTH="25" />
<String CONTENT="Jan." HEIGHT="38" HPOS="782" VPOS="627" WIDTH="107" />
<SP HEIGHT="38" HPOS="890" VPOS="627" WIDTH="23" />
<String CONTENT="22;" CS="1" HEIGHT="37" HPOS="914" VPOS="627" WIDTH="55" />
<SP HEIGHT="28" HPOS="996" VPOS="637" WIDTH="27" />
<String CONTENT="aff." HEIGHT="39" HPOS="1024" VPOS="626" WIDTH="79" />
<SP HEIGHT="38" HPOS="1104" VPOS="627" WIDTH="25" />
<String CONTENT="Jan." HEIGHT="38" HPOS="1130" VPOS="627" WIDTH="105" />
<SP HEIGHT="37" HPOS="1236" VPOS="627" WIDTH="25" />
<String CONTENT="20;" HEIGHT="46" HPOS="1262" VPOS="626" WIDTH="82" />
<SP HEIGHT="44" HPOS="1345" VPOS="628" WIDTH="25" />
<String CONTENT="A" HEIGHT="36" HPOS="1371" VPOS="628" WIDTH="41" />
<SP HEIGHT="37" HPOS="1413" VPOS="627" WIDTH="22" />
<String CONTENT="70040;" HEIGHT="41" HPOS="1436" VPOS="625" WIDTH="169" />
<SP HEIGHT="39" HPOS="1606" VPOS="627" WIDTH="27" />
<String CONTENT="Maud" HEIGHT="38" HPOS="1634" VPOS="626" WIDTH="149" />
<SP HEIGHT="40" HPOS="1784" VPOS="625" WIDTH="26" />
<String CONTENT="Smith" HEIGHT="41" HPOS="1811" VPOS="624" WIDTH="156" />
<SP HEIGHT="37" HPOS="1968" VPOS="626" WIDTH="23" />
<String CONTENT="Atwood," HEIGHT="46" HPOS="1992" VPOS="626" WIDTH="216" />
</TextLine>
<TextLine HEIGHT="48" HPOS="289" VPOS="683" WIDTH="544">
<String CONTENT="Chicago." HEIGHT="47" HPOS="289" VPOS="683" WIDTH="221" />
<SP HEIGHT="46" HPOS="511" VPOS="684" WIDTH="73" />
<String CONTENT="(34-2214)" HEIGHT="47" HPOS="585" VPOS="684" WIDTH="248" />
</TextLine>
<TextLine CS="1" HEIGHT="54" HPOS="222" STYLEREFS="StyleId-F2DC0B36-8C50-4EC6-BBC7-F2CEEF1C4670-" VPOS="801" WIDTH="1818">
<String CONTENT="Automobile" HEIGHT="53" HPOS="222" VPOS="801" WIDTH="373" />
<SP HEIGHT="36" HPOS="596" VPOS="819" WIDTH="30" />
<String CONTENT="club" HEIGHT="53" HPOS="627" VPOS="802" WIDTH="128" />
<SP HEIGHT="52" HPOS="756" VPOS="802" WIDTH="31" />
<String CONTENT="of" HEIGHT="51" HPOS="788" VPOS="803" WIDTH="62" />
<SP HEIGHT="52" HPOS="851" VPOS="803" WIDTH="29" />
<String CONTENT="Southern" HEIGHT="53" HPOS="881" VPOS="802" WIDTH="295" />
<SP HEIGHT="52" HPOS="1177" VPOS="803" WIDTH="31" />
<String CONTENT="California." HEIGHT="54" HPOS="1209" VPOS="801" WIDTH="341" />
<SP HEIGHT="51" HPOS="1551" VPOS="803" WIDTH="71" />
<String CONTENT="License" HEIGHT="53" HPOS="1623" VPOS="802" WIDTH="232" />
<SP HEIGHT="53" HPOS="1856" VPOS="801" WIDTH="30" />
<String CONTENT="dept." CS="1" HEIGHT="53" HPOS="1887" VPOS="801" WIDTH="153" />
</TextLine>
<TextLine HEIGHT="70" HPOS="293" STYLEREFS="StyleId-749B06B9-F92B-4192-9CF4-CDEE1656A43B-" VPOS="875" WIDTH="1916">
<String CONTENT="Summary" HEIGHT="69" HPOS="293" VPOS="876" WIDTH="302" />
<SP HEIGHT="49" HPOS="596" VPOS="896" WIDTH="27" />
<String CONTENT="of" HEIGHT="52" HPOS="624" VPOS="877" WIDTH="62" />
<SP HEIGHT="52" HPOS="687" VPOS="877" WIDTH="23" />
<String CONTENT="motor" HEIGHT="46" HPOS="711" VPOS="884" WIDTH="182" />
<SP HEIGHT="32" HPOS="894" VPOS="896" WIDTH="26" />
<String CONTENT="vehicle" HEIGHT="55" HPOS="921" VPOS="876" WIDTH="213" />
<SP HEIGHT="35" HPOS="1135" VPOS="896" WIDTH="26" />
<String CONTENT="acts," HEIGHT="62" HPOS="1162" VPOS="883" WIDTH="131" />
<SP HEIGHT="64" HPOS="1294" VPOS="881" WIDTH="28" />
<String CONTENT="1934," HEIGHT="65" HPOS="1323" VPOS="880" WIDTH="151" />
<SP HEIGHT="68" HPOS="1475" VPOS="877" WIDTH="23" />
<String CONTENT="United" HEIGHT="54" HPOS="1499" VPOS="876" WIDTH="217" />
<SP HEIGHT="54" HPOS="1717" VPOS="875" WIDTH="26" />
<String CONTENT="States," HEIGHT="67" HPOS="1744" VPOS="875" WIDTH="205" />
<SP HEIGHT="66" HPOS="1950" VPOS="876" WIDTH="25" />
<String CONTENT="Alaska," HEIGHT="67" HPOS="1976" VPOS="876" WIDTH="233" />
</TextLine>
<TextLine CS="1" HEIGHT="148" HPOS="223" STYLEREFS="StyleId-749B06B9-F92B-4192-9CF4-CDEE1656A43B-" VPOS="953" WIDTH="1987">
<String CONTENT="Hawaii," HEIGHT="68" HPOS="223" VPOS="954" WIDTH="246" />
<SP HEIGHT="67" HPOS="470" VPOS="955" WIDTH="38" />
<String CONTENT="Panama" HEIGHT="53" HPOS="509" VPOS="955" WIDTH="252" />
<SP HEIGHT="34" HPOS="762" VPOS="974" WIDTH="38" />
<String CONTENT="canal" HEIGHT="52" HPOS="801" VPOS="956" WIDTH="159" />
<SP HEIGHT="50" HPOS="961" VPOS="956" WIDTH="37" />
<String CONTENT="zone" HEIGHT="35" HPOS="999" VPOS="973" WIDTH="135" />
<SP HEIGHT="34" HPOS="1135" VPOS="975" WIDTH="38" />
<String CONTENT="and" HEIGHT="54" HPOS="1174" VPOS="955" WIDTH="111" />
<SP HEIGHT="54" HPOS="1286" VPOS="954" WIDTH="39" />
<String CONTENT="Canadian" HEIGHT="54" HPOS="1326" VPOS="954" WIDTH="295" />
<SP HEIGHT="50" HPOS="1622" VPOS="972" WIDTH="39" />
<String CONTENT="provinces." HEIGHT="68" HPOS="1662" VPOS="954" WIDTH="307" />
<SP HEIGHT="55" HPOS="1970" VPOS="953" WIDTH="77" />
<String CONTENT="Compiled" HEIGHT="147" HPOS="224" VPOS="953" WIDTH="1963" />
<SP HEIGHT="54" HPOS="379" VPOS="1032" WIDTH="46" />
<String CONTENT="by" HEIGHT="68" HPOS="426" VPOS="1032" WIDTH="71" />
<SP HEIGHT="67" HPOS="498" VPOS="1033" WIDTH="45" />
<String CONTENT="License" HEIGHT="54" HPOS="544" VPOS="1032" WIDTH="228" />
<SP HEIGHT="53" HPOS="773" VPOS="1033" WIDTH="46" />
<String CONTENT="department," HEIGHT="68" HPOS="820" VPOS="1033" WIDTH="371" />
<SP HEIGHT="68" HPOS="1192" VPOS="1033" WIDTH="43" />
<String CONTENT="Automobile" HEIGHT="53" HPOS="1236" VPOS="1032" WIDTH="362" />
<SP HEIGHT="35" HPOS="1599" VPOS="1050" WIDTH="46" />
<String CONTENT="club" HEIGHT="52" HPOS="1646" VPOS="1032" WIDTH="124" />
<SP HEIGHT="52" HPOS="1771" VPOS="1032" WIDTH="47" />
<String CONTENT="of" HEIGHT="52" HPOS="1819" VPOS="1032" WIDTH="63" />
<SP HEIGHT="54" HPOS="1883" VPOS="1032" WIDTH="44" />
<String CONTENT="Southern" HEIGHT="54" HPOS="1928" VPOS="1032" WIDTH="282" />
</TextLine>
<TextLine HEIGHT="69" HPOS="226" STYLEREFS="StyleId-749B06B9-F92B-4192-9CF4-CDEE1656A43B-" VPOS="1109" WIDTH="1044">
<String CONTENT="California." HEIGHT="56" HPOS="226" VPOS="1109" WIDTH="335" />
<SP HEIGHT="33" HPOS="562" VPOS="1145" WIDTH="76" />
<String CONTENT="[Los" HEIGHT="67" HPOS="639" VPOS="1111" WIDTH="127" />
<SP HEIGHT="52" HPOS="767" VPOS="1111" WIDTH="32" />
<String CONTENT="Angeles]" HEIGHT="68" HPOS="800" VPOS="1110" WIDTH="261" />
<SP HEIGHT="59" HPOS="1062" VPOS="1118" WIDTH="38" />
<String CONTENT="c" HEIGHT="21" HPOS="1101" STYLE="superscript" VPOS="1118" WIDTH="17" />
<String CONTENT="1934." HEIGHT="49" HPOS="1123" VPOS="1112" WIDTH="147" />
</TextLine>
<TextLine CS="1" HEIGHT="49" HPOS="293" VPOS="1181" WIDTH="759">
<String CONTENT="144" HEIGHT="39" HPOS="293" VPOS="1182" WIDTH="87" />
<SP HEIGHT="48" HPOS="381" VPOS="1182" WIDTH="24" />
<String CONTENT="p." HEIGHT="37" HPOS="406" VPOS="1193" WIDTH="43" />
<SP HEIGHT="40" HPOS="450" VPOS="1182" WIDTH="55" />
<String CONTENT="illus." HEIGHT="41" HPOS="506" VPOS="1182" WIDTH="126" />
<SP HEIGHT="40" HPOS="633" VPOS="1183" WIDTH="56" />
<String CONTENT="18" HEIGHT="40" HPOS="690" VPOS="1183" WIDTH="57" />
<String CONTENT="cm" HEIGHT="21" HPOS="748" STYLE="superscript" VPOS="1184" WIDTH="44" />
<String CONTENT="." HEIGHT="8" HPOS="798" VPOS="1214" WIDTH="6" />
<SP />
<String CONTENT="$1.00" HEIGHT="49" HPOS="922" VPOS="1181" WIDTH="130" />
</TextLine>
<TextLine CS="1" HEIGHT="51" HPOS="226" VPOS="1253" WIDTH="1986">
<String CONTENT="&#169;" HEIGHT="51" HPOS="226" VPOS="1253" WIDTH="50" />
<SP HEIGHT="51" HPOS="277" VPOS="1253" WIDTH="39" />
<String CONTENT="Jan." HEIGHT="39" HPOS="317" VPOS="1258" WIDTH="107" />
<SP HEIGHT="36" HPOS="425" VPOS="1259" WIDTH="38" />
<String CONTENT="16," HEIGHT="45" HPOS="464" VPOS="1258" WIDTH="67" />
<SP HEIGHT="44" HPOS="532" VPOS="1259" WIDTH="38" />
<String CONTENT="1934;" CS="1" HEIGHT="39" HPOS="571" VPOS="1257" WIDTH="114" />
<SP HEIGHT="47" HPOS="711" VPOS="1257" WIDTH="38" />
<String CONTENT="2c." HEIGHT="39" HPOS="750" VPOS="1257" WIDTH="65" />
<SP HEIGHT="28" HPOS="816" VPOS="1268" WIDTH="40" />
<String CONTENT="and" HEIGHT="38" HPOS="857" VPOS="1258" WIDTH="95" />
<SP HEIGHT="38" HPOS="953" VPOS="1258" WIDTH="36" />
<String CONTENT="aff." HEIGHT="41" HPOS="990" VPOS="1256" WIDTH="81" />
<SP HEIGHT="40" HPOS="1072" VPOS="1257" WIDTH="39" />
<String CONTENT="Jan." HEIGHT="39" HPOS="1112" VPOS="1257" WIDTH="107" />
<SP HEIGHT="39" HPOS="1220" VPOS="1257" WIDTH="37" />
<String CONTENT="23;" HEIGHT="46" HPOS="1258" VPOS="1257" WIDTH="81" />
<SP HEIGHT="46" HPOS="1340" VPOS="1257" WIDTH="40" />
<String CONTENT="A" HEIGHT="38" HPOS="1381" VPOS="1257" WIDTH="41" />
<SP HEIGHT="39" HPOS="1423" VPOS="1256" WIDTH="36" />
<String CONTENT="68952;" HEIGHT="47" HPOS="1460" VPOS="1256" WIDTH="169" />
<SP HEIGHT="46" HPOS="1630" VPOS="1257" WIDTH="39" />
<String CONTENT="Automobile" HEIGHT="40" HPOS="1670" VPOS="1257" WIDTH="305" />
<SP HEIGHT="28" HPOS="1976" VPOS="1269" WIDTH="38" />
<String CONTENT="club" HEIGHT="40" HPOS="2015" VPOS="1257" WIDTH="106" />
<SP HEIGHT="39" HPOS="2122" VPOS="1258" WIDTH="37" />
<String CONTENT="of" HEIGHT="40" HPOS="2160" VPOS="1257" WIDTH="52" />
</TextLine>
<TextLine CS="1" HEIGHT="47" HPOS="293" VPOS="1313" WIDTH="1827">
<String CONTENT="Southern" HEIGHT="40" HPOS="293" VPOS="1314" WIDTH="240" />
<SP HEIGHT="39" HPOS="534" VPOS="1315" WIDTH="33" />
<String CONTENT="California," HEIGHT="47" HPOS="568" VPOS="1313" WIDTH="285" />
<SP HEIGHT="46" HPOS="854" VPOS="1314" WIDTH="34" />
<String CONTENT="Los" HEIGHT="39" HPOS="889" VPOS="1314" WIDTH="92" />
<SP HEIGHT="38" HPOS="982" VPOS="1315" WIDTH="31" />
<String CONTENT="Angeles." HEIGHT="46" HPOS="1014" VPOS="1314" WIDTH="218" />
<SP HEIGHT="46" HPOS="1233" VPOS="1314" WIDTH="70" />
<String CONTENT="(34-2469)" CS="1" HEIGHT="47" HPOS="1304" VPOS="1313" WIDTH="816" />
</TextLine>
<TextLine HEIGHT="66" HPOS="223" STYLEREFS="StyleId-F2DC0B36-8C50-4EC6-BBC7-F2CEEF1C4670-" VPOS="1430" WIDTH="943">
<String CONTENT="Babcock," HEIGHT="66" HPOS="223" VPOS="1430" WIDTH="284" />
<SP HEIGHT="63" HPOS="508" VPOS="1433" WIDTH="27" />
<String CONTENT="Mrs." HEIGHT="52" HPOS="536" VPOS="1433" WIDTH="136" />
<SP HEIGHT="52" HPOS="673" VPOS="1433" WIDTH="27" />
<String CONTENT="Harriet," HEIGHT="66" HPOS="701" VPOS="1430" WIDTH="261" />
<SP HEIGHT="60" HPOS="963" VPOS="1436" WIDTH="31" />
<String CONTENT="1877-" HEIGHT="53" HPOS="995" VPOS="1431" WIDTH="171" />
</TextLine>
<TextLine CS="1" HEIGHT="146" HPOS="221" STYLEREFS="StyleId-749B06B9-F92B-4192-9CF4-CDEE1656A43B-" VPOS="1508" WIDTH="1969">
<String CONTENT="Dementia" HEIGHT="52" HPOS="292" VPOS="1510" WIDTH="299" />
<SP HEIGHT="49" HPOS="592" VPOS="1528" WIDTH="35" />
<String CONTENT="praecox;" HEIGHT="50" HPOS="628" VPOS="1527" WIDTH="270" />
<SP HEIGHT="48" HPOS="899" VPOS="1528" WIDTH="37" />
<String CONTENT="a" HEIGHT="34" HPOS="937" VPOS="1528" WIDTH="31" />
<SP HEIGHT="49" HPOS="969" VPOS="1528" WIDTH="33" />
<String CONTENT="psychological" HEIGHT="68" HPOS="1003" VPOS="1509" WIDTH="422" />
<SP HEIGHT="50" HPOS="1426" VPOS="1511" WIDTH="33" />
<String CONTENT="study," HEIGHT="68" HPOS="1460" VPOS="1509" WIDTH="188" />
<SP HEIGHT="67" HPOS="1649" VPOS="1509" WIDTH="32" />
<String CONTENT="by" HEIGHT="68" HPOS="1682" VPOS="1509" WIDTH="74" />
<SP HEIGHT="68" HPOS="1757" VPOS="1509" WIDTH="34" />
<String CONTENT="Harriet" HEIGHT="53" HPOS="1792" VPOS="1509" WIDTH="238" />
<SP HEIGHT="52" HPOS="2031" VPOS="1510" WIDTH="35" />
<String CONTENT="Babcock" HEIGHT="132" HPOS="221" VPOS="1508" WIDTH="1969" />
<SP HEIGHT="53" HPOS="356" VPOS="1587" WIDTH="31" />
<String CONTENT="&#8230;" CS="1" />
<SP HEIGHT="52" HPOS="444" VPOS="1588" WIDTH="77" />
<String CONTENT="New" HEIGHT="52" HPOS="522" VPOS="1588" WIDTH="137" />
<SP HEIGHT="53" HPOS="660" VPOS="1587" WIDTH="28" />
<String CONTENT="York," HEIGHT="67" HPOS="689" VPOS="1587" WIDTH="178" />
<SP HEIGHT="61" HPOS="868" VPOS="1593" WIDTH="28" />
<String CONTENT="1933." HEIGHT="49" HPOS="897" VPOS="1591" WIDTH="150" />
</TextLine>
<TextLine CS="1" HEIGHT="49" HPOS="290" VPOS="1661" WIDTH="829">
<String CONTENT="167" HEIGHT="40" HPOS="290" VPOS="1662" WIDTH="83" />
<SP HEIGHT="46" HPOS="374" VPOS="1664" WIDTH="27" />
<String CONTENT="p." HEIGHT="37" HPOS="402" VPOS="1673" WIDTH="39" />
<SP HEIGHT="35" HPOS="442" VPOS="1666" WIDTH="62" />
<String CONTENT="tables" HEIGHT="40" HPOS="505" VPOS="1661" WIDTH="153" />
<SP HEIGHT="46" HPOS="659" VPOS="1663" WIDTH="27" />
<String CONTENT="(1" HEIGHT="46" HPOS="687" VPOS="1663" WIDTH="47" />
<SP HEIGHT="38" HPOS="735" VPOS="1662" WIDTH="27" />
<String CONTENT="fold.)" HEIGHT="47" HPOS="763" VPOS="1661" WIDTH="141" />
<SP HEIGHT="47" HPOS="905" VPOS="1661" WIDTH="67" />
<String CONTENT="23&#189;" CS="1" HEIGHT="40" HPOS="973" VPOS="1661" WIDTH="56" />
<String CONTENT="cm" HEIGHT="21" HPOS="1061" STYLE="superscript" VPOS="1663" WIDTH="44" />
<String CONTENT="." HEIGHT="9" HPOS="1110" VPOS="1692" WIDTH="9" />
</TextLine>
<TextLine CS="1" HEIGHT="51" HPOS="224" VPOS="1715" WIDTH="1985">
<String CONTENT="&#169;" HEIGHT="51" HPOS="224" VPOS="1715" WIDTH="50" />
<SP HEIGHT="51" HPOS="275" VPOS="1715" WIDTH="32" />
<String CONTENT="Aug." HEIGHT="45" HPOS="308" VPOS="1721" WIDTH="119" />
<SP HEIGHT="40" HPOS="428" VPOS="1719" WIDTH="31" />
<String CONTENT="9," HEIGHT="46" HPOS="460" VPOS="1719" WIDTH="38" />
<SP HEIGHT="45" HPOS="499" VPOS="1720" WIDTH="31" />
<String CONTENT="1933;" CS="1" HEIGHT="39" HPOS="531" VPOS="1719" WIDTH="112" />
<SP HEIGHT="39" HPOS="671" VPOS="1720" WIDTH="34" />
<String CONTENT="2c." HEIGHT="38" HPOS="706" VPOS="1720" WIDTH="66" />
<SP HEIGHT="37" HPOS="773" VPOS="1720" WIDTH="33" />
<String CONTENT="Jan." HEIGHT="37" HPOS="807" VPOS="1720" WIDTH="106" />
<SP HEIGHT="38" HPOS="914" VPOS="1719" WIDTH="33" />
<String CONTENT="26," HEIGHT="45" HPOS="948" VPOS="1719" WIDTH="67" />
<SP HEIGHT="44" HPOS="1016" VPOS="1720" WIDTH="33" />
<String CONTENT="1934;" CS="1" HEIGHT="39" HPOS="1050" VPOS="1718" WIDTH="113" />
<SP HEIGHT="29" HPOS="1189" VPOS="1729" WIDTH="35" />
<String CONTENT="aff." HEIGHT="40" HPOS="1225" VPOS="1718" WIDTH="81" />
<SP HEIGHT="38" HPOS="1307" VPOS="1719" WIDTH="33" />
<String CONTENT="Jan." HEIGHT="39" HPOS="1341" VPOS="1719" WIDTH="109" />
<SP HEIGHT="39" HPOS="1451" VPOS="1719" WIDTH="31" />
<String CONTENT="27;" CS="1" HEIGHT="38" HPOS="1483" VPOS="1719" WIDTH="55" />
<SP HEIGHT="38" HPOS="1565" VPOS="1720" WIDTH="35" />
<String CONTENT="A" HEIGHT="37" HPOS="1601" VPOS="1720" WIDTH="41" />
<SP HEIGHT="38" HPOS="1643" VPOS="1719" WIDTH="30" />
<String CONTENT="70024;" CS="1" HEIGHT="40" HPOS="1674" VPOS="1718" WIDTH="143" />
<SP HEIGHT="40" HPOS="1844" VPOS="1718" WIDTH="35" />
<String CONTENT="H." HEIGHT="38" HPOS="1880" VPOS="1718" WIDTH="59" />
<SP HEIGHT="37" HPOS="1940" VPOS="1719" WIDTH="34" />
<String CONTENT="Babcock," HEIGHT="47" HPOS="1975" VPOS="1717" WIDTH="234" />
</TextLine>
<TextLine HEIGHT="47" HPOS="289" VPOS="1776" WIDTH="610">
<String CONTENT="New" HEIGHT="39" HPOS="289" VPOS="1776" WIDTH="116" />
<SP HEIGHT="37" HPOS="406" VPOS="1777" WIDTH="29" />
<String CONTENT="York." HEIGHT="38" HPOS="436" VPOS="1777" WIDTH="143" />
<SP HEIGHT="46" HPOS="580" VPOS="1777" WIDTH="70" />
<String CONTENT="(34-2263" HEIGHT="47" HPOS="651" VPOS="1776" WIDTH="222" />
<SP HEIGHT="46" HPOS="874" VPOS="1776" WIDTH="12" />
<String CONTENT=")" HEIGHT="46" HPOS="887" VPOS="1776" WIDTH="12" />
</TextLine>
<TextLine HEIGHT="63" HPOS="223" STYLEREFS="StyleId-F2DC0B36-8C50-4EC6-BBC7-F2CEEF1C4670-" VPOS="1895" WIDTH="743">
<String CONTENT="Barrows," HEIGHT="62" HPOS="223" VPOS="1896" WIDTH="293" />
<SP HEIGHT="62" HPOS="517" VPOS="1896" WIDTH="26" />
<String CONTENT="Sarah" HEIGHT="53" HPOS="544" VPOS="1895" WIDTH="189" />
<SP HEIGHT="51" HPOS="734" VPOS="1895" WIDTH="24" />
<String CONTENT="Tracy." HEIGHT="62" HPOS="759" VPOS="1896" WIDTH="207" />
</TextLine>
<TextLine CS="1" HEIGHT="146" HPOS="224" STYLEREFS="StyleId-749B06B9-F92B-4192-9CF4-CDEE1656A43B-" VPOS="1971" WIDTH="1991">
<String CONTENT="The" HEIGHT="52" HPOS="293" VPOS="1972" WIDTH="121" />
<SP HEIGHT="34" HPOS="415" VPOS="1990" WIDTH="25" />
<String CONTENT="voice:" HEIGHT="51" HPOS="441" VPOS="1972" WIDTH="185" />
<SP HEIGHT="50" HPOS="627" VPOS="1972" WIDTH="24" />
<String CONTENT="how" HEIGHT="52" HPOS="652" VPOS="1972" WIDTH="127" />
<SP HEIGHT="46" HPOS="780" VPOS="1977" WIDTH="25" />
<String CONTENT="to" HEIGHT="47" HPOS="806" VPOS="1977" WIDTH="58" />
<SP HEIGHT="33" HPOS="865" VPOS="1991" WIDTH="27" />
<String CONTENT="use" HEIGHT="33" HPOS="893" VPOS="1990" WIDTH="96" />
<SP HEIGHT="51" HPOS="990" VPOS="1972" WIDTH="23" />
<String CONTENT="it;" HEIGHT="65" HPOS="1014" VPOS="1972" WIDTH="75" />
<SP HEIGHT="47" HPOS="1090" VPOS="1990" WIDTH="31" />
<String CONTENT="with" HEIGHT="51" HPOS="1122" VPOS="1972" WIDTH="138" />
<SP HEIGHT="51" HPOS="1261" VPOS="1973" WIDTH="26" />
<String CONTENT="exercises" HEIGHT="52" HPOS="1288" VPOS="1972" WIDTH="269" />
<SP HEIGHT="52" HPOS="1558" VPOS="1971" WIDTH="26" />
<String CONTENT="for" HEIGHT="53" HPOS="1585" VPOS="1971" WIDTH="94" />
<SP HEIGHT="46" HPOS="1680" VPOS="1978" WIDTH="25" />
<String CONTENT="tone" HEIGHT="46" HPOS="1706" VPOS="1978" WIDTH="129" />
<SP HEIGHT="34" HPOS="1836" VPOS="1990" WIDTH="27" />
<String CONTENT="and" HEIGHT="52" HPOS="1864" VPOS="1972" WIDTH="112" />
<SP HEIGHT="51" HPOS="1977" VPOS="1972" WIDTH="30" />
<String CONTENT="articulation," HEIGHT="145" HPOS="224" VPOS="1971" WIDTH="1966" />
<SP HEIGHT="66" HPOS="423" VPOS="2050" WIDTH="20" />
<String CONTENT="by" HEIGHT="67" HPOS="444" VPOS="2050" WIDTH="75" />
<SP HEIGHT="67" HPOS="520" VPOS="2050" WIDTH="23" />
<String CONTENT="Sarah" HEIGHT="54" HPOS="544" VPOS="2050" WIDTH="184" />
<SP HEIGHT="51" HPOS="729" VPOS="2050" WIDTH="20" />
<String CONTENT="T." HEIGHT="50" HPOS="750" VPOS="2051" WIDTH="65" />
<SP HEIGHT="50" HPOS="816" VPOS="2051" WIDTH="24" />
<String CONTENT="Barrows" HEIGHT="51" HPOS="841" VPOS="2051" WIDTH="264" />
<SP HEIGHT="33" HPOS="1106" VPOS="2069" WIDTH="23" />
<String CONTENT="&#8230;" CS="1" />
<SP HEIGHT="32" HPOS="1185" VPOS="2069" WIDTH="24" />
<String CONTENT="and" HEIGHT="51" HPOS="1210" VPOS="2050" WIDTH="111" />
<SP HEIGHT="51" HPOS="1322" VPOS="2050" WIDTH="23" />
<String CONTENT="Anne" HEIGHT="52" HPOS="1346" VPOS="2051" WIDTH="165" />
<SP HEIGHT="51" HPOS="1512" VPOS="2052" WIDTH="23" />
<String CONTENT="E." HEIGHT="50" HPOS="1536" VPOS="2052" WIDTH="69" />
<SP HEIGHT="51" HPOS="1606" VPOS="2051" WIDTH="22" />
<String CONTENT="Pierce" HEIGHT="51" HPOS="1629" VPOS="2051" WIDTH="196" />
<SP HEIGHT="33" HPOS="1826" VPOS="2069" WIDTH="22" />
<String CONTENT="&#8230;" CS="1" />
<SP HEIGHT="50" HPOS="1905" VPOS="2052" WIDTH="77" />
<String CONTENT="Boston," HEIGHT="62" HPOS="1983" VPOS="2052" WIDTH="232" />
</TextLine>
<TextLine HEIGHT="69" HPOS="223" STYLEREFS="StyleId-749B06B9-F92B-4192-9CF4-CDEE1656A43B-" VPOS="2127" WIDTH="1107">
<String CONTENT="Mass.," HEIGHT="68" HPOS="223" VPOS="2127" WIDTH="189" />
<SP HEIGHT="67" HPOS="413" VPOS="2128" WIDTH="28" />
<String CONTENT="Expression" HEIGHT="69" HPOS="442" VPOS="2127" WIDTH="350" />
<SP HEIGHT="33" HPOS="793" VPOS="2146" WIDTH="31" />
<String CONTENT="company" HEIGHT="50" HPOS="825" VPOS="2146" WIDTH="278" />
<SP HEIGHT="49" HPOS="1104" VPOS="2147" WIDTH="35" />
<String CONTENT="[" HEIGHT="33" HPOS="1140" VPOS="2161" WIDTH="11" />
<String CONTENT="c" HEIGHT="20" HPOS="1157" STYLE="superscript" VPOS="2136" WIDTH="18" />
<String CONTENT="1933]" HEIGHT="62" HPOS="1179" VPOS="2132" WIDTH="151" />
</TextLine>
<TextLine CS="1" HEIGHT="51" HPOS="296" VPOS="2200" WIDTH="1310">
<String CONTENT="xv," HEIGHT="38" HPOS="296" VPOS="2210" WIDTH="75" />
<SP HEIGHT="30" HPOS="372" VPOS="2221" WIDTH="29" />
<String CONTENT="[17]-172" HEIGHT="50" HPOS="402" VPOS="2201" WIDTH="203" />
<SP HEIGHT="47" HPOS="606" VPOS="2201" WIDTH="21" />
<String CONTENT="p." HEIGHT="36" HPOS="628" VPOS="2212" WIDTH="43" />
<SP HEIGHT="39" HPOS="672" VPOS="2201" WIDTH="58" />
<String CONTENT="illus." HEIGHT="39" HPOS="731" VPOS="2201" WIDTH="127" />
<SP HEIGHT="48" HPOS="859" VPOS="2200" WIDTH="29" />
<String CONTENT="(incl." HEIGHT="48" HPOS="889" VPOS="2200" WIDTH="130" />
<SP HEIGHT="29" HPOS="1020" VPOS="2213" WIDTH="23" />
<String CONTENT="music)" HEIGHT="46" HPOS="1044" VPOS="2202" WIDTH="175" />
<SP HEIGHT="45" HPOS="1220" VPOS="2203" WIDTH="27" />
<String CONTENT="diagr." HEIGHT="48" HPOS="1248" VPOS="2202" WIDTH="153" />
<SP HEIGHT="39" HPOS="1402" VPOS="2202" WIDTH="58" />
<String CONTENT="20&#189;" CS="1" HEIGHT="40" HPOS="1461" VPOS="2202" WIDTH="56" />
<String CONTENT="cm" CS="1" HEIGHT="20" HPOS="1550" STYLE="superscript" VPOS="2205" WIDTH="14" />
<String CONTENT="." HEIGHT="8" HPOS="1598" VPOS="2234" WIDTH="8" />
</TextLine>
<TextLine HEIGHT="50" HPOS="300" VPOS="2258" WIDTH="1549">
<String CONTENT="&#8220;Reference" HEIGHT="41" HPOS="300" VPOS="2258" WIDTH="291" />
<SP HEIGHT="40" HPOS="592" VPOS="2259" WIDTH="22" />
<String CONTENT="books" HEIGHT="40" HPOS="615" VPOS="2259" WIDTH="146" />
<SP HEIGHT="39" HPOS="762" VPOS="2259" WIDTH="21" />
<String CONTENT="for" HEIGHT="40" HPOS="784" VPOS="2259" WIDTH="79" />
<SP HEIGHT="35" HPOS="864" VPOS="2263" WIDTH="22" />
<String CONTENT="teachers" HEIGHT="39" HPOS="887" VPOS="2260" WIDTH="220" />
<SP HEIGHT="29" HPOS="1108" VPOS="2269" WIDTH="23" />
<String CONTENT="and" HEIGHT="38" HPOS="1132" VPOS="2260" WIDTH="95" />
<SP HEIGHT="38" HPOS="1228" VPOS="2260" WIDTH="22" />
<String CONTENT="students&#8221;" HEIGHT="40" HPOS="1251" VPOS="2260" WIDTH="251" />
<SP HEIGHT="39" HPOS="1503" VPOS="2260" WIDTH="17" />
<String CONTENT=":" HEIGHT="28" HPOS="1521" VPOS="2271" WIDTH="9" />
<SP HEIGHT="38" HPOS="1531" VPOS="2270" WIDTH="32" />
<String CONTENT="p." HEIGHT="38" HPOS="1564" VPOS="2270" WIDTH="42" />
<SP HEIGHT="37" HPOS="1607" VPOS="2262" WIDTH="26" />
<String CONTENT="167-170." HEIGHT="40" HPOS="1634" VPOS="2260" WIDTH="215" />
</TextLine>
<TextLine CS="1" HEIGHT="53" HPOS="227" VPOS="2314" WIDTH="1985">
<String CONTENT="&#169;" HEIGHT="51" HPOS="227" VPOS="2314" WIDTH="50" />
<SP HEIGHT="51" HPOS="278" VPOS="2314" WIDTH="26" />
<String CONTENT="Nov." HEIGHT="38" HPOS="305" VPOS="2319" WIDTH="115" />
<SP HEIGHT="37" HPOS="421" VPOS="2319" WIDTH="28" />
<String CONTENT="29," HEIGHT="45" HPOS="450" VPOS="2318" WIDTH="68" />
<SP HEIGHT="45" HPOS="519" VPOS="2318" WIDTH="26" />
<String CONTENT="1933;" CS="1" HEIGHT="39" HPOS="546" VPOS="2317" WIDTH="113" />
<SP HEIGHT="45" HPOS="687" VPOS="2317" WIDTH="28" />
<String CONTENT="2c." HEIGHT="39" HPOS="716" VPOS="2317" WIDTH="65" />
<SP HEIGHT="37" HPOS="782" VPOS="2318" WIDTH="28" />
<String CONTENT="Dec." CS="1" HEIGHT="29" HPOS="859" VPOS="2328" WIDTH="63" />
<SP HEIGHT="41" HPOS="923" VPOS="2316" WIDTH="27" />
<String CONTENT="26;" CS="1" HEIGHT="39" HPOS="951" VPOS="2316" WIDTH="54" />
<SP HEIGHT="35" HPOS="1032" VPOS="2327" WIDTH="31" />
<String CONTENT="aff." HEIGHT="38" HPOS="1064" VPOS="2317" WIDTH="80" />
<SP HEIGHT="38" HPOS="1145" VPOS="2317" WIDTH="29" />
<String CONTENT="Jan." HEIGHT="39" HPOS="1175" VPOS="2317" WIDTH="106" />
<SP HEIGHT="39" HPOS="1282" VPOS="2317" WIDTH="29" />
<String CONTENT="8," HEIGHT="46" HPOS="1312" VPOS="2317" WIDTH="37" />
<SP HEIGHT="44" HPOS="1350" VPOS="2319" WIDTH="28" />
<String CONTENT="1934;" HEIGHT="47" HPOS="1379" VPOS="2317" WIDTH="140" />
<SP HEIGHT="45" HPOS="1520" VPOS="2319" WIDTH="29" />
<String CONTENT="A" HEIGHT="37" HPOS="1550" VPOS="2319" WIDTH="42" />
<SP HEIGHT="39" HPOS="1593" VPOS="2318" WIDTH="26" />
<String CONTENT="67896;" HEIGHT="46" HPOS="1620" VPOS="2318" WIDTH="168" />
<SP HEIGHT="44" HPOS="1789" VPOS="2320" WIDTH="31" />
<String CONTENT="Expression" HEIGHT="48" HPOS="1821" VPOS="2319" WIDTH="294" />
<SP HEIGHT="28" HPOS="2116" VPOS="2331" WIDTH="28" />
<String CONTENT="co." HEIGHT="31" HPOS="2145" VPOS="2329" WIDTH="67" />
</TextLine>
<TextLine HEIGHT="48" HPOS="302" VPOS="2374" WIDTH="249">
<String CONTENT="(34-2334)" HEIGHT="48" HPOS="302" VPOS="2374" WIDTH="249" />
</TextLine>
<TextLine HEIGHT="65" HPOS="226" STYLEREFS="StyleId-F2DC0B36-8C50-4EC6-BBC7-F2CEEF1C4670-" VPOS="2492" WIDTH="632">
<String CONTENT="Bartlett," HEIGHT="64" HPOS="226" VPOS="2493" WIDTH="277" />
<SP HEIGHT="64" HPOS="504" VPOS="2493" WIDTH="28" />
<String CONTENT="Arthur" HEIGHT="54" HPOS="533" VPOS="2492" WIDTH="234" />
<SP HEIGHT="53" HPOS="768" VPOS="2495" WIDTH="27" />
<String CONTENT="C." HEIGHT="53" HPOS="796" VPOS="2495" WIDTH="62" />
</TextLine>
<TextLine CS="1" HEIGHT="71" HPOS="296" STYLEREFS="StyleId-749B06B9-F92B-4192-9CF4-CDEE1656A43B-" VPOS="2569" WIDTH="1916">
<String CONTENT="Skipper," HEIGHT="69" HPOS="296" VPOS="2569" WIDTH="267" />
<SP HEIGHT="61" HPOS="564" VPOS="2576" WIDTH="21" />
<String CONTENT="the" HEIGHT="51" HPOS="586" VPOS="2571" WIDTH="95" />
<SP HEIGHT="50" HPOS="682" VPOS="2588" WIDTH="22" />
<String CONTENT="guide" HEIGHT="69" HPOS="705" VPOS="2569" WIDTH="172" />
<SP HEIGHT="51" HPOS="878" VPOS="2570" WIDTH="24" />
<String CONTENT="dog," HEIGHT="68" HPOS="903" VPOS="2570" WIDTH="129" />
<SP HEIGHT="66" HPOS="1033" VPOS="2570" WIDTH="25" />
<String CONTENT="by" HEIGHT="68" HPOS="1059" VPOS="2570" WIDTH="72" />
<SP HEIGHT="68" HPOS="1132" VPOS="2570" WIDTH="24" />
<String CONTENT="Arthur" HEIGHT="51" HPOS="1157" VPOS="2570" WIDTH="223" />
<SP HEIGHT="54" HPOS="1381" VPOS="2570" WIDTH="25" />
<String CONTENT="C." HEIGHT="54" HPOS="1407" VPOS="2570" WIDTH="63" />
<SP HEIGHT="50" HPOS="1471" VPOS="2572" WIDTH="24" />
<String CONTENT="Bartlett," HEIGHT="65" HPOS="1496" VPOS="2572" WIDTH="269" />
<SP HEIGHT="65" HPOS="1766" VPOS="2572" WIDTH="23" />
<String CONTENT="illustrated" HEIGHT="53" HPOS="1790" VPOS="2572" WIDTH="325" />
<SP HEIGHT="53" HPOS="2116" VPOS="2572" WIDTH="21" />
<String CONTENT="by" HEIGHT="68" HPOS="2138" VPOS="2572" WIDTH="74" />
</TextLine>
<TextLine CS="1" HEIGHT="68" HPOS="226" STYLEREFS="StyleId-749B06B9-F92B-4192-9CF4-CDEE1656A43B-" VPOS="2647" WIDTH="1439">
<String CONTENT="Harold" HEIGHT="54" HPOS="226" VPOS="2647" WIDTH="224" />
<SP HEIGHT="54" HPOS="451" VPOS="2648" WIDTH="28" />
<String CONTENT="Cue." HEIGHT="54" HPOS="480" VPOS="2648" WIDTH="133" />
<SP HEIGHT="50" HPOS="614" VPOS="2649" WIDTH="73" />
<String CONTENT="Boston," HEIGHT="65" HPOS="688" VPOS="2649" WIDTH="233" />
<SP HEIGHT="65" HPOS="922" VPOS="2649" WIDTH="22" />
<String CONTENT="W." HEIGHT="52" HPOS="945" VPOS="2649" WIDTH="89" />
<SP HEIGHT="51" HPOS="1035" VPOS="2648" WIDTH="28" />
<String CONTENT="A." HEIGHT="51" HPOS="1064" VPOS="2648" WIDTH="71" />
<SP HEIGHT="53" HPOS="1136" VPOS="2648" WIDTH="27" />
<String CONTENT="Wilde" HEIGHT="53" HPOS="1164" VPOS="2648" WIDTH="189" />
<SP HEIGHT="33" HPOS="1354" VPOS="2667" WIDTH="28" />
<String CONTENT="co." HEIGHT="34" HPOS="1383" VPOS="2667" WIDTH="76" />
<SP HEIGHT="33" HPOS="1460" VPOS="2682" WIDTH="31" />
<String CONTENT="[" HEIGHT="33" HPOS="1492" VPOS="2682" WIDTH="13" />
<String CONTENT="c" HEIGHT="20" HPOS="1511" STYLE="superscript" VPOS="2655" WIDTH="17" />
<String CONTENT="1933]" CS="1" HEIGHT="49" HPOS="1532" VPOS="2652" WIDTH="133" />
</TextLine>
<TextLine CS="1" HEIGHT="51" HPOS="294" VPOS="2719" WIDTH="561">
<String CONTENT="315" HEIGHT="39" HPOS="294" VPOS="2722" WIDTH="84" />
<SP HEIGHT="48" HPOS="379" VPOS="2722" WIDTH="18" />
<String CONTENT="p." HEIGHT="38" HPOS="398" VPOS="2732" WIDTH="43" />
<SP HEIGHT="41" HPOS="442" VPOS="2720" WIDTH="58" />
<String CONTENT="front." HEIGHT="41" HPOS="501" VPOS="2720" WIDTH="148" />
<SP HEIGHT="40" HPOS="650" VPOS="2721" WIDTH="59" />
<String CONTENT="19&#189;" CS="1" HEIGHT="41" HPOS="710" VPOS="2719" WIDTH="57" />
<String CONTENT="cm" HEIGHT="20" HPOS="798" STYLE="superscript" VPOS="2723" WIDTH="44" />
<String CONTENT="." HEIGHT="9" HPOS="845" VPOS="2752" WIDTH="10" />
</TextLine>
<TextLine CS="1" HEIGHT="51" HPOS="227" VPOS="2776" WIDTH="1982">
<String CONTENT="&#169;" HEIGHT="51" HPOS="227" VPOS="2776" WIDTH="50" />
<SP HEIGHT="51" HPOS="278" VPOS="2776" WIDTH="27" />
<String CONTENT="Sept." HEIGHT="47" HPOS="306" VPOS="2780" WIDTH="126" />
<SP HEIGHT="38" HPOS="433" VPOS="2781" WIDTH="26" />
<String CONTENT="5," HEIGHT="46" HPOS="460" VPOS="2781" WIDTH="38" />
<SP HEIGHT="46" HPOS="499" VPOS="2781" WIDTH="24" />
<String CONTENT="1933;" CS="1" HEIGHT="41" HPOS="524" VPOS="2778" WIDTH="112" />
<SP HEIGHT="46" HPOS="664" VPOS="2779" WIDTH="27" />
<String CONTENT="2c." HEIGHT="40" HPOS="692" VPOS="2779" WIDTH="66" />
<SP HEIGHT="40" HPOS="759" VPOS="2779" WIDTH="26" />
<String CONTENT="Jan." HEIGHT="39" HPOS="786" VPOS="2779" WIDTH="108" />
<SP HEIGHT="40" HPOS="895" VPOS="2778" WIDTH="24" />
<String CONTENT="23." HEIGHT="40" HPOS="920" VPOS="2778" WIDTH="68" />
<SP HEIGHT="38" HPOS="989" VPOS="2780" WIDTH="26" />
<String CONTENT="1934;" CS="1" HEIGHT="39" HPOS="1016" VPOS="2779" WIDTH="114" />
<SP HEIGHT="28" HPOS="1157" VPOS="2789" WIDTH="27" />
<String CONTENT="aff." HEIGHT="39" HPOS="1185" VPOS="2779" WIDTH="79" />
<SP HEIGHT="39" HPOS="1265" VPOS="2779" WIDTH="28" />
<String CONTENT="Feb." HEIGHT="40" HPOS="1294" VPOS="2779" WIDTH="110" />
<SP HEIGHT="40" HPOS="1405" VPOS="2779" WIDTH="26" />
<String CONTENT="9;" HEIGHT="47" HPOS="1432" VPOS="2779" WIDTH="51" />
<SP HEIGHT="46" HPOS="1484" VPOS="2780" WIDTH="28" />
<String CONTENT="A" HEIGHT="38" HPOS="1513" VPOS="2780" WIDTH="41" />
<SP HEIGHT="39" HPOS="1555" VPOS="2780" WIDTH="23" />
<String CONTENT="70205;" CS="1" HEIGHT="40" HPOS="1579" VPOS="2780" WIDTH="143" />
<SP HEIGHT="45" HPOS="1750" VPOS="2782" WIDTH="28" />
<String CONTENT="W." HEIGHT="39" HPOS="1779" VPOS="2782" WIDTH="71" />
<SP HEIGHT="39" HPOS="1851" VPOS="2782" WIDTH="25" />
<String CONTENT="A." CS="1" HEIGHT="8" HPOS="1923" VPOS="2813" WIDTH="8" />
<SP HEIGHT="39" HPOS="1932" VPOS="2783" WIDTH="26" />
<String CONTENT="Wilde" HEIGHT="40" HPOS="1959" VPOS="2783" WIDTH="157" />
<SP HEIGHT="31" HPOS="2117" VPOS="2792" WIDTH="25" />
<String CONTENT="co." HEIGHT="29" HPOS="2143" VPOS="2794" WIDTH="66" />
</TextLine>
<TextLine HEIGHT="48" HPOS="300" VPOS="2837" WIDTH="250">
<String CONTENT="(34-2351)" HEIGHT="48" HPOS="300" VPOS="2837" WIDTH="250" />
</TextLine>
<TextLine HEIGHT="65" HPOS="225" STYLEREFS="StyleId-F2DC0B36-8C50-4EC6-BBC7-F2CEEF1C4670-" VPOS="2955" WIDTH="1211">
<String CONTENT="Bartley," HEIGHT="63" HPOS="225" VPOS="2955" WIDTH="262" />
<SP HEIGHT="61" HPOS="488" VPOS="2957" WIDTH="24" />
<String CONTENT="Mrs." HEIGHT="51" HPOS="513" VPOS="2957" WIDTH="139" />
<SP HEIGHT="52" HPOS="653" VPOS="2956" WIDTH="28" />
<String CONTENT="Nalbro" HEIGHT="52" HPOS="682" VPOS="2955" WIDTH="222" />
<SP HEIGHT="51" HPOS="905" VPOS="2956" WIDTH="26" />
<String CONTENT="Isadorah," HEIGHT="65" HPOS="932" VPOS="2955" WIDTH="300" />
<SP HEIGHT="60" HPOS="1233" VPOS="2960" WIDTH="32" />
<String CONTENT="1888-" HEIGHT="50" HPOS="1266" VPOS="2959" WIDTH="170" />
</TextLine>
<TextLine CS="1" HEIGHT="71" HPOS="296" STYLEREFS="StyleId-749B06B9-F92B-4192-9CF4-CDEE1656A43B-" VPOS="3032" WIDTH="1919">
<String CONTENT="Pease" HEIGHT="51" HPOS="296" VPOS="3033" WIDTH="174" />
<SP HEIGHT="49" HPOS="471" VPOS="3050" WIDTH="31" />
<String CONTENT="porridge" HEIGHT="68" HPOS="503" VPOS="3032" WIDTH="270" />
<SP HEIGHT="51" HPOS="774" VPOS="3033" WIDTH="30" />
<String CONTENT="hot," HEIGHT="66" HPOS="805" VPOS="3033" WIDTH="117" />
<SP HEIGHT="66" HPOS="923" VPOS="3033" WIDTH="32" />
<String CONTENT="by" HEIGHT="67" HPOS="956" VPOS="3033" WIDTH="72" />
<SP HEIGHT="67" HPOS="1029" VPOS="3033" WIDTH="34" />
<String CONTENT="Nalbro" HEIGHT="52" HPOS="1064" VPOS="3033" WIDTH="215" />
<SP HEIGHT="51" HPOS="1280" VPOS="3034" WIDTH="34" />
<String CONTENT="Bartley." HEIGHT="68" HPOS="1315" VPOS="3034" WIDTH="253" />
<SP HEIGHT="51" HPOS="1569" VPOS="3035" WIDTH="74" />
<String CONTENT="Indianapolis," HEIGHT="68" HPOS="1644" VPOS="3035" WIDTH="414" />
<SP HEIGHT="65" HPOS="2059" VPOS="3036" WIDTH="33" />
<String CONTENT="The" HEIGHT="52" HPOS="2093" VPOS="3034" WIDTH="122" />
</TextLine>
<TextLine HEIGHT="69" HPOS="227" STYLEREFS="StyleId-749B06B9-F92B-4192-9CF4-CDEE1656A43B-" VPOS="3109" WIDTH="978">
<String CONTENT="Bobbs-Merrill" HEIGHT="54" HPOS="227" VPOS="3109" WIDTH="440" />
<SP HEIGHT="51" HPOS="668" VPOS="3111" WIDTH="31" />
<String CONTENT="company" HEIGHT="50" HPOS="700" VPOS="3128" WIDTH="278" />
<SP HEIGHT="49" HPOS="979" VPOS="3129" WIDTH="35" />
<String CONTENT="[" HEIGHT="33" HPOS="1015" VPOS="3143" WIDTH="11" />
<String CONTENT="c" HEIGHT="20" HPOS="1032" STYLE="superscript" VPOS="3117" WIDTH="18" />
<String CONTENT="1934]" HEIGHT="62" HPOS="1055" VPOS="3114" WIDTH="150" />
</TextLine>
<TextLine CS="1" HEIGHT="51" HPOS="293" VPOS="3181" WIDTH="647">
<String CONTENT="4" HEIGHT="37" HPOS="293" VPOS="3185" WIDTH="28" />
<SP HEIGHT="47" HPOS="322" VPOS="3185" WIDTH="24" />
<String CONTENT="p." CS="1" />
<SP />
<String CONTENT="l.," CS="1" HEIGHT="15" HPOS="455" VPOS="3214" WIDTH="8" />
<SP HEIGHT="46" HPOS="464" VPOS="3183" WIDTH="28" />
<String CONTENT="11-317" HEIGHT="40" HPOS="493" VPOS="3181" WIDTH="173" />
<SP HEIGHT="47" HPOS="667" VPOS="3184" WIDTH="24" />
<String CONTENT="p." HEIGHT="38" HPOS="692" VPOS="3193" WIDTH="43" />
<SP HEIGHT="37" HPOS="736" VPOS="3184" WIDTH="59" />
<String CONTENT="19&#189;" CS="1" HEIGHT="39" HPOS="796" VPOS="3183" WIDTH="55" />
<String CONTENT="cm" HEIGHT="20" HPOS="884" STYLE="superscript" VPOS="3186" WIDTH="41" />
<String CONTENT="." HEIGHT="8" HPOS="932" VPOS="3215" WIDTH="8" />
</TextLine>
<TextLine HEIGHT="41" HPOS="297" VPOS="3240" WIDTH="407">
<String CONTENT="&#8220;First" HEIGHT="39" HPOS="297" VPOS="3241" WIDTH="159" />
<SP HEIGHT="36" HPOS="457" VPOS="3245" WIDTH="20" />
<String CONTENT="edition.&#8221;" HEIGHT="41" HPOS="478" VPOS="3240" WIDTH="226" />
</TextLine>
<TextLine CS="1" HEIGHT="52" HPOS="228" VPOS="3296" WIDTH="1981">
<String CONTENT="&#169;" HEIGHT="50" HPOS="228" VPOS="3296" WIDTH="50" />
<SP HEIGHT="50" HPOS="279" VPOS="3296" WIDTH="33" />
<String CONTENT="Feb." HEIGHT="38" HPOS="313" VPOS="3300" WIDTH="109" />
<SP HEIGHT="38" HPOS="423" VPOS="3300" WIDTH="34" />
<String CONTENT="7." HEIGHT="38" HPOS="458" VPOS="3300" WIDTH="37" />
<SP HEIGHT="39" HPOS="496" VPOS="3299" WIDTH="34" />
<String CONTENT="1934;" CS="1" HEIGHT="39" HPOS="531" VPOS="3298" WIDTH="112" />
<SP HEIGHT="38" HPOS="670" VPOS="3299" WIDTH="35" />
<String CONTENT="2c." HEIGHT="38" HPOS="706" VPOS="3299" WIDTH="65" />
<SP HEIGHT="27" HPOS="772" VPOS="3310" WIDTH="35" />
<String CONTENT="and" HEIGHT="38" HPOS="808" VPOS="3299" WIDTH="94" />
<SP HEIGHT="38" HPOS="903" VPOS="3299" WIDTH="33" />
<String CONTENT="aff." HEIGHT="40" HPOS="937" VPOS="3298" WIDTH="79" />
<SP HEIGHT="39" HPOS="1017" VPOS="3299" WIDTH="35" />
<String CONTENT="Feb." HEIGHT="39" HPOS="1053" VPOS="3299" WIDTH="108" />
<SP HEIGHT="38" HPOS="1162" VPOS="3300" WIDTH="34" />
<String CONTENT="10;" CS="1" HEIGHT="38" HPOS="1197" VPOS="3299" WIDTH="54" />
<SP HEIGHT="38" HPOS="1278" VPOS="3300" WIDTH="37" />
<String CONTENT="A" HEIGHT="38" HPOS="1316" VPOS="3300" WIDTH="38" />
<SP HEIGHT="38" HPOS="1355" VPOS="3300" WIDTH="35" />
<String CONTENT="70208;" CS="1" HEIGHT="40" HPOS="1391" VPOS="3300" WIDTH="142" />
<SP HEIGHT="39" HPOS="1559" VPOS="3301" WIDTH="36" />
<String CONTENT="Nalbro" HEIGHT="40" HPOS="1596" VPOS="3301" WIDTH="181" />
<SP HEIGHT="38" HPOS="1778" VPOS="3303" WIDTH="33" />
<String CONTENT="Bartley" CS="1" HEIGHT="38" HPOS="1812" VPOS="3303" WIDTH="169" />
<SP HEIGHT="41" HPOS="2014" VPOS="3302" WIDTH="34" />
<String CONTENT="Clark," HEIGHT="47" HPOS="2049" VPOS="3301" WIDTH="160" />
</TextLine>
<TextLine CS="1" HEIGHT="49" HPOS="295" VPOS="3353" WIDTH="899">
<String CONTENT="Niagara" HEIGHT="46" HPOS="295" VPOS="3356" WIDTH="213" />
<SP HEIGHT="38" HPOS="509" VPOS="3356" WIDTH="38" />
<String CONTENT="Falls," HEIGHT="45" HPOS="548" VPOS="3356" WIDTH="144" />
<SP HEIGHT="48" HPOS="693" VPOS="3353" WIDTH="37" />
<String CONTENT="N." HEIGHT="41" HPOS="731" VPOS="3353" WIDTH="53" />
<SP HEIGHT="39" HPOS="785" VPOS="3355" WIDTH="38" />
<String CONTENT="Y." HEIGHT="39" HPOS="824" VPOS="3355" WIDTH="52" />
<SP HEIGHT="46" HPOS="877" VPOS="3356" WIDTH="70" />
<String CONTENT="(34-2352)" HEIGHT="46" HPOS="948" VPOS="3356" WIDTH="246" />
<SP />
</TextLine>
<TextLine HEIGHT="67" HPOS="225" STYLEREFS="StyleId-F2DC0B36-8C50-4EC6-BBC7-F2CEEF1C4670-" VPOS="3470" WIDTH="948">
<String CONTENT="Bauer," HEIGHT="64" HPOS="225" VPOS="3472" WIDTH="211" />
<SP HEIGHT="63" HPOS="437" VPOS="3473" WIDTH="28" />
<String CONTENT="William" HEIGHT="55" HPOS="466" VPOS="3470" WIDTH="253" />
<SP HEIGHT="52" HPOS="720" VPOS="3474" WIDTH="28" />
<String CONTENT="Waldo," HEIGHT="65" HPOS="749" VPOS="3472" WIDTH="220" />
<SP HEIGHT="60" HPOS="970" VPOS="3477" WIDTH="32" />
<String CONTENT="1892-" HEIGHT="49" HPOS="1003" VPOS="3476" WIDTH="170" />
</TextLine>
<TextLine CS="1" HEIGHT="68" HPOS="296" STYLEREFS="StyleId-749B06B9-F92B-4192-9CF4-CDEE1656A43B-" VPOS="3549" WIDTH="1917">
<String CONTENT="Contagious" HEIGHT="67" HPOS="296" VPOS="3549" WIDTH="348" />
<SP HEIGHT="52" HPOS="645" VPOS="3550" WIDTH="37" />
<String CONTENT="diseases;" HEIGHT="66" HPOS="683" VPOS="3550" WIDTH="269" />
<SP HEIGHT="48" HPOS="953" VPOS="3568" WIDTH="42" />
<String CONTENT="what" HEIGHT="53" HPOS="996" VPOS="3550" WIDTH="156" />
<SP HEIGHT="47" HPOS="1153" VPOS="3556" WIDTH="32" />
<String CONTENT="they" HEIGHT="66" HPOS="1186" VPOS="3551" WIDTH="134" />
<SP HEIGHT="49" HPOS="1321" VPOS="3568" WIDTH="39" />
<String CONTENT="are" HEIGHT="34" HPOS="1361" VPOS="3570" WIDTH="93" />
<SP HEIGHT="33" HPOS="1455" VPOS="3571" WIDTH="38" />
<String CONTENT="and" HEIGHT="52" HPOS="1494" VPOS="3553" WIDTH="110" />
<SP HEIGHT="52" HPOS="1605" VPOS="3553" WIDTH="38" />
<String CONTENT="how" HEIGHT="52" HPOS="1644" VPOS="3553" WIDTH="127" />
<SP HEIGHT="46" HPOS="1772" VPOS="3559" WIDTH="37" />
<String CONTENT="to" HEIGHT="48" HPOS="1810" VPOS="3559" WIDTH="60" />
<SP HEIGHT="53" HPOS="1871" VPOS="3554" WIDTH="35" />
<String CONTENT="deal" HEIGHT="53" HPOS="1907" VPOS="3554" WIDTH="125" />
<SP HEIGHT="52" HPOS="2033" VPOS="3554" WIDTH="40" />
<String CONTENT="with" HEIGHT="53" HPOS="2074" VPOS="3552" WIDTH="139" />
</TextLine>
<TextLine CS="1" HEIGHT="74" HPOS="224" STYLEREFS="StyleId-749B06B9-F92B-4192-9CF4-CDEE1656A43B-" VPOS="3626" WIDTH="1988">
<String CONTENT="them" HEIGHT="52" HPOS="224" VPOS="3627" WIDTH="152" />
<SP HEIGHT="47" HPOS="377" VPOS="3646" WIDTH="42" />
<String CONTENT="[by]" HEIGHT="67" HPOS="420" VPOS="3626" WIDTH="108" />
<SP HEIGHT="65" HPOS="529" VPOS="3628" WIDTH="38" />
<String CONTENT="W." HEIGHT="51" HPOS="568" VPOS="3628" WIDTH="89" />
<SP HEIGHT="53" HPOS="658" VPOS="3627" WIDTH="37" />
<String CONTENT="W." HEIGHT="53" HPOS="696" VPOS="3627" WIDTH="88" />
<SP HEIGHT="51" HPOS="785" VPOS="3629" WIDTH="39" />
<String CONTENT="Bauer" HEIGHT="51" HPOS="825" VPOS="3629" WIDTH="189" />
<SP HEIGHT="32" HPOS="1015" VPOS="3648" WIDTH="39" />
<String CONTENT="&#8230;" CS="1" />
<SP HEIGHT="52" HPOS="1110" VPOS="3629" WIDTH="77" />
<String CONTENT="New" HEIGHT="53" HPOS="1188" VPOS="3629" WIDTH="137" />
<SP HEIGHT="50" HPOS="1326" VPOS="3631" WIDTH="39" />
<String CONTENT="York," HEIGHT="66" HPOS="1366" VPOS="3630" WIDTH="177" />
<SP HEIGHT="65" HPOS="1544" VPOS="3631" WIDTH="37" />
<String CONTENT="A." HEIGHT="52" HPOS="1582" VPOS="3631" WIDTH="70" />
<SP HEIGHT="51" HPOS="1653" VPOS="3632" WIDTH="35" />
<String CONTENT="A." HEIGHT="52" HPOS="1689" VPOS="3632" WIDTH="72" />
<SP HEIGHT="51" HPOS="1762" VPOS="3633" WIDTH="37" />
<String CONTENT="Knopf," HEIGHT="68" HPOS="1800" VPOS="3632" WIDTH="223" />
<SP HEIGHT="63" HPOS="2024" VPOS="3636" WIDTH="38" />
<String CONTENT="1934." HEIGHT="50" HPOS="2063" VPOS="3634" WIDTH="149" />
</TextLine>
<TextLine CS="1" HEIGHT="51" HPOS="292" VPOS="3700" WIDTH="839">
<String CONTENT="6" HEIGHT="38" HPOS="292" VPOS="3702" WIDTH="25" />
<SP HEIGHT="47" HPOS="318" VPOS="3702" WIDTH="28" />
<String CONTENT="p." CS="1" />
<SP />
<String CONTENT="l.," CS="1" HEIGHT="13" HPOS="456" VPOS="3731" WIDTH="8" />
<SP HEIGHT="43" HPOS="465" VPOS="3701" WIDTH="28" />
<String CONTENT="3-218," HEIGHT="48" HPOS="494" VPOS="3700" WIDTH="158" />
<SP HEIGHT="37" HPOS="653" VPOS="3711" WIDTH="30" />
<String CONTENT="vii," HEIGHT="47" HPOS="684" VPOS="3700" WIDTH="79" />
<SP HEIGHT="29" HPOS="764" VPOS="3722" WIDTH="34" />
<String CONTENT="[1]" CS="1" HEIGHT="30" HPOS="842" VPOS="3720" WIDTH="10" />
<SP HEIGHT="38" HPOS="853" VPOS="3712" WIDTH="30" />
<String CONTENT="p." HEIGHT="38" HPOS="884" VPOS="3712" WIDTH="43" />
<SP HEIGHT="38" HPOS="928" VPOS="3704" WIDTH="59" />
<String CONTENT="19&#189;" CS="1" HEIGHT="41" HPOS="988" VPOS="3701" WIDTH="55" />
<String CONTENT="cm" HEIGHT="21" HPOS="1075" STYLE="superscript" VPOS="3705" WIDTH="44" />
<String CONTENT="." HEIGHT="8" HPOS="1122" VPOS="3732" WIDTH="9" />
</TextLine>
<TextLine HEIGHT="40" HPOS="294" VPOS="3756" WIDTH="416">
<String CONTENT="&#8220;First" HEIGHT="40" HPOS="294" VPOS="3756" WIDTH="159" />
<SP HEIGHT="36" HPOS="454" VPOS="3760" WIDTH="29" />
<String CONTENT="edition.&#8221;" HEIGHT="40" HPOS="484" VPOS="3756" WIDTH="226" />
</TextLine>
<TextLine HEIGHT="51" HPOS="292" VPOS="3812" WIDTH="920">
<String CONTENT="Bibliography" HEIGHT="48" HPOS="292" VPOS="3812" WIDTH="346" />
<SP HEIGHT="36" HPOS="639" VPOS="3824" WIDTH="28" />
<String CONTENT="at" HEIGHT="38" HPOS="668" VPOS="3815" WIDTH="51" />
<SP HEIGHT="38" HPOS="720" VPOS="3815" WIDTH="24" />
<String CONTENT="end" HEIGHT="39" HPOS="745" VPOS="3814" WIDTH="90" />
<SP HEIGHT="39" HPOS="836" VPOS="3814" WIDTH="29" />
<String CONTENT="of" HEIGHT="39" HPOS="866" VPOS="3814" WIDTH="51" />
<SP HEIGHT="40" HPOS="918" VPOS="3814" WIDTH="25" />
<String CONTENT="chapter" HEIGHT="50" HPOS="944" VPOS="3813" WIDTH="200" />
<SP HEIGHT="28" HPOS="1145" VPOS="3825" WIDTH="26" />
<String CONTENT="v." HEIGHT="29" HPOS="1172" VPOS="3825" WIDTH="40" />
</TextLine>
<TextLine CS="1" HEIGHT="54" HPOS="225" VPOS="3866" WIDTH="1925">
<String CONTENT="&#169;" HEIGHT="50" HPOS="225" VPOS="3866" WIDTH="50" />
<SP HEIGHT="50" HPOS="276" VPOS="3866" WIDTH="29" />
<String CONTENT="Jan." HEIGHT="39" HPOS="306" VPOS="3870" WIDTH="107" />
<SP HEIGHT="39" HPOS="414" VPOS="3870" WIDTH="29" />
<String CONTENT="22," HEIGHT="45" HPOS="444" VPOS="3870" WIDTH="67" />
<SP HEIGHT="44" HPOS="512" VPOS="3871" WIDTH="29" />
<String CONTENT="1934;" CS="1" HEIGHT="39" HPOS="542" VPOS="3870" WIDTH="113" />
<SP HEIGHT="39" HPOS="681" VPOS="3871" WIDTH="31" />
<String CONTENT="2c." HEIGHT="38" HPOS="713" VPOS="3871" WIDTH="63" />
<SP HEIGHT="28" HPOS="777" VPOS="3881" WIDTH="31" />
<String CONTENT="and" HEIGHT="37" HPOS="809" VPOS="3872" WIDTH="94" />
<SP HEIGHT="38" HPOS="904" VPOS="3872" WIDTH="28" />
<String CONTENT="aff." HEIGHT="39" HPOS="933" VPOS="3871" WIDTH="78" />
<SP HEIGHT="38" HPOS="1012" VPOS="3872" WIDTH="31" />
<String CONTENT="Jan." HEIGHT="39" HPOS="1044" VPOS="3872" WIDTH="108" />
<SP HEIGHT="38" HPOS="1153" VPOS="3873" WIDTH="28" />
<String CONTENT="25;" CS="1" HEIGHT="38" HPOS="1182" VPOS="3873" WIDTH="57" />
<SP HEIGHT="37" HPOS="1264" VPOS="3874" WIDTH="30" />
<String CONTENT="A" HEIGHT="37" HPOS="1295" VPOS="3874" WIDTH="41" />
<SP HEIGHT="38" HPOS="1337" VPOS="3873" WIDTH="28" />
<String CONTENT="69188;" CS="1" HEIGHT="46" HPOS="1366" VPOS="3872" WIDTH="168" />
<SP HEIGHT="43" HPOS="1535" VPOS="3875" WIDTH="31" />
<String CONTENT="Alfred" HEIGHT="39" HPOS="1567" VPOS="3874" WIDTH="171" />
<SP HEIGHT="39" HPOS="1739" VPOS="3874" WIDTH="28" />
<String CONTENT="A." HEIGHT="39" HPOS="1768" VPOS="3874" WIDTH="54" />
<SP HEIGHT="38" HPOS="1823" VPOS="3875" WIDTH="30" />
<String CONTENT="Knopf." CS="1" HEIGHT="46" HPOS="1854" VPOS="3874" WIDTH="164" />
<SP HEIGHT="40" HPOS="2032" VPOS="3873" WIDTH="30" />
<String CONTENT="inc." HEIGHT="38" HPOS="2063" VPOS="3873" WIDTH="87" />
</TextLine>
<TextLine HEIGHT="47" HPOS="303" VPOS="3926" WIDTH="248">
<String CONTENT="(34-2264)" HEIGHT="47" HPOS="303" VPOS="3926" WIDTH="248" />
</TextLine>
</TextBlock>
</PrintSpace>
</Page>
</Layout>
</alto>