2350 4196
1097 4072 100 49 219

164 426 198 65 Marie,
397 428 236 52 duchess
670 429 62 65 of
765 427 750 67 Mecklenburg-Schwerin,
1552 431 326 50 1856-1929.

223 504 350 52 Prehistoric
600 523 172 48 grave
800 505 263 51 material
1092 504 151 52 from
1273 504 270 55 Carniola
1572 505 307 52 excavated
1906 505 60 53 in
1998 508 154 50 1905-14

252 582 73 67 by
357 582 76 51 H.
467 582 76 51 H.
577 583 96 51 the
703 582 115 52 late
847 582 255 52 Duchess
1135 583 148 51 Paul
1314 581 302 53 Friedrich
1650 581 64 54 of
1746 581 409 69 Mecklenburg

153 668 134 51 <née
323 660 260 53 Princess
620 660 187 53 Marie
842 661 64 51 of
941 659 503 68 Windischgrätz)>
1480 661 124 52 sold
1640 660 74 67 by
1753 660 165 53 order
1956 659 64 53 of
2054 661 101 52 her

152 739 282 66 daughter
457 738 75 53 H.
559 738 75 52 H.
661 739 95 51 the
779 738 253 53 Duchess
1057 737 184 53 Marie
1265 737 337 53 Antoinette
1626 738 64 52 of
1713 737 437 68 Mecklenburg;

153 815 1940 69 catalogue compiled under the direction of Dr. Adolf Mahr …
151 894 137 52 New
323 894 176 66 York,
531 893 307 52 American
872 900 88 45 art
994 894 354 67 association,
1380 894 303 52 Anderson
1717 892 281 70 galleries,
2030 894 125 67 inc.,

156 975 148 49 1934.

223 1045 28 40 6
278 1056 42 36 p.
373 1076 22 16 l.,
428 1045 83 40 131
543 1056 56 37 p.,
631 1045 26 39 2
709 1077 7 7 l.
748 1045 109 40 incl.
887 1055 151 37 maps.
1099 1047 84 38 col.
1215 1045 163 48 front.,
1411 1048 156 45 plates
1596 1045 48 48 (1
1677 1046 112 47 col.)
1829 1048 148 46 ports.
2037 1046 55 39 27
2096 1049 43 20 cm
2145 1077 7 7 .

224 1102 73 40 On
323 1113 166 29 cover;
524 1102 109 40 Sale
662 1103 202 39 number
891 1103 128 39 4081.
1081 1103 266 39 Treasures
1377 1103 51 39 of
1457 1103 243 40 Carniola.

221 1159 279 40 Half-title;
535 1160 101 39 The
668 1159 343 47 Mecklenburg
1042 1159 265 40 collection.

223 1216 331 47 Frontispiece
583 1216 341 47 accompanied
954 1216 59 46 by
1040 1217 155 46 guard
1224 1217 136 39 sheet
1388 1215 120 40 with
1535 1216 293 47 descriptive
1856 1217 298 45 letterpress.

160 1269 50 52 ©
249 1276 107 37 Jan.
395 1274 37 45 6,
470 1274 139 45 1934;
649 1275 64 37 2c.
753 1275 95 37 and
886 1273 80 39 aff.
1005 1273 109 39 Jan.
1152 1273 50 46 8;
1242 1274 40 37 A
1320 1272 169 48 69153;
1530 1274 159 39 Amer.
1727 1276 79 37 art
1844 1271 309 49 association,

223 1332 252 39 Anderson
507 1330 239 48 galleries,
781 1331 87 38 inc.
942 1330 249 49 (31-4703)

157 1421 474 53 Massachusetts
671 1420 185 68 digest
898 1421 325 67 annotated,
1263 1423 132 52 1761
1435 1426 56 49 to
1529 1421 145 52 date.
1753 1423 285 68 Covering
2076 1422 77 52 all

227 1518 149 34 cases
415 1500 264 67 reported
718 1500 60 50 in
813 1500 443 51 Massachusetts
1295 1505 222 61 reports
1556 1501 113 51 and
1707 1501 187 53 North
1932 1506 220 47 eastern

226 1581 273 64 reporter,
548 1577 139 52 with
736 1583 227 47 current
1012 1578 343 53 cumulative
1402 1578 203 67 pocket
1652 1578 210 52 service
1908 1579 246 68 keeping

226 1656 1926 68 the digest always to date … By the publisher’s editorial
225 1731 151 55 staff,
451 1752 48 34 v.
552 1737 114 49 6-8.
743 1736 234 64 Boston,
1024 1735 194 67 Little,
1268 1737 231 65 Brown,
1547 1736 113 51 and
1708 1753 307 51 company;
2069 1737 82 55 St.

225 1814 165 66 Paul,
416 1815 158 53 West
603 1813 333 67 publishing
964 1832 78 34 co.
1079 1846 12 33 [
1097 1820 16 19 c
1119 1816 134 48 1934
1258 1846 12 33 ]

224 1888 24 38 3
277 1897 41 29 v.
375 1886 58 39 26
434 1889 42 20 cm
483 1919 6 6 .

563 1954 39 28 CONTENTS.—v.
639 1941 42 41 3.
715 1942 411 41 Costs-Criminal
1160 1944 213 39 law.—v.
1412 1942 39 41 7.
1486 1943 591 48 Crops-Easements.—v.
2114 1943 38 41 8.

154 2001 551 46 Ejectment-Estoppel.

156 2068 41 29 v.
231 2058 38 47 6,
307 2054 60 52 ©
393 2058 107 39 Jan.
537 2057 67 47 11,
639 2057 140 46 1934;
816 2069 42 28 v.
893 2058 38 45 7,
968 2057 37 47 8,
1043 2052 51 51 ©
1131 2057 107 39 Jan.
1274 2057 54 38 12;
1393 2057 67 40 2c.
1495 2059 119 38 each
1648 2059 95 38 and
1779 2057 107 41 affs.
1923 2057 110 41 Feb.
2068 2058 82 47 23;

226 2117 40 37 A
299 2114 345 40 69624-69626;
685 2115 130 38 West
852 2115 108 46 pub.
996 2126 65 27 co.
1100 2116 93 37 and
1229 2115 162 45 Little,
1429 2116 191 46 Brown,
1658 2116 95 38 and
1789 2124 246 37 company.

160 2199 238 64 [Meyer,
431 2197 220 63 Joseph
687 2198 237 64 Ernest]
965 2196 171 53 1878-

224 2277 121 52 The
389 2275 288 52 herbalist.
753 2275 349 66 Hammond,
1148 2275 147 67 Ind.,
1341 2274 249 53 Indiana
1636 2275 227 52 botanic
1908 2275 244 67 gardens

157 2387 11 33 [
174 2359 17 20 c
197 2356 150 64 1934]

225 2424 976 50 399 p. illus., col. plates. 16½ × 8 cm .
226 2482 226 40 Lettered
478 2492 59 28 on
562 2492 166 29 cover:
758 2482 101 39 The
885 2481 236 40 herbalist
1148 2483 94 38 and
1268 2482 117 39 herb
1413 2483 181 39 doctor.

231 2539 207 47 “Joseph
466 2539 52 39 E.
547 2540 177 46 Meyer,
753 2539 177 39 author
958 2540 95 38 and
1083 2539 270 47 compiler.”

225 2595 233 44 Previous
483 2596 209 40 editions
715 2596 255 47 published
995 2596 152 39 under
1170 2595 106 40 title:
1328 2596 102 39 The
1451 2596 239 39 herbalist
1712 2598 95 37 and
1830 2596 116 39 herb
1972 2598 179 38 doctor.

159 2648 1943 52 © Feb. 12, 1934; 2c. Feb. 16; aff. Feb. 15; A 70234; J. E. Myer, ℅
224 2711 207 39 Indiana
461 2710 193 39 botanic
683 2711 221 46 gardens,
936 2710 287 46 Hammond,
1257 2711 103 38 Ind.
1432 2710 251 48 (34-4515)

159 2800 168 66 Mills,
355 2801 173 64 John,
562 2803 170 50 1880-

224 2875 231 70 Signals
499 2877 112 52 and
656 2878 201 66 speech
902 2878 60 51 in
1008 2877 282 53 electrical
1335 2877 496 68 communication,
1876 2877 76 68 by
1997 2876 154 54 John

153 2954 174 53 Mills.
396 2955 139 53 New
572 2954 178 68 York,
783 2955 310 68 Harcourt,
1129 2956 181 51 Brace
1347 2956 113 52 and
1493 2972 282 51 company
1815 2987 12 34 [
1833 2960 17 21 c
1856 2956 151 64 1934]

220 3028 27 37 4
275 3038 28 36 p.
384 3060 8 15 l.,
421 3027 142 41 3-281
597 3038 41 37 p.
701 3028 54 39 19
759 3031 42 20 cm
808 3061 7 7 .

223 3085 160 39 “First
411 3085 226 39 edition.”

158 3138 50 52 ©
243 3145 120 37 Mar.
397 3144 38 45 1,
470 3143 139 40 1934;
646 3144 63 39 2c.
746 3145 94 38 and
874 3144 80 39 aff.
991 3145 121 39 Mar.
1146 3144 50 38 6:
1233 3144 40 37 A
1307 3142 169 48 69729;
1514 3144 261 46 Harcourt,
1812 3144 153 38 Brace
2000 3143 36 38 &
2069 3151 53 30 co
2143 3172 7 15 ,

222 3200 91 40 inc.
384 3199 250 49 (34-4844)

155 3287 1970 148 Minnesota and North western digest. January, 1934, cumulative pamphlet …
859 3368 82 54 St.
981 3369 165 66 Paul,
1183 3371 160 53 West
1383 3368 335 68 publishing
1757 3385 78 34 co.
1883 3401 10 32 [
1900 3374 17 19 c
1923 3370 151 62 1934]

224 3441 87 39 286
337 3453 40 35 p.
436 3442 56 38 24
495 3444 44 20 cm
546 3474 6 7 .

160 3493 49 51 ©
236 3499 108 38 Jan.
370 3498 68 46 18,
464 3497 113 40 1934;
632 3499 65 39 2c.
724 3500 96 37 and
847 3499 80 38 aff.
955 3499 108 39 Feb.
1092 3498 53 39 23;
1202 3499 39 37 A
1267 3497 143 41 69596;
1466 3499 135 38 West
1627 3498 108 47 pub.
1763 3508 64 28 co.

159 3586 372 65 Mississippi.
607 3593 276 60 Supreme
917 3596 172 46 court.

227 3662 1920 70 Cases argued and decided … at the March term, 1933. v. 166.
158 3740 286 69 Reported
505 3744 74 65 by
640 3743 174 53 Louis
875 3747 78 49 M.
1017 3745 260 67 Jiggitts.
1356 3744 318 64 Columbia,
1736 3745 133 63 Mo.,
1930 3744 65 50 E.
2057 3743 89 52 W.

160 3817 276 68 Stephens
467 3822 335 67 publishing
830 3839 97 49 co.,
961 3826 149 48 1933.

229 3892 100 47 xiii,
361 3893 87 39 996
476 3905 41 36 p.
578 3895 151 46 diagr.
790 3894 55 38 22½
878 3896 44 21 cm
927 3926 6 7 .

160 3944 49 50 ©
239 3950 111 38 Dec.
380 3949 68 48 22,
479 3949 139 47 1933;
650 3951 65 39 2c.
748 3945 108 47 Jan.
887 3951 37 46 8,
956 3951 139 46 1934;
1129 3951 79 39 aff.
1241 3952 106 38 Jan.
1379 3950 80 47 19;
1494 3951 41 38 A
1563 3950 169 45 70356;
1768 3949 201 40 Central
1996 3947 152 40 states

226 4006 120 39 book
377 4017 79 33 co.,
489 4007 265 43 Columbia,
785 4009 92 37 Mo.
