2350 4196
1102 4014 132 52 1837

170 368 294 65 Scheidig,
492 368 230 56 Alfred.

239 447 120 51 Der
393 447 111 51 loss
539 446 118 52 und
693 447 151 52 seine
878 441 468 70 geotechnischen
1380 440 443 68 eigenschaften.
1897 441 273 69 Geologie

167 524 118 51 und
313 523 386 67 Verbreitung,
725 518 466 70 erdstoffphysik,
1221 520 518 53 erdbaumechanik
1766 520 119 52 und
170 521 1977 132 geotechnik

173 595 1999 150 der lösse und lösslehme, schluffe, silte und anderer stauberden. aschen und staube, von dr.-ing. Alfred Scheidig … Mit
172 754 2001 71 einer einführung von professor dr.-ing. F. K ö gler … Mit 132
172 835 387 68 abbildungen
591 837 118 51 und
742 840 29 48 6
804 836 260 52 tabeilen.
1133 834 258 53 Dresden
1429 839 138 61 [etc.]
1600 833 216 67 Verlag
1847 852 112 34 von
170 835 1976 132 Theodor
304 913 343 69 Steinkopff,
677 917 151 50 1934.

243 983 1369 52 xii, 233 p. illus. (incl. maps, plans ) d iagrs. 25cm.
245 1044 609 40 “Literaturverzeichnis”
876 1056 7 27 :
915 1055 40 37 p.
986 1043 214 40 205-223.

177 1110 1940 52 © Apr. 25, 1934; 1c. Dec. 19; A -Foreign 26496.; Theodor Steinkopff.
254 1171 362 48 (A C 34-3494)
172 1273 288 67 Schmidt,
488 1274 305 66 Albrecht,
824 1281 170 50 1864-

248 1352 112 53 Die
390 1353 362 54 industrielle
780 1353 214 54 chemie
1024 1351 60 55 in
1117 1350 154 55 ihrer
1300 1352 330 67 bedeutung
1660 1352 83 52 im
1771 1352 256 53 weitbild
2060 1352 119 53 und

179 1431 418 67 erinnerungen
641 1450 72 34 an
755 1430 163 54 ihren
960 1430 234 67 aufbau,
1236 1431 148 52 nach
1427 1433 67 49 25
1538 1430 377 67 Vorlesungen
1962 1448 72 34 an
2081 1430 100 53 der

177 1508 233 55 Johann
455 1508 322 68 Wolfgang
821 1508 588 55 Goethe-universität
1454 1507 330 53 Frankfurt
1829 1525 47 35 a.
1921 1508 100 66 M.,
2067 1526 112 35 von

174 1585 2003 69 prof. dr., dr. ing. e. h. Albrecht Schmidt … Berlin und
179 1665 257 68 Leipzig,
469 1665 90 54 W.
594 1665 68 54 de
697 1664 256 68 Gruyter
984 1667 46 51 &
1065 1683 98 48 co.,
1197 1667 151 50 1934.

247 1737 1103 50 xxxix, 829 p. incl. tables, diagrs. 24 ½ cm.
180 1806 1996 52 © Aug. 1, 1934; 1c. Sept. 20; A -Foreign 25691; Walter de Gruyter & co.
258 1866 249 49 (35-1742)

177 1971 322 61 Schwartz,
527 1972 203 64 Harry
753 1973 270 55 Warren.

248 2048 142 53 This
429 2047 477 69 book-collecting
945 2046 220 69 racket;
1208 2069 31 33 a
1280 2047 111 53 few
1430 2053 160 47 notes
1629 2065 73 35 on
1740 2048 97 51 the
1878 2047 196 54 abuses
2115 2047 63 53 of

177 2126 2002 69 book collecting, by Harry W. Schwartz … pt. 1. Milwaukee,
177 2205 121 52 The
326 2205 295 54 Casanova
647 2223 174 50 press,
849 2209 150 51 1934.

248 2280 26 37 46
333 2289 42 37 p.
435 2278 117 41 19cm.

252 2335 145 40 “This
434 2335 184 41 edition
655 2335 43 40 is
734 2336 190 39 limited
963 2339 52 37 to
1050 2335 87 41 500
1172 2336 264 41 numbered
1473 2334 204 50 copies.”
1745 2335 158 41 These
1939 2344 83 32 are
2060 2345 121 40 copy

179 2393 227 39 numbers
431 2393 85 40 483
546 2393 96 40 and
667 2393 101 40 484.

182 2445 51 52 ©
262 2451 107 38 Jan.
398 2449 69 48 27,
495 2449 141 47 1934;
664 2449 65 40 2c.
758 2450 118 47 Aug.
904 2450 53 46 4;
988 2449 80 40 aff.
1096 2450 115 39 Nov.
1240 2449 52 48 8;
1321 2450 43 39 A
1389 2449 143 41 78016;
1592 2450 60 39 H.
1681 2450 72 39 W.
1786 2449 261 47 Schwartz,
250 2448 1914 99 Milwaukee.
535 2506 250 49 (35-1212)

180 2609 166 54 Scott
372 2614 198 60 stamp
597 2611 115 52 and
740 2615 127 48 coin
894 2626 102 48 co.,
1062 2611 73 64 I’d.,
1157 2612 140 51 New
1325 2611 178 52 York.

254 2688 120 52 The
424 2688 277 67 specialty
750 2686 194 54 album
991 2686 96 54 for
1134 2687 495 54 commemorative
1678 2691 239 63 postage
1964 2691 217 63 stamps

185 2765 65 52 of
277 2766 96 52 the
400 2766 181 52 world;
643 2765 258 54 contains
928 2784 193 48 spaces
1151 2765 94 54 for
1275 2767 78 51 all
1384 2771 216 61 stamps
1630 2765 170 53 listed
1828 2764 61 53 in
1919 2766 97 53 the
2049 2768 137 50 1934

185 2841 215 55 edition
440 2842 64 53 of
542 2844 96 52 the
683 2841 292 56 Standard
1017 2848 234 62 postage
1290 2850 191 61 stamp
1524 2844 298 66 catalogue
1861 2843 184 53 under
2084 2842 101 55 the

188 2920 303 68 following
524 2919 428 54 classification:
988 2920 263 68 “Special
1285 2926 216 62 stamps
1534 2918 189 56 issued
1757 2925 62 50 to
188 2938 1971 113 commemorate
345 3017 154 36 some
534 3003 167 47 event
736 2997 65 53 of
839 2999 163 65 local,
1041 2999 258 53 national
1339 3019 64 34 or
1441 2999 297 53 historical
1775 2998 407 67 importance.”

187 3076 138 53 New
359 3075 180 67 York,
570 3074 163 56 Scott
760 3081 187 62 stamp
980 3078 46 51 &
1056 3077 125 53 coin
1213 3095 299 49 company,
1540 3077 106 53 ltd.
1684 3079 192 64 [c1934]

252 3146 113 51 [495]
401 3157 43 37 p.
504 3146 129 40 illus.
692 3145 118 42 29cm.

252 3204 128 39 Four
408 3203 148 40 blank
580 3212 147 38 pages
754 3205 53 38 at
832 3204 106 40 end.

251 3260 225 40 Includes
506 3258 304 49 advertising
836 3261 193 40 matter.

188 3329 1994 52 © Feb. 10, 1934; 2c. and aff. Dec. 28; A 78747; Scott stamp & coin co.,
253 3390 84 39 ltd.
411 3387 249 51 (35-1526)

259 3493 122 51 The
416 3491 277 68 specialty
727 3492 193 52 album
954 3490 93 55 for
1083 3492 180 55 Great
1297 3492 250 66 Britain,
1584 3491 226 54 British
1845 3492 244 53 colonies
2125 3492 60 52 in

196 3570 226 66 Europe
450 3570 111 52 and
589 3568 247 56 Oceania
866 3575 236 62 postage
1128 3575 215 61 stamps;
1404 3569 260 53 contains
1688 3588 192 48 spaces
1911 3569 95 54 for
190 3574 1973 140 postage
321 3652 219 62 stamps
566 3647 185 52 issued
778 3646 76 67 by
883 3646 180 55 Great
1089 3647 233 53 Britain
1351 3648 113 52 and
1496 3646 225 53 British
1749 3647 344 66 possessions
2124 3647 61 53 in

193 3724 231 67 Europe
466 3724 113 52 and
626 3723 247 55 Oceania
919 3722 169 56 listed
1132 3722 59 55 in
1236 3726 95 51 the
1378 3723 293 56 Standard
1714 3730 235 62 postage
1995 3731 188 62 stamp

191 3802 313 66 catalogue,
537 3804 137 49 1934
703 3802 232 52 edition.
1010 3802 140 53 New
1180 3801 181 67 York,
1395 3801 163 55 Scott
1585 3806 187 63 stamp
1806 3804 46 51 &
1882 3803 126 52 coin
189 3821 1974 125 company,
388 3878 123 66 ltd.,
536 3881 174 51 c1934.

255 3950 25 39 1
308 3960 42 30 V.
411 3949 128 41 illus.
597 3949 117 41 31cm.
786 3950 96 49 (On
909 3960 162 31 cover:
1102 3950 244 48 Specialty
1376 3951 174 49 series)
