2350 4196
1191 4027 96 49 182

238 408 421 65 Fairweather,
692 410 224 62 George
947 409 195 63 Owen,
1173 413 168 48 1883-

311 487 237 53 Wanted:
634 486 321 67 intelligent
1013 486 144 52 local
1213 484 523 69 self-government,
1792 483 281 68 restoring
2128 485 96 52 the

236 565 210 66 parties
470 570 57 46 to
551 564 94 51 the
667 564 216 66 people,
907 563 74 67 by
1005 562 218 68 George
1306 606 8 9 O.
1339 563 403 52 Fairweather.
1821 560 266 68 Chicago,
2111 562 113 66 Ill.,

235 643 120 51 The
381 641 335 66 University
743 640 63 52 of
835 640 248 68 Chicago
1111 659 154 48 press
1338 643 149 63 [c1934]

307 715 98 47 viii,
442 715 56 39 52
531 725 41 37 p.
634 713 54 40 19½
721 716 43 21 cm
771 746 8 7 .

241 782 50 51 ©
324 787 106 38 Jan.
462 785 68 46 16,
562 785 139 40 1934;
735 785 65 39 2c.
833 786 94 38 and
960 784 80 40 aff.
1073 784 107 39 Jan.
1212 784 81 38 25:
1327 784 42 38 A
1400 783 143 40 08998;
1604 783 281 46 University
1918 782 51 40 of
2001 781 221 48 Chicago,

305 843 222 47 Chicago.
598 842 249 47 (34-4076)

241 943 310 65 Faulkner,
583 944 220 53 Harold
837 943 384 65 Underwood,
1258 947 167 49 1890-

307 1022 283 66 America,
637 1022 72 52 its
755 1022 220 66 history
1024 1025 109 50 and
1181 1023 216 65 people,
1444 1040 31 33 a
1519 1022 126 52 unit
1693 1019 410 68 organization,
2147 1020 76 67 by

238 1098 1985 67 Harold Underwood Faulkner … and Tyler Kepner … New
240 1176 162 53 York
428 1178 111 51 and
565 1178 257 65 London,
847 1178 231 66 Harper
1105 1181 45 49 &
1173 1177 273 65 brothers,
1476 1181 147 48 1934.

308 1252 103 45 xiii,
440 1250 83 40 850
549 1262 43 36 p.
647 1251 142 46 illus.,
817 1261 150 37 maps,
995 1250 179 48 diagrs.
1228 1250 55 39 24
1286 1252 43 21 cm
1333 1281 8 7 .

309 1307 160 41 “First
502 1307 225 40 edition.”

310 1365 348 47 Bibliography
682 1368 51 36 at
755 1365 94 39 end
874 1365 51 39 of
948 1365 116 38 each
1090 1364 197 47 chapter;
1344 1364 68 38 “A
1436 1362 250 40 minimum

1715 1362 183 47 library
1925 1362 95 39 and
241 1371 1969 91 recreational
421 1421 227 48 reading”:
707 1432 42 37 p.
778 1421 214 41 837-840.

244 1479 50 51 ©
325 1484 107 38 Feb.
463 1484 67 45 21,
560 1482 113 41 1934;
729 1484 65 39 2c.
825 1484 108 39 Feb.
964 1483 53 41 23:
1077 1483 78 39 aff.
1187 1484 108 39 Feb.
1324 1484 54 38 24:
1438 1485 39 37 A
1505 1483 142 40 69569;
1707 1484 192 46 Harper
1929 1483 37 39 &
1991 1484 124 38 bros.

320 1540 248 47 (34-4056)

245 1642 199 65 Finch,
477 1644 242 53 Charles
751 1645 217 63 Edgar.

311 1718 307 70 Everyday
651 1719 197 67 civics;
887 1720 364 68 community,
1285 1726 161 61 state,
1483 1720 112 52 and
1630 1719 216 68 nation,
1881 1720 75 68 by
1994 1718 234 55 Charles

242 1795 1989 70 Edgar Finch … New York, Cincinnati [etc.] American book
242 1891 238 51 company
556 1907 13 34 [
574 1880 17 21 c
596 1877 136 49 1934
734 1907 13 34 ]

311 1957 43 36 x,
383 1947 97 41 320.
508 1947 142 47 320A,
677 1947 203 40 321-326
906 1957 42 37 p.
978 1948 108 39 incl.
1115 1948 160 44 front.,
1306 1948 125 38 illus.
1493 1946 57 40 19
1552 1950 43 20 cm
1601 1979 7 8 .

245 2002 50 51 ©
334 2007 109 38 Feb.
480 2007 68 45 21,
586 2006 138 40 1934;
764 2007 66 38 2c.
869 2008 94 37 and
1001 2005 79 40 aff.
1120 2007 106 38 Feb.
1266 2006 80 45 24;
1387 2006 40 38 A
1464 2006 168 39 69558:
1674 2007 144 38 Amer.
1871 2007 121 38 book
2030 2016 64 29 co.
2161 2001 66 53 [©

311 2065 220 46 changes]
609 2063 247 48 (34-3888)

245 2166 199 64 Floyd,
475 2165 272 66 William,
782 2165 169 53 1871-

313 2243 1919 69 The mistakes of Jesus, by William Floyd … New York,
244 2322 120 52 The
392 2321 389 69 Freethought
812 2340 154 49 press
997 2323 352 65 association,
1380 2326 150 48 1932.

312 2396 55 40 91
400 2407 42 37 p.
504 2394 54 40 20
562 2397 43 21 cm
610 2427 8 8 .

248 2450 50 51 ©
333 2456 113 45 May
477 2454 38 42 6,
549 2454 138 45 1932;
723 2454 66 39 2c.
824 2453 109 39 Feb.
967 2454 67 45 17,
1069 2452 137 40 1934;
1244 2452 81 40 aff.
1361 2453 108 40 Feb.
1505 2453 80 47 19;
1623 2454 38 37 A
1696 2452 167 40 69523:
1903 2453 327 48 Freethought

313 2519 133 38 press
476 2521 140 30 assn.,
646 2511 86 38 inc.
806 2510 248 47 (34-3921)

248 2612 228 64 Ghyka,
505 2613 208 53 Matila
741 2612 320 65 Costiescu,
1097 2617 168 48 1881-

374 2690 1591 67 … Pluie d’étoiles, roman. [Paris] Gallimard [ c 1933]
315 2763 454 49 363 p., 1 l. 19 cm .
320 2823 62 38 At
408 2822 123 39 head
560 2821 51 40 of
638 2821 107 40 title:
805 2820 172 40 Matila
1008 2820 49 40 C.
1086 2821 184 47 Ghyka.

249 2876 50 51 ©
336 2881 116 39 Nov.
489 2882 37 40 1,
565 2879 138 40 1933;
744 2881 64 37 1c.
848 2880 109 38 Dec.
995 2880 80 38 28:
1116 2878 307 47 A-Foreign
1461 2880 168 40 23143:
1671 2880 238 40 Librairie
1950 2879 278 41 Gallimard.

324 2936 248 47 (34-4233)

250 3038 127 65 Gill,
409 3040 159 63 Tom,
601 3042 170 48 1891-

317 3117 187 51 Death
539 3117 148 51 rides
722 3117 94 51 the
849 3135 166 46 mesa,
1051 3116 73 66 by
1159 3118 139 50 Tom
1336 3116 135 52 Gill.
1548 3119 136 50 New
1721 3120 178 63 York,
1936 3120 212 50 Farrar
2187 3122 44 49 &

246 3193 295 61 Rinehart,
572 3194 396 66 incorporated
1005 3228 10 32 [
1022 3200 16 20 c
1045 3198 132 48 1934
1182 3228 11 31 ]

314 3266 649 48 3 p. l. , 3-309 p. 19½ cm .
251 3320 51 50 ©
335 3323 107 39 Feb.
475 3323 67 39 26.
575 3323 137 39 1934;
748 3323 63 39 2c.
845 3325 92 36 and
972 3322 77 39 aff.
1085 3323 106 38 Feb.
1226 3323 80 39 27:
1342 3323 38 37 A
1413 3322 166 42 70396:
1616 3324 51 39 T.
1701 3323 109 41 Gill.
1843 3324 331 47 Washington.

324 3380 248 46 (3,4-4062)

248 3483 121 51 The
399 3481 508 64 Harvey'society,
935 3485 137 49 New
1104 3484 173 51 York.

321 3560 117 51 The
484 3560 235 65 Harvey
764 3561 233 50 lectures
1045 3559 282 51 delivered
1374 3561 177 50 under
1594 3562 95 50 the
1736 3561 251 67 auspices
2032 3561 62 51 of
2137 3561 95 51 the

250 3635 235 67 Harvey
515 3637 210 65 society
757 3637 61 49 of
851 3639 135 49 New
1019 3637 176 57 York,
1229 3640 323 52 1932-1933.
1583 3640 179 50 under
1794 3640 96 50 the
1919 3644 312 61 patronage

253 3713 61 52 of
347 3716 93 51 the
475 3717 137 49 New
648 3715 159 51 York
842 3715 264 64 academy
1141 3714 60 51 of
1235 3715 291 60 medicine,
1559 3717 72 65 by
1665 3718 102 50 Dr.
1801 3716 191 54 Julius
2027 3718 203 64 Bauer,

252 3793 100 52 Dr.
393 3795 62 49 L.
498 3792 65 52 O.
606 3792 245 56 Kunkel.
891 3794 101 49 Dr.
1033 3793 217 66 George
1286 3793 90 52 W.
1420 3794 213 53 Corner
1697 3794 111 51 [and
1849 3795 204 63 others]
252 3793 1956 130 Series
408 3888 204 32 xxviii.

691 3870 329 53 Baltimore,
1067 3871 116 50 The
1227 3870 285 53 Williams
1558 3875 43 48 &
1643 3871 249 54 Wilkins
1938 3888 293 43 company,

254 3951 147 48 1934.
