2350 4196
1133 4021 100 48 340

197 457 252 65 benches,
493 457 327 65 bookracks,
864 458 249 53 cabinets
1156 460 110 51 and
1309 459 161 53 other
1515 458 303 56 furniture.
1898 462 291 66 Prepared

199 535 73 67 by
301 534 93 54 the
425 534 263 52 editorial
718 534 133 53 staff
881 535 63 51 of
972 536 253 66 Popular
1255 536 212 54 science
1493 538 276 66 monthly.
1844 537 138 53 New
2012 540 179 67 York,

198 613 255 66 Popular
480 612 209 52 science
717 612 334 69 publishing
1075 631 294 50 company,
1395 614 106 54 inc.
1536 617 190 64 [c1934]

268 686 85 40 192
376 697 42 37 p.
473 686 141 47 illus.,
641 686 179 47 diagrs.
873 685 145 40 19½cm.
1081 687 250 48 (Lettered
1357 698 60 30 on
1443 697 162 32 cover:
1630 688 335 47 Handyman’s
1991 689 196 39 modern

195 744 248 47 manuals)

202 807 51 52 ©
281 813 121 38 Mar.
430 812 38 46 6,
497 812 113 39 1934;
665 812 67 39 2c.
760 813 95 38 and
882 812 79 40 aff.
991 814 120 38 Mar.
1140 815 80 45 15;
1251 815 40 38 A
1319 814 168 43 69850;
1518 816 212 46 Popular
1758 817 185 39 science
1971 818 108 46 pub.
2107 828 80 35 co.,

269 869 88 39 inc.
429 869 249 47 (34-6444)

203 985 230 66 Rivera,
465 985 337 66 Guillermo,
835 991 170 49 1885-

265 1064 56 51 A
348 1064 274 51 tentative
652 1064 403 68 bibliography
1084 1065 64 52 of
1175 1065 96 53 the
1297 1066 391 53 belles-lettres
1717 1067 64 52 of
1808 1067 281 68 Ecuador,
2115 1067 74 69 by

197 1141 1992 72 Guillermo Rivera … Cambridge, Mass., Harvard university
197 1236 172 50 press,
412 1221 150 50 1934.

267 1292 1921 51 5 p. l., 76 p. 23½cm. (Half-title: Bibliographies of Spanish-American
197 1348 281 47 literature)

269 1404 290 40 “Published
591 1405 60 46 by
685 1405 81 39 the
800 1405 228 40 Harvard
1063 1405 184 41 council
1280 1417 59 28 on
1372 1406 495 47 Hispano-American
1901 1405 288 43 studies.”—

198 1462 128 40 Pref.
357 1462 51 39 of
436 1462 81 39 the
546 1461 224 40 director.

202 1530 50 51 ©
292 1535 119 37 Mar.
449 1533 67 41 13.
554 1532 112 40 1934;
733 1533 66 39 2c.
837 1534 119 39 Mar.
996 1533 53 40 19;
1117 1533 80 40 aff.
1236 1535 120 38 Mar.
1394 1533 57 40 20;
1516 1534 40 38 A
1594 1533 141 40 69900;
1803 1532 255 41 President
2095 1536 93 37 and

266 1591 193 38 fellows
488 1590 50 38 of
570 1591 229 37 Harvard
831 1591 190 46 college,
1056 1589 297 48 Cambridge,
1388 1590 145 39 Mass.
1604 1590 250 48 (34-6534)

220 1708 166 63 [Rose,
414 1708 225 53 Walter
665 1707 231 68 Malins]

267 1787 133 49 1932
438 1785 360 67 supplement
836 1792 57 46 to
932 1785 190 54 Rose’s
1161 1790 156 48 notes
1356 1804 72 33 on
1465 1786 94 51 the
1596 1785 216 54 United
1855 1786 186 54 States
193 1784 1969 144 Supreme
422 1869 158 46 court
620 1867 222 63 reports
875 1862 57 68 (2
969 1863 200 53 Dallas
1206 1869 59 48 to
1305 1866 98 49 283
1444 1864 217 53 United
1703 1864 186 54 States
1926 1863 249 67 reports)

192 1940 261 69 showing
501 1941 94 51 the
645 1940 269 69 holdings
962 1941 64 51 of
1074 1942 94 51 the
1218 1944 144 49 later
1411 1947 143 46 state
1606 1942 110 51 and
1768 1941 219 53 federal
2037 1959 149 34 cases

195 2017 186 54 which
417 2019 106 52 cite
559 2020 94 52 the
692 2019 274 52 decisions
1004 2019 63 51 of
1101 2020 93 51 the
1235 2021 272 65 Supreme
1545 2025 158 48 court
1742 2019 61 52 of
1837 2020 92 51 the
1967 2019 217 55 United

197 2096 204 67 States,
449 2099 116 51 also
612 2097 237 52 citation
894 2097 62 51 of
1004 2097 272 67 Supreme
1322 2104 160 46 court
1528 2098 274 51 decisions
1848 2098 58 50 in
192 2103 1970 124 annotations
383 2176 60 51 in
485 2175 307 53 American
835 2178 109 49 law
986 2180 221 63 reports
1240 2177 95 55 (A.
1380 2177 63 51 L.
1488 2177 125 65 R.),
1656 2178 266 64 Lawyers
1964 2181 221 62 reports

196 2253 307 52 annotated
537 2253 88 66 (L.
665 2255 67 51 R.
771 2253 127 67 A.),
936 2255 266 65 Lawyers
1238 2258 222 63 reports
1499 2254 323 66 annotated,
1859 2272 122 33 new
2018 2253 166 54 series

205 2334 89 65 (L.
329 2334 67 51 R.
433 2333 70 51 A.
537 2332 96 67 (N.
673 2331 151 68 S.)),
858 2332 329 52 Annotated
1222 2350 149 35 cases
1404 2331 177 68 (Ann.
1618 2332 163 66 cas.),
1816 2332 220 52 British
192 2332 1969 147 ruling
321 2426 148 37 cases
504 2411 93 66 (B.
624 2412 68 51 R.
725 2410 118 67 C.),
872 2411 340 66 Negligence
1244 2411 110 50 and
1383 2410 422 67 compensation
1867 2429 116 33 cases
193 2428 1967 112 annotated
383 2487 95 68 (N.
528 2490 60 53 C.
638 2490 61 53 C.
746 2489 127 65 A.),
920 2488 216 53 United
1184 2487 188 54 States
1423 2488 272 67 Supreme
1743 2494 158 46 court
1947 2492 237 64 reports,

192 2566 266 67 Lawyers
496 2564 215 54 edition
745 2566 88 65 (L.
871 2565 136 67 Ed.)
1092 2584 50 33 v.
1179 2569 44 48 6.
1263 2569 235 47 192-211
1537 2567 214 53 United
1792 2567 201 53 States.
2069 2567 114 54 San

192 2644 321 67 Francisco,
548 2644 139 67 Cal.,
722 2643 540 54 Bancroft-Whitney
1336 2661 77 36 co.;
1479 2645 323 58 Rochester,
1837 2646 68 50 N.
1942 2646 88 65 Y.,
2065 2646 119 51 The

190 2723 268 60 Lawyers
488 2722 381 61 co-operative
903 2721 332 62 publishing
1268 2738 294 45 company,
1599 2725 148 51 1933.

267 2809 41 34 v,
338 2796 117 40 1023
481 2807 41 36 p.
582 2796 113 39 25cm.

199 2850 51 50 ©
282 2855 118 37 Mar.
432 2853 68 46 23,
531 2852 114 39 1934;
704 2851 64 39 2c.
802 2853 121 38 Mar.
953 2850 81 47 29;
1069 2850 79 39 aff.
1181 2851 120 40 Mar.
1333 2851 81 46 31;
1447 2851 42 38 A
1519 2851 167 46 70899;
1722 2851 230 46 Lawyers
267 2858 1900 91 co-operative
427 2910 106 46 pub.
568 2918 63 30 co.
667 2909 94 38 and
794 2906 486 48 Bancroft-Whitney
1313 2917 65 29 co.
1446 2903 68 52 [©
1550 2908 244 39 additions
1829 2909 93 37 and
1958 2906 223 47 revision]

197 3016 566 75 Schreiber, É mile.
267 3101 159 55 Cette
464 3101 172 53 année
676 3102 30 50 à
743 3101 345 66 Jérusalem;
1129 3101 31 50 à
1196 3106 219 47 travers
1452 3102 55 51 la
1544 3100 288 54 Palestine
1869 3100 171 68 juive,
2078 3118 105 49 par

197 3171 185 61 Émile
431 3179 312 54 Schreiber.
826 3179 155 52 Avec
1027 3196 108 34 une
1180 3182 150 48 carte
1378 3178 133 53 hors
1557 3183 165 47 texte.
1806 3178 183 66 Paris,
2037 3177 147 51 Plon

201 3260 171 64 [1933]

269 3327 849 52 2 p. l., 225 p., 1 l. map. 19cm.
198 3384 1983 51 © Nov. 14, 1933; 1c. Jan. 23. 1934; A- Foreign 23465; Librairie Plon.
276 3444 248 47 (34-6387)

196 3559 207 66 Seidel,
431 3563 158 51 Frau
615 3562 105 51 Ina
752 3559 249 65 (Seidel)
1040 3563 168 49 1885-

358 3637 1818 68 … Der weg ohne wahl, roman. Stuttgart, Berlin, Deutsche
193 3716 462 67 verlags-anstalt
709 3719 173 63 [c1933]

267 3787 98 49 307,
444 3808 10 29 [1]
487 3798 43 37 p.
589 3787 116 40 20cm.

267 3844 63 39 At
357 3845 123 39 head
513 3844 51 39 of
593 3844 107 39 title
718 3855 8 28 :
758 3845 87 38 Ina
877 3844 172 42 Seidel.

198 3896 50 51 ©
280 3901 99 40 Oct.
410 3901 68 39 31.
508 3900 139 40 1933;
680 3903 65 37 1c.
777 3901 107 38 Jan.
916 3900 37 42 9,
986 3900 139 46 1934;
1158 3899 307 46 A-Foreign
1496 3898 142 40 23325;
1700 3900 241 38 Deutsche
266 3898 1896 99 verlags-anstalt.
533 3957 249 48 (34-6403)
