2350 4196
1121 3992 131 47 1152

214 369 200 62 Home,
445 367 268 56 Michael.

288 445 71 51 In
380 446 113 52 this
518 446 202 60 valley,
743 445 74 61 by
838 445 247 52 Michael
1108 446 184 50 Home
1319 488 55 8 ...
1452 443 256 63 London,
1733 442 145 53 Rich
1903 446 44 50 &
1973 444 228 62 Cowan,

217 523 121 66 ltd.,
369 527 147 49 1934.

290 594 727 49 ix p., 1 l., 13-368 p. 20½ cm .
291 651 138 46 Maps
461 663 58 28 on
550 652 360 47 lining-papers.

221 705 1980 51 © 1c. Aug. 25, 1934; A ad int. 19302; pubd. July 5; Christopher Bush,
287 767 220 46 Beckley,
540 766 190 46 Sussex,
761 766 233 47 England.
1069 763 277 48 (34-30050)

211 866 313 66 Horrabin,
552 867 203 54 James
786 868 261 59 Frances,
1081 869 168 50 1884-

284 943 93 51 An
409 944 144 52 atlas
585 942 65 54 of
680 950 226 46 current
938 943 213 66 affairs,
1180 942 76 69 by
1287 942 54 53 J.
1375 942 65 52 F.
1473 940 313 54 Horrabin.
1854 941 138 53 New
2024 940 181 69 York,

220 1022 65 51 A.
315 1020 71 53 A.
417 1020 224 68 Knopf,
672 1023 148 50 1934.

287 1103 43 36 x,
359 1093 95 46 149,
481 1094 48 38 iv
556 1103 56 38 p.,
640 1095 24 37 1
692 1095 29 38 1.
750 1094 108 39 incl.
886 1093 56 39 74
969 1103 147 37 maps.
1177 1092 56 40 19½
1265 1093 42 22 cm
1313 1122 7 7 .

289 1149 160 41 “First
481 1151 254 39 American
769 1150 226 40 edition.”

221 1206 50 50 ©
300 1210 116 46 Aug.
446 1209 68 41 27.
542 1208 139 40 1934:
712 1207 64 41 2c.
808 1210 94 38 and
930 1208 81 40 aff.
1038 1210 118 45 Aug.
1185 1206 81 48 29;
1297 1208 40 37 A
1366 1205 141 41 74697;
1567 1206 170 41 Alfred
1767 1207 53 39 A.
1850 1205 178 50 Knopf,
2057 1207 90 41 inc.

298 1265 277 48 (34-30056)

214 1370 262 63 Hughes,
508 1369 161 55 Ellis.

289 1489 54 8 ...
398 1447 262 51 Nature’s
708 1447 230 51 method
987 1446 63 53 of
1097 1447 103 51 soil
1248 1447 235 64 control,
1530 1446 75 65 by
1654 1445 145 53 Ellis
1848 1446 239 67 Hughes
2143 1489 54 8 ...

218 1525 349 67 [Kamloops,
605 1527 66 50 B.
711 1525 79 65 C.,
830 1524 250 58 Canada,
1117 1525 312 64 Kamloops
1470 1524 329 65 advertiser]
1845 1527 148 50 1934.

291 1600 22 37 1
345 1600 147 38 sheet.
550 1597 146 39 28×21½
759 1600 43 20 cm
808 1628 6 7 .

221 1652 1966 107 © 1c. Sept. 17, 1934; A ad int. 19414: pubd. Sept. 8; E. Hughes, Kamloops. B. C., Canada.
213 1815 174 63 Itjen,
417 1814 241 54 Martin.

288 1892 120 50 The
444 1897 156 56 story
636 1891 62 51 of
735 1892 93 50 the
865 1896 129 46 tour
1031 1909 70 33 on
1140 1891 94 51 the
1272 1890 301 67 Skagway,
1611 1890 234 66 Alaska,
1883 1897 169 46 street
2089 1909 109 37 car,

218 1972 195 50 owned
462 1970 72 57 by
579 1968 218 53 Martin
843 1969 172 66 Itjen,
1063 1969 123 53 who
1232 1968 147 53 built
1423 1970 96 51 the
1565 1985 94 34 car
1706 1970 111 51 and
1864 1975 174 47 wrote
2083 1970 115 51 this

216 2048 145 51 book
380 2081 91 5 —
492 2048 203 56 Henry
722 2048 161 51 made
907 2048 95 50 the
1026 2047 194 52 chasis.
1303 2045 100 67 [St.
1432 2047 290 66 Benedict,
1751 2046 117 68 Or.,
1894 2053 16 20 c
1916 2050 150 64 1934]

290 2119 280 46 cover-title,
600 2119 54 39 82
680 2130 42 36 p.
752 2119 107 40 incl.
888 2119 162 46 front.,
1081 2119 126 39 illus.
1268 2119 53 39 23
1325 2121 43 21 cm
1374 2151 7 7 .

291 2177 143 39 “This
461 2176 120 40 book
604 2175 218 40 contains
847 2186 111 28 over
982 2186 87 29 one
1093 2176 218 39 hundred
1334 2175 203 41 historic
1562 2179 94 37 and
1682 2176 157 39 scenic
1863 2176 147 39 views
2035 2177 48 38 in
2108 2178 93 38 and

220 2235 183 38 around
433 2233 249 47 Skagway,
710 2233 195 46 Alaska,
931 2233 51 38 of
1007 2233 80 39 the
1112 2232 133 47 early
1268 2233 119 46 days
1413 2233 51 39 of
1489 2232 218 48 ’98.”—p.
1736 2233 54 49 [1]

292 2291 271 45 Published,
592 2289 126 47 1933,
747 2290 151 38 under
926 2289 134 40 title:
1089 2289 216 40 Historic
1333 2290 93 39 and
1454 2289 157 40 scenic
1639 2290 148 39 views
1816 2290 48 38 in
1893 2291 93 38 and
2016 2292 182 37 around

223 2347 249 44 Skagway.

219 2400 52 51 ©
309 2405 115 46 Aug.
466 2405 66 46 14,
573 2402 138 41 1934:
753 2402 65 40 2c.
858 2404 94 38 and
990 2402 81 40 aff.
1113 2403 123 47 Sept.
1275 2404 53 40 4:
1370 2404 42 39 A
1447 2404 168 45 75151;
1660 2405 59 38 M.
1761 2404 144 46 Itjen,
1949 2405 251 47 Skagway,

286 2461 194 39 Alaska.
545 2460 278 49 [Copyright
852 2460 41 39 is
925 2459 202 39 claimed
1158 2471 56 28 on
1244 2471 105 28 new
1379 2463 193 46 matter]
1647 2460 276 47 (34-30227)

208 2561 217 64 James,
454 2565 136 50 Mrs.
626 2562 198 52 Bessie
853 2562 297 55 Rowland.

285 2640 119 51 The
437 2656 340 51 courageous
809 2639 190 65 heart;
1036 2658 31 33 a
1096 2639 105 52 life
1232 2640 62 53 of
1324 2640 253 53 Andrew
1607 2641 249 54 Jackson
1887 2641 93 51 for
2009 2658 192 51 young

215 2717 241 66 readers,
503 2717 74 66 by
625 2717 190 51 Bessie
860 2717 280 52 Rowland
1190 2717 191 54 James
1430 2718 111 53 and
1587 2719 257 67 Marquis
1894 2719 192 54 James
2140 2763 54 9 ...

215 2794 138 53 with
375 2793 377 53 illustrations
775 2794 75 67 by
871 2794 213 52 Lowell
1109 2796 249 52 Balcom.
1417 2796 416 68 Indianapolis.
1856 2797 139 53 New
2022 2797 177 55 York,

213 2872 119 51 The
365 2871 440 52 Bobbs-Merrill
836 2889 278 49 company
1151 2905 12 33 [
1168 2879 16 21 c
1190 2876 149 63 1934]

285 2944 81 39 273
395 2955 43 36 p.
465 2943 108 40 incl.
600 2943 162 47 front.,
792 2943 142 48 illus.,
962 2945 169 47 plates.
1190 2945 55 40 20½
1279 2948 43 21 cm
1325 2978 9 8 .

286 3001 159 40 “First
479 3000 223 41 edition.”

216 3055 50 50 ©
304 3059 124 46 Sept.
464 3060 24 37 7,
535 3056 113 40 1934;
710 3056 65 41 2c.
811 3058 93 38 and
939 3056 80 41 aff.
1057 3057 125 48 Sept.
1215 3059 80 40 13:
1333 3061 40 38 A
1406 3061 169 48 75290;
1612 3063 369 41 Bobbs-Merrill
2015 3075 66 29 co.

296 3113 276 49 (34-30029)

206 3216 286 64 Jennifer,
524 3217 169 53 June.

287 3291 200 54 Desert
528 3289 193 69 desire,
758 3291 74 65 by
869 3291 151 54 June
1058 3292 275 53 Jennifer.
1409 3295 136 54 New
1587 3297 178 67 York,
1804 3297 87 52 W.
1933 3296 260 68 Godwin,

215 3369 103 51 inc.
357 3371 191 64 [c1934]

284 3438 614 49 3 p. l., [9]-273 p. 19 cm .
216 3495 50 50 ©
301 3500 123 46 Sept.
457 3499 67 44 10,
557 3498 136 39 1834:
727 3498 65 39 2c.
825 3500 93 37 and
951 3499 79 41 aff.
1066 3500 123 46 Sept.
1221 3502 80 39 15:
1337 3504 37 37 A
1406 3504 169 48 75327;
1608 3507 215 38 William
1859 3506 213 47 Godwin,
2104 3506 89 41 inc.

294 3554 277 47 (34-29902)

208 3655 325 65 Kamenoff,
564 3657 189 63 Ralph
783 3657 172 64 John,
988 3660 170 49 1902-

280 3732 118 51 The
429 3733 392 65 development
850 3731 63 53 of
943 3733 95 52 the
1070 3733 176 55 flexed
1278 3737 104 51 tail
1414 3738 58 52 in
1503 3740 97 52 the
1627 3758 190 36 mouse
1853 3740 109 69 [by]
2000 3740 192 68 Ralph

208 3808 55 53 J.
291 3808 305 52 Kamenoff
626 3851 55 9 ...
751 3808 137 52 New
917 3809 162 53 York
1107 3811 131 68 city,
1270 3816 148 51 1934.

277 3879 68 43 32.
383 3882 53 49 [2]
471 3891 42 35 p.
573 3881 141 44 illus.,
748 3881 176 46 diagrs.
984 3881 56 41 23
1044 3884 43 22 cm
1092 3915 7 8 .
