<alto xmlns="http://www.loc.gov/standards/alto/ns-v3#" xmlns:xsi="http://www.w3.org/2001/XMLSchema-instance" xsi:schemaLocation="http://www.loc.gov/standards/alto/ns-v3# http://www.loc.gov/alto/v3/alto-3-0.xsd"><Description>
<MeasurementUnit>pixel</MeasurementUnit>
<sourceImageInformation>
<fileName>1934_v1_Part1.pdf</fileName>
</sourceImageInformation>
<OCRProcessing ID="IdOcr">
<ocrProcessingStep>
<processingDateTime>2019-01-10</processingDateTime>
<processingSoftware>
<softwareCreator>ABBYY</softwareCreator>
<softwareName>ABBYY Recognition Server</softwareName>
<softwareVersion>4.0</softwareVersion>
</processingSoftware>
</ocrProcessingStep>
</OCRProcessing>
</Description>
<Styles>
<ParagraphStyle ALIGN="Left" FIRSTLINE="0." ID="StyleId-FFFFFFFF-FFFF-FFFF-FFFF-FFFFFFFFFFFF-" LEFT="0." RIGHT="0." />
<ParagraphStyle ALIGN="Right" FIRSTLINE="0." ID="StyleId-521E1FC6-FE7E-43A4-90E6-A9B61626A263-" LEFT="0." LINESPACE="13.30000019" RIGHT="0." />
<ParagraphStyle ALIGN="Left" FIRSTLINE="-27." ID="StyleId-639B624E-F6F5-47B6-BB1D-34E64B53022F-" LEFT="0." LINESPACE="13.43999958" RIGHT="0." />
<ParagraphStyle ALIGN="Left" FIRSTLINE="0." ID="StyleId-100905F9-D385-406B-A5BD-ED5B8FD85431-" LEFT="0." RIGHT="0." />
<ParagraphStyle ALIGN="Left" FIRSTLINE="-27." ID="StyleId-7C9F9BA2-EF3A-4B7F-8486-CCC7B7F49B39-" LEFT="0." LINESPACE="18.71999931" RIGHT="0." />
<ParagraphStyle ALIGN="Block" FIRSTLINE="-27." ID="StyleId-350780E3-60F2-4605-88F5-BB54F9B87091-" LEFT="0." LINESPACE="18.71999931" RIGHT="0." />
<ParagraphStyle ALIGN="Left" FIRSTLINE="0." ID="StyleId-90B16C58-D795-4C77-9B89-30378C515D40-" LEFT="0." LINESPACE="14.39999962" RIGHT="0." />
<ParagraphStyle ALIGN="Right" FIRSTLINE="-27." ID="StyleId-17090E09-AFAF-4086-BD9B-4E99FAE6B057-" LEFT="0." LINESPACE="14.39999962" RIGHT="0." />
<ParagraphStyle ALIGN="Left" FIRSTLINE="-27." ID="StyleId-8B87B633-89DB-4D72-B1FC-26E4ABD680BC-" LEFT="0." LINESPACE="18.47999954" RIGHT="0." />
<ParagraphStyle ALIGN="Left" FIRSTLINE="0." ID="StyleId-42DA7417-CA90-4D71-A57B-06556C38D752-" LEFT="0." LINESPACE="13.30000019" RIGHT="0." />
<ParagraphStyle ALIGN="Block" FIRSTLINE="0." ID="StyleId-D8EE2A7E-42AE-4E35-98DB-F0F935637AA0-" LEFT="0." LINESPACE="6.599999905" RIGHT="0." />
<ParagraphStyle ALIGN="Left" FIRSTLINE="0." ID="StyleId-33CD3121-D4F5-43B6-BA96-6382D166E6B8-" LEFT="0." LINESPACE="15.5" RIGHT="0." />
<ParagraphStyle ALIGN="Block" FIRSTLINE="-21." ID="StyleId-1CE52AFA-C319-4DD9-B4B1-F0EBFA2B3F0B-" LEFT="0." LINESPACE="18.71999931" RIGHT="0." />
<ParagraphStyle ALIGN="Left" FIRSTLINE="0." ID="StyleId-B74F1B65-92F1-49C5-A5FA-D20442F031F2-" LEFT="0." LINESPACE="17.70006076" RIGHT="0." />
<ParagraphStyle ALIGN="Center" FIRSTLINE="0." ID="StyleId-79E2924A-215C-40B7-B577-7236BFBAA25E-" LEFT="0." LINESPACE="7.199999809" RIGHT="0." />
</Styles>
<Layout>
<Page HEIGHT="4196" ID="Page1099" PHYSICAL_IMG_NR="1099" WIDTH="2350">
<TopMargin HEIGHT="341" HPOS="0" VPOS="0" WIDTH="2350">
</TopMargin>
<LeftMargin HEIGHT="3606" HPOS="0" VPOS="341" WIDTH="136">
</LeftMargin>
<RightMargin HEIGHT="3606" HPOS="2202" VPOS="341" WIDTH="148">
</RightMargin>
<BottomMargin HEIGHT="249" HPOS="0" VPOS="3947" WIDTH="2350">
<TextBlock HEIGHT="62" HPOS="1078" ID="Page1099_Block1" LANG="en-US" STYLEREFS="StyleId-AA845C79-D2C3-447A-B959-40528937766D-" VPOS="3986" WIDTH="143">
<TextLine HEIGHT="50" HPOS="1084" VPOS="3992" WIDTH="131">
<String CONTENT="1099" HEIGHT="50" HPOS="1084" VPOS="3992" WIDTH="131" />
</TextLine>
</TextBlock>
</BottomMargin>
<PrintSpace HEIGHT="3606" HPOS="136" VPOS="341" WIDTH="2066">
<TextBlock CS="1" HEIGHT="3606" HPOS="136" ID="Page1099_Block2" LANG="en-US" STYLEREFS="StyleId-5A8624CF-05F1-401A-AD10-40DC981ABB39-" VPOS="341" WIDTH="2066">
<Shape>
<Polygon POINTS="139,341 525,341 525,342 1835,342 1835,343 2202,343 2202,792 2201,792 2201,2103 2200,2103 2200,3414 2199,3414 2199,3947 1825,3947 1825,3946 515,3946 515,3945 136,3945 136,3404 137,3404 137,2093 138,2093 138,782 139,782 139,341" />
</Shape>
<TextLine CS="1" HEIGHT="49" HPOS="248" VPOS="421" WIDTH="449">
<String CONTENT="xi," HEIGHT="47" HPOS="248" VPOS="421" WIDTH="64" />
<SP HEIGHT="47" HPOS="313" VPOS="421" WIDTH="27" />
<String CONTENT="252" HEIGHT="39" HPOS="341" VPOS="421" WIDTH="84" />
<SP HEIGHT="48" HPOS="426" VPOS="421" WIDTH="27" />
<String CONTENT="p." HEIGHT="37" HPOS="454" VPOS="432" WIDTH="42" />
<SP HEIGHT="40" HPOS="497" VPOS="422" WIDTH="56" />
<String CONTENT="21&#189;cm." CS="1" HEIGHT="37" HPOS="554" VPOS="423" WIDTH="143" />
</TextLine>
<TextLine CS="1" HEIGHT="55" HPOS="180" VPOS="473" WIDTH="1990">
<String CONTENT="&#169;" HEIGHT="52" HPOS="180" VPOS="473" WIDTH="50" />
<SP HEIGHT="52" HPOS="231" VPOS="473" WIDTH="44" />
<String CONTENT="Sept." HEIGHT="49" HPOS="276" VPOS="477" WIDTH="128" />
<SP HEIGHT="41" HPOS="405" VPOS="478" WIDTH="39" />
<String CONTENT="11." HEIGHT="42" HPOS="445" VPOS="477" WIDTH="68" />
<SP HEIGHT="42" HPOS="514" VPOS="478" WIDTH="41" />
<String CONTENT="1934;" HEIGHT="43" HPOS="556" VPOS="478" WIDTH="139" />
<SP HEIGHT="44" HPOS="696" VPOS="477" WIDTH="43" />
<String CONTENT="2c." HEIGHT="42" HPOS="740" VPOS="477" WIDTH="67" />
<SP HEIGHT="40" HPOS="808" VPOS="479" WIDTH="45" />
<String CONTENT="Sept." HEIGHT="47" HPOS="854" VPOS="479" WIDTH="125" />
<SP HEIGHT="39" HPOS="980" VPOS="479" WIDTH="42" />
<String CONTENT="15;" HEIGHT="46" HPOS="1023" VPOS="479" WIDTH="81" />
<SP />
<String CONTENT="aff." CS="1" />
<SP HEIGHT="40" HPOS="1230" VPOS="477" WIDTH="46" />
<String CONTENT="Sept." HEIGHT="47" HPOS="1277" VPOS="477" WIDTH="125" />
<SP HEIGHT="40" HPOS="1403" VPOS="476" WIDTH="41" />
<String CONTENT="13;" HEIGHT="48" HPOS="1445" VPOS="476" WIDTH="81" />
<SP HEIGHT="47" HPOS="1527" VPOS="477" WIDTH="44" />
<String CONTENT="A" HEIGHT="39" HPOS="1572" VPOS="477" WIDTH="41" />
<SP HEIGHT="39" HPOS="1614" VPOS="477" WIDTH="41" />
<String CONTENT="75299;" HEIGHT="44" HPOS="1656" VPOS="475" WIDTH="169" />
<SP HEIGHT="43" HPOS="1826" VPOS="477" WIDTH="45" />
<String CONTENT="Edward" HEIGHT="39" HPOS="1872" VPOS="478" WIDTH="210" />
<SP HEIGHT="39" HPOS="2083" VPOS="478" WIDTH="43" />
<String CONTENT="J." HEIGHT="40" HPOS="2127" VPOS="478" WIDTH="43" />
</TextLine>
<TextLine HEIGHT="50" HPOS="246" VPOS="534" WIDTH="717">
<String CONTENT="O'Brien," HEIGHT="46" HPOS="246" VPOS="534" WIDTH="217" />
<SP HEIGHT="46" HPOS="464" VPOS="534" WIDTH="30" />
<String CONTENT="Oxford," HEIGHT="50" HPOS="495" VPOS="534" WIDTH="201" />
<SP HEIGHT="47" HPOS="697" VPOS="537" WIDTH="29" />
<String CONTENT="England." HEIGHT="47" HPOS="727" VPOS="536" WIDTH="236" />
</TextLine>
<TextLine HEIGHT="71" HPOS="171" STYLEREFS="StyleId-77C0FAF5-7F27-4F66-8311-937184E2261E-" VPOS="633" WIDTH="1368">
<String CONTENT="Bingham," HEIGHT="70" HPOS="171" VPOS="633" WIDTH="312" />
<SP HEIGHT="63" HPOS="484" VPOS="640" WIDTH="32" />
<String CONTENT="Alfred" HEIGHT="55" HPOS="517" VPOS="637" WIDTH="210" />
<SP HEIGHT="51" HPOS="728" VPOS="641" WIDTH="31" />
<String CONTENT="Mitchell," HEIGHT="66" HPOS="760" VPOS="637" WIDTH="279" />
<SP HEIGHT="61" HPOS="1040" VPOS="642" WIDTH="34" />
<String CONTENT="1905-" HEIGHT="48" HPOS="1075" VPOS="641" WIDTH="168" />
<SP HEIGHT="34" HPOS="1244" VPOS="655" WIDTH="211" />
<String CONTENT="ed." HEIGHT="52" HPOS="1456" VPOS="637" WIDTH="83" />
</TextLine>
<TextLine HEIGHT="72" HPOS="243" STYLEREFS="StyleId-77C0FAF5-7F27-4F66-8311-937184E2261E-" VPOS="714" WIDTH="1925">
<String CONTENT="Challenge" HEIGHT="71" HPOS="243" VPOS="714" WIDTH="312" />
<SP HEIGHT="47" HPOS="556" VPOS="723" WIDTH="37" />
<String CONTENT="to" HEIGHT="49" HPOS="594" VPOS="723" WIDTH="57" />
<SP HEIGHT="49" HPOS="652" VPOS="723" WIDTH="35" />
<String CONTENT="the" HEIGHT="51" HPOS="688" VPOS="719" WIDTH="97" />
<SP HEIGHT="34" HPOS="786" VPOS="736" WIDTH="35" />
<String CONTENT="new" HEIGHT="34" HPOS="822" VPOS="736" WIDTH="122" />
<SP HEIGHT="53" HPOS="945" VPOS="717" WIDTH="38" />
<String CONTENT="deal," HEIGHT="66" HPOS="984" VPOS="717" WIDTH="144" />
<SP HEIGHT="48" HPOS="1129" VPOS="735" WIDTH="36" />
<String CONTENT="edited" HEIGHT="52" HPOS="1166" VPOS="716" WIDTH="188" />
<SP HEIGHT="51" HPOS="1355" VPOS="716" WIDTH="38" />
<String CONTENT="by" HEIGHT="65" HPOS="1394" VPOS="716" WIDTH="74" />
<SP HEIGHT="65" HPOS="1469" VPOS="716" WIDTH="36" />
<String CONTENT="Alfred" HEIGHT="52" HPOS="1506" VPOS="715" WIDTH="213" />
<SP HEIGHT="52" HPOS="1720" VPOS="715" WIDTH="37" />
<String CONTENT="M." HEIGHT="54" HPOS="1758" VPOS="715" WIDTH="78" />
<SP HEIGHT="52" HPOS="1837" VPOS="717" WIDTH="42" />
<String CONTENT="Bingham" HEIGHT="67" HPOS="1880" VPOS="716" WIDTH="288" />
</TextLine>
<TextLine CS="1" HEIGHT="135" HPOS="171" STYLEREFS="StyleId-77C0FAF5-7F27-4F66-8311-937184E2261E-" VPOS="792" WIDTH="1971">
<String CONTENT="and" HEIGHT="52" HPOS="171" VPOS="794" WIDTH="111" />
<SP HEIGHT="55" HPOS="283" VPOS="794" WIDTH="26" />
<String CONTENT="Selden" HEIGHT="55" HPOS="310" VPOS="794" WIDTH="205" />
<SP HEIGHT="52" HPOS="516" VPOS="796" WIDTH="25" />
<String CONTENT="Rodman" HEIGHT="52" HPOS="542" VPOS="796" WIDTH="263" />
<SP HEIGHT="33" HPOS="806" VPOS="814" WIDTH="29" />
<String CONTENT="&#8230;" CS="1" />
<SP HEIGHT="50" HPOS="890" VPOS="797" WIDTH="28" />
<String CONTENT="introduction" HEIGHT="52" HPOS="919" VPOS="795" WIDTH="389" />
<SP HEIGHT="51" HPOS="1309" VPOS="795" WIDTH="25" />
<String CONTENT="by" HEIGHT="67" HPOS="1335" VPOS="795" WIDTH="73" />
<SP HEIGHT="66" HPOS="1409" VPOS="796" WIDTH="24" />
<String CONTENT="John" HEIGHT="55" HPOS="1434" VPOS="794" WIDTH="156" />
<SP HEIGHT="51" HPOS="1591" VPOS="795" WIDTH="25" />
<String CONTENT="Dewey." HEIGHT="67" HPOS="1617" VPOS="795" WIDTH="226" />
<SP HEIGHT="54" HPOS="1844" VPOS="795" WIDTH="63" />
<String CONTENT="Collaborators:" HEIGHT="135" HPOS="171" VPOS="792" WIDTH="1971" />
<SP HEIGHT="50" HPOS="384" VPOS="875" WIDTH="37" />
<String CONTENT="Thomas" HEIGHT="53" HPOS="422" VPOS="873" WIDTH="248" />
</TextLine>
<TextLine CS="1" HEIGHT="149" HPOS="169" STYLEREFS="StyleId-77C0FAF5-7F27-4F66-8311-937184E2261E-" VPOS="871" WIDTH="1974">
<String CONTENT="R." CS="1" HEIGHT="9" HPOS="766" VPOS="917" WIDTH="7" />
<SP HEIGHT="51" HPOS="774" VPOS="876" WIDTH="37" />
<String CONTENT="Amlie," HEIGHT="65" HPOS="812" VPOS="874" WIDTH="208" />
<SP HEIGHT="64" HPOS="1021" VPOS="875" WIDTH="36" />
<String CONTENT="Louis" HEIGHT="52" HPOS="1058" VPOS="873" WIDTH="171" />
<SP HEIGHT="51" HPOS="1230" VPOS="874" WIDTH="36" />
<String CONTENT="F." HEIGHT="51" HPOS="1267" VPOS="874" WIDTH="65" />
<SP HEIGHT="50" HPOS="1333" VPOS="876" WIDTH="38" />
<String CONTENT="Budenz," HEIGHT="64" HPOS="1372" VPOS="873" WIDTH="254" />
<SP HEIGHT="63" HPOS="1627" VPOS="874" WIDTH="36" />
<String CONTENT="John" HEIGHT="56" HPOS="1664" VPOS="872" WIDTH="156" />
<SP HEIGHT="55" HPOS="1821" VPOS="873" WIDTH="39" />
<String CONTENT="Chamberlain" HEIGHT="134" HPOS="169" VPOS="871" WIDTH="1974" />
<SP HEIGHT="34" HPOS="288" VPOS="969" WIDTH="41" />
<String CONTENT="&#8230;" CS="1" />
<SP HEIGHT="33" HPOS="386" VPOS="985" WIDTH="46" />
<String CONTENT="[and" HEIGHT="67" HPOS="433" VPOS="952" WIDTH="130" />
<SP HEIGHT="53" HPOS="564" VPOS="953" WIDTH="36" />
<String CONTENT="others]" HEIGHT="65" HPOS="601" VPOS="953" WIDTH="207" />
<SP HEIGHT="66" HPOS="809" VPOS="952" WIDTH="78" />
<String CONTENT="New" HEIGHT="52" HPOS="888" VPOS="952" WIDTH="137" />
</TextLine>
<TextLine HEIGHT="69" HPOS="1062" STYLEREFS="StyleId-77C0FAF5-7F27-4F66-8311-937184E2261E-" VPOS="951" WIDTH="859">
<String CONTENT="York," HEIGHT="68" HPOS="1062" VPOS="951" WIDTH="178" />
<SP HEIGHT="66" HPOS="1241" VPOS="953" WIDTH="36" />
<String CONTENT="Falcon" HEIGHT="52" HPOS="1278" VPOS="952" WIDTH="214" />
<SP HEIGHT="48" HPOS="1493" VPOS="970" WIDTH="36" />
<String CONTENT="press" HEIGHT="49" HPOS="1530" VPOS="969" WIDTH="157" />
<SP HEIGHT="47" HPOS="1688" VPOS="970" WIDTH="41" />
<String CONTENT="[" HEIGHT="32" HPOS="1730" VPOS="985" WIDTH="11" />
<String CONTENT="c" HEIGHT="20" HPOS="1747" STYLE="superscript" VPOS="957" WIDTH="17" />
<String CONTENT="1934]" HEIGHT="64" HPOS="1770" VPOS="953" WIDTH="151" />
</TextLine>
<TextLine CS="1" HEIGHT="49" HPOS="243" VPOS="1024" WIDTH="715">
<String CONTENT="x," HEIGHT="35" HPOS="243" VPOS="1036" WIDTH="45" />
<SP />
<String CONTENT="284" HEIGHT="40" HPOS="316" VPOS="1024" WIDTH="85" />
<SP HEIGHT="48" HPOS="402" VPOS="1024" WIDTH="26" />
<String CONTENT="p.," HEIGHT="37" HPOS="429" VPOS="1035" WIDTH="56" />
<SP HEIGHT="44" HPOS="486" VPOS="1026" WIDTH="28" />
<String CONTENT="1" HEIGHT="39" HPOS="515" VPOS="1026" WIDTH="24" />
<SP />
<String CONTENT="l." CS="1" />
<SP HEIGHT="40" HPOS="596" VPOS="1026" WIDTH="59" />
<String CONTENT="illus." HEIGHT="39" HPOS="656" VPOS="1026" WIDTH="127" />
<SP HEIGHT="38" HPOS="784" VPOS="1026" WIDTH="60" />
<String CONTENT="26" HEIGHT="39" HPOS="845" VPOS="1026" WIDTH="54" />
<String CONTENT="cm" HEIGHT="20" HPOS="903" STYLE="superscript" VPOS="1028" WIDTH="43" />
<String CONTENT="." HEIGHT="7" HPOS="951" VPOS="1058" WIDTH="7" />
</TextLine>
<TextLine CS="1" HEIGHT="51" HPOS="247" VPOS="1080" WIDTH="1494">
<String CONTENT="&#8220;The" HEIGHT="42" HPOS="247" VPOS="1081" WIDTH="128" />
<SP HEIGHT="31" HPOS="376" VPOS="1092" WIDTH="31" />
<String CONTENT="articles" HEIGHT="43" HPOS="408" VPOS="1081" WIDTH="197" />
<SP HEIGHT="46" HPOS="606" VPOS="1085" WIDTH="43" />
<String CONTENT="(and" HEIGHT="46" HPOS="650" VPOS="1085" WIDTH="115" />
<SP HEIGHT="39" HPOS="766" VPOS="1084" WIDTH="35" />
<String CONTENT="drawings)" HEIGHT="47" HPOS="802" VPOS="1084" WIDTH="269" />
<SP HEIGHT="45" HPOS="1072" VPOS="1084" WIDTH="45" />
<String CONTENT="&#8230;" CS="1" />
<SP HEIGHT="30" HPOS="1164" VPOS="1091" WIDTH="34" />
<String CONTENT="all" HEIGHT="39" HPOS="1199" VPOS="1082" WIDTH="65" />
<SP HEIGHT="38" HPOS="1265" VPOS="1083" WIDTH="33" />
<String CONTENT="appeared" HEIGHT="49" HPOS="1299" VPOS="1081" WIDTH="242" />
<SP HEIGHT="40" HPOS="1542" VPOS="1081" WIDTH="33" />
<String CONTENT="in" HEIGHT="38" HPOS="1576" VPOS="1082" WIDTH="48" />
<SP HEIGHT="38" HPOS="1625" VPOS="1083" WIDTH="34" />
<String CONTENT="the" HEIGHT="39" HPOS="1660" VPOS="1082" WIDTH="81" />
</TextLine>
<TextLine CS="1" HEIGHT="103" HPOS="173" VPOS="1079" WIDTH="1978">
<String CONTENT="pages" HEIGHT="40" HPOS="1773" VPOS="1091" WIDTH="145" />
<SP HEIGHT="30" HPOS="1919" VPOS="1092" WIDTH="35" />
<String CONTENT="of" HEIGHT="40" HPOS="1955" VPOS="1082" WIDTH="50" />
<SP HEIGHT="41" HPOS="2006" VPOS="1081" WIDTH="31" />
<String CONTENT="Common" HEIGHT="103" HPOS="173" VPOS="1079" WIDTH="1978" />
<SP HEIGHT="30" HPOS="283" VPOS="1150" WIDTH="32" />
<String CONTENT="sense.&#8221;&#8212;Introd." HEIGHT="42" HPOS="316" VPOS="1139" WIDTH="429" />
</TextLine>
<TextLine CS="1" HEIGHT="54" HPOS="174" VPOS="1193" WIDTH="1991">
<String CONTENT="&#169;" HEIGHT="52" HPOS="174" VPOS="1193" WIDTH="50" />
<SP HEIGHT="52" HPOS="225" VPOS="1193" WIDTH="23" />
<String CONTENT="Aug." HEIGHT="47" HPOS="249" VPOS="1198" WIDTH="119" />
<SP HEIGHT="40" HPOS="369" VPOS="1198" WIDTH="23" />
<String CONTENT="27," HEIGHT="46" HPOS="393" VPOS="1198" WIDTH="69" />
<SP HEIGHT="46" HPOS="463" VPOS="1198" WIDTH="24" />
<String CONTENT="1934:" HEIGHT="43" HPOS="488" VPOS="1196" WIDTH="139" />
<SP HEIGHT="41" HPOS="628" VPOS="1197" WIDTH="25" />
<String CONTENT="2c." HEIGHT="40" HPOS="654" VPOS="1197" WIDTH="66" />
<SP HEIGHT="39" HPOS="721" VPOS="1198" WIDTH="23" />
<String CONTENT="Aug," HEIGHT="48" HPOS="745" VPOS="1198" WIDTH="120" />
<SP HEIGHT="41" HPOS="866" VPOS="1198" WIDTH="23" />
<String CONTENT="31:" CS="1" HEIGHT="39" HPOS="890" VPOS="1198" WIDTH="51" />
<SP HEIGHT="32" HPOS="972" VPOS="1207" WIDTH="26" />
<String CONTENT="aff." CS="1" HEIGHT="42" HPOS="999" VPOS="1195" WIDTH="80" />
<SP HEIGHT="40" HPOS="1080" VPOS="1197" WIDTH="30" />
<String CONTENT="Aug." HEIGHT="47" HPOS="1111" VPOS="1197" WIDTH="111" />
<SP HEIGHT="40" HPOS="1223" VPOS="1196" WIDTH="27" />
<String CONTENT="30:" HEIGHT="40" HPOS="1251" VPOS="1196" WIDTH="81" />
<SP HEIGHT="40" HPOS="1333" VPOS="1196" WIDTH="28" />
<String CONTENT="A" HEIGHT="39" HPOS="1362" VPOS="1196" WIDTH="38" />
<SP HEIGHT="40" HPOS="1401" VPOS="1196" WIDTH="25" />
<String CONTENT="74726;" HEIGHT="48" HPOS="1427" VPOS="1195" WIDTH="170" />
<SP HEIGHT="48" HPOS="1598" VPOS="1195" WIDTH="29" />
<String CONTENT="Common" HEIGHT="42" HPOS="1628" VPOS="1195" WIDTH="228" />
<SP HEIGHT="29" HPOS="1857" VPOS="1208" WIDTH="23" />
<String CONTENT="sense," HEIGHT="39" HPOS="1881" VPOS="1205" WIDTH="153" />
<SP HEIGHT="45" HPOS="2035" VPOS="1199" WIDTH="25" />
<String CONTENT="inc,," HEIGHT="45" HPOS="2061" VPOS="1199" WIDTH="104" />
</TextLine>
<TextLine HEIGHT="51" HPOS="239" VPOS="1252" WIDTH="644">
<String CONTENT="New" HEIGHT="40" HPOS="239" VPOS="1254" WIDTH="116" />
<SP HEIGHT="40" HPOS="356" VPOS="1254" WIDTH="30" />
<String CONTENT="York." HEIGHT="41" HPOS="387" VPOS="1254" WIDTH="138" />
<SP HEIGHT="49" HPOS="526" VPOS="1254" WIDTH="77" />
<String CONTENT="(34-28579)" HEIGHT="50" HPOS="604" VPOS="1253" WIDTH="279" />
</TextLine>
<TextLine HEIGHT="68" HPOS="165" STYLEREFS="StyleId-77C0FAF5-7F27-4F66-8311-937184E2261E-" VPOS="1355" WIDTH="1168">
<String CONTENT="Borchard," HEIGHT="67" HPOS="165" VPOS="1355" WIDTH="321" />
<SP HEIGHT="66" HPOS="487" VPOS="1357" WIDTH="34" />
<String CONTENT="Edwin" HEIGHT="53" HPOS="522" VPOS="1358" WIDTH="207" />
<SP HEIGHT="52" HPOS="730" VPOS="1359" WIDTH="32" />
<String CONTENT="Montefiore," HEIGHT="64" HPOS="763" VPOS="1357" WIDTH="363" />
<SP HEIGHT="61" HPOS="1127" VPOS="1360" WIDTH="36" />
<String CONTENT="1884-" HEIGHT="49" HPOS="1164" VPOS="1359" WIDTH="169" />
</TextLine>
<TextLine CS="1" HEIGHT="136" HPOS="168" STYLEREFS="StyleId-77C0FAF5-7F27-4F66-8311-937184E2261E-" VPOS="1433" WIDTH="1996">
<String CONTENT="Declaratory" HEIGHT="68" HPOS="237" VPOS="1436" WIDTH="376" />
<SP HEIGHT="68" HPOS="614" VPOS="1436" WIDTH="28" />
<String CONTENT="judgments," HEIGHT="68" HPOS="643" VPOS="1436" WIDTH="345" />
<SP HEIGHT="57" HPOS="989" VPOS="1435" WIDTH="29" />
<String CONTENT="by" HEIGHT="67" HPOS="1019" VPOS="1435" WIDTH="73" />
<SP HEIGHT="66" HPOS="1093" VPOS="1436" WIDTH="31" />
<String CONTENT="Edwin" HEIGHT="54" HPOS="1125" VPOS="1434" WIDTH="208" />
<SP HEIGHT="52" HPOS="1334" VPOS="1436" WIDTH="29" />
<String CONTENT="Borchard" HEIGHT="52" HPOS="1364" VPOS="1434" WIDTH="298" />
<SP HEIGHT="52" HPOS="1663" VPOS="1434" WIDTH="37" />
<String CONTENT="&#8230;" CS="1" />
<SP HEIGHT="55" HPOS="1755" VPOS="1434" WIDTH="82" />
<String CONTENT="Cleveland," HEIGHT="67" HPOS="1838" VPOS="1435" WIDTH="326" />
<SP />
<String CONTENT="Banks-Baldwin" HEIGHT="57" HPOS="168" VPOS="1511" WIDTH="492" />
</TextLine>
<TextLine HEIGHT="69" HPOS="689" STYLEREFS="StyleId-77C0FAF5-7F27-4F66-8311-937184E2261E-" VPOS="1513" WIDTH="770">
<String CONTENT="law" HEIGHT="50" HPOS="689" VPOS="1517" WIDTH="108" />
<SP HEIGHT="49" HPOS="798" VPOS="1533" WIDTH="26" />
<String CONTENT="publishing" HEIGHT="69" HPOS="825" VPOS="1513" WIDTH="333" />
<SP HEIGHT="50" HPOS="1159" VPOS="1531" WIDTH="23" />
<String CONTENT="co.," HEIGHT="47" HPOS="1183" VPOS="1533" WIDTH="96" />
<SP HEIGHT="62" HPOS="1280" VPOS="1518" WIDTH="30" />
<String CONTENT="1934." HEIGHT="49" HPOS="1311" VPOS="1517" WIDTH="148" />
</TextLine>
<TextLine CS="1" HEIGHT="50" HPOS="241" VPOS="1586" WIDTH="485">
<String CONTENT="xxii," HEIGHT="48" HPOS="241" VPOS="1587" WIDTH="118" />
<SP HEIGHT="48" HPOS="360" VPOS="1587" WIDTH="31" />
<String CONTENT="669" HEIGHT="40" HPOS="392" VPOS="1587" WIDTH="85" />
<SP HEIGHT="48" HPOS="478" VPOS="1587" WIDTH="29" />
<String CONTENT="p." HEIGHT="39" HPOS="508" VPOS="1597" WIDTH="43" />
<SP HEIGHT="42" HPOS="552" VPOS="1587" WIDTH="59" />
<String CONTENT="26cm." CS="1" HEIGHT="40" HPOS="612" VPOS="1587" WIDTH="114" />
</TextLine>
<TextLine CS="1" HEIGHT="51" HPOS="245" VPOS="1640" WIDTH="1566">
<String CONTENT="&#8220;Table" HEIGHT="40" HPOS="245" VPOS="1644" WIDTH="176" />
<SP HEIGHT="30" HPOS="422" VPOS="1655" WIDTH="28" />
<String CONTENT="of" HEIGHT="40" HPOS="451" VPOS="1645" WIDTH="51" />
<SP HEIGHT="40" HPOS="503" VPOS="1644" WIDTH="27" />
<String CONTENT="American" HEIGHT="40" HPOS="531" VPOS="1645" WIDTH="257" />
<SP HEIGHT="39" HPOS="789" VPOS="1646" WIDTH="29" />
<String CONTENT="declaratory" HEIGHT="46" HPOS="819" VPOS="1645" WIDTH="306" />
<SP HEIGHT="47" HPOS="1126" VPOS="1644" WIDTH="26" />
<String CONTENT="judgments&#8221;:" CS="1" HEIGHT="48" HPOS="1153" VPOS="1642" WIDTH="306" />
<SP HEIGHT="38" HPOS="1489" VPOS="1653" WIDTH="32" />
<String CONTENT="p." HEIGHT="38" HPOS="1522" VPOS="1653" WIDTH="41" />
<SP HEIGHT="43" HPOS="1564" VPOS="1642" WIDTH="29" />
<String CONTENT="635-650." HEIGHT="41" HPOS="1594" VPOS="1641" WIDTH="217" />
</TextLine>
<TextLine HEIGHT="54" HPOS="173" VPOS="1698" WIDTH="1994">
<String CONTENT="&#169;" HEIGHT="52" HPOS="173" VPOS="1698" WIDTH="50" />
<SP HEIGHT="52" HPOS="224" VPOS="1698" WIDTH="35" />
<String CONTENT="Aug." HEIGHT="47" HPOS="260" VPOS="1703" WIDTH="119" />
<SP HEIGHT="39" HPOS="380" VPOS="1703" WIDTH="34" />
<String CONTENT="13," HEIGHT="46" HPOS="415" VPOS="1703" WIDTH="68" />
<SP HEIGHT="45" HPOS="484" VPOS="1704" WIDTH="34" />
<String CONTENT="1934;" HEIGHT="48" HPOS="519" VPOS="1700" WIDTH="140" />
<SP HEIGHT="45" HPOS="660" VPOS="1703" WIDTH="36" />
<String CONTENT="2c." HEIGHT="39" HPOS="697" VPOS="1703" WIDTH="66" />
<SP HEIGHT="40" HPOS="764" VPOS="1702" WIDTH="36" />
<String CONTENT="Aug." HEIGHT="49" HPOS="801" VPOS="1702" WIDTH="116" />
<SP HEIGHT="38" HPOS="918" VPOS="1703" WIDTH="36" />
<String CONTENT="14;" HEIGHT="46" HPOS="955" VPOS="1703" WIDTH="81" />
<SP HEIGHT="37" HPOS="1037" VPOS="1712" WIDTH="38" />
<String CONTENT="aff." HEIGHT="41" HPOS="1076" VPOS="1701" WIDTH="80" />
<SP HEIGHT="39" HPOS="1157" VPOS="1701" WIDTH="34" />
<String CONTENT="Aug." HEIGHT="48" HPOS="1192" VPOS="1701" WIDTH="119" />
<SP HEIGHT="38" HPOS="1312" VPOS="1702" WIDTH="37" />
<String CONTENT="15;" HEIGHT="47" HPOS="1350" VPOS="1701" WIDTH="80" />
<SP HEIGHT="46" HPOS="1431" VPOS="1702" WIDTH="38" />
<String CONTENT="A" HEIGHT="38" HPOS="1470" VPOS="1702" WIDTH="39" />
<SP HEIGHT="38" HPOS="1510" VPOS="1702" WIDTH="34" />
<String CONTENT="73901;" HEIGHT="47" HPOS="1545" VPOS="1700" WIDTH="169" />
<SP HEIGHT="46" HPOS="1715" VPOS="1701" WIDTH="38" />
<String CONTENT="Banks-Baldwin" HEIGHT="40" HPOS="1754" VPOS="1700" WIDTH="413" />
</TextLine>
<TextLine HEIGHT="50" HPOS="241" VPOS="1758" WIDTH="685">
<String CONTENT="law" HEIGHT="39" HPOS="241" VPOS="1760" WIDTH="96" />
<SP HEIGHT="37" HPOS="338" VPOS="1770" WIDTH="28" />
<String CONTENT="pub." HEIGHT="47" HPOS="367" VPOS="1760" WIDTH="108" />
<SP HEIGHT="31" HPOS="476" VPOS="1769" WIDTH="31" />
<String CONTENT="co." HEIGHT="32" HPOS="508" VPOS="1769" WIDTH="66" />
<SP HEIGHT="49" HPOS="575" VPOS="1759" WIDTH="70" />
<String CONTENT="(34-28974)" HEIGHT="49" HPOS="646" VPOS="1759" WIDTH="280" />
</TextLine>
<TextLine CS="1" HEIGHT="63" HPOS="165" STYLEREFS="StyleId-81D9128D-9B2F-4F8C-A7F7-30CD571597C3-" VPOS="1864" WIDTH="436">
<String CONTENT="Brown," HEIGHT="62" HPOS="165" VPOS="1864" WIDTH="231" />
<SP HEIGHT="62" HPOS="397" VPOS="1864" WIDTH="28" />
<String CONTENT="Vera." CS="1" HEIGHT="40" HPOS="481" VPOS="1880" WIDTH="120" />
</TextLine>
<TextLine CS="1" HEIGHT="151" HPOS="167" STYLEREFS="StyleId-77C0FAF5-7F27-4F66-8311-937184E2261E-" VPOS="1936" WIDTH="1998">
<String CONTENT="Wings" HEIGHT="69" HPOS="234" VPOS="1939" WIDTH="206" />
<SP HEIGHT="35" HPOS="441" VPOS="1957" WIDTH="40" />
<String CONTENT="of" HEIGHT="54" HPOS="482" VPOS="1939" WIDTH="64" />
<SP HEIGHT="51" HPOS="547" VPOS="1940" WIDTH="37" />
<String CONTENT="love;" HEIGHT="64" HPOS="585" VPOS="1942" WIDTH="153" />
<SP HEIGHT="61" HPOS="739" VPOS="1945" WIDTH="41" />
<String CONTENT="the" HEIGHT="51" HPOS="781" VPOS="1941" WIDTH="96" />
<SP HEIGHT="52" HPOS="878" VPOS="1940" WIDTH="39" />
<String CONTENT="love" HEIGHT="53" HPOS="918" VPOS="1940" WIDTH="125" />
<SP HEIGHT="35" HPOS="1044" VPOS="1958" WIDTH="38" />
<String CONTENT="story" HEIGHT="64" HPOS="1083" VPOS="1944" WIDTH="156" />
<SP HEIGHT="50" HPOS="1240" VPOS="1958" WIDTH="41" />
<String CONTENT="of" HEIGHT="54" HPOS="1282" VPOS="1938" WIDTH="64" />
<SP HEIGHT="53" HPOS="1347" VPOS="1938" WIDTH="39" />
<String CONTENT="a" HEIGHT="34" HPOS="1387" VPOS="1957" WIDTH="30" />
<SP HEIGHT="51" HPOS="1418" VPOS="1957" WIDTH="40" />
<String CONTENT="girl" HEIGHT="71" HPOS="1459" VPOS="1937" WIDTH="113" />
<SP HEIGHT="52" HPOS="1573" VPOS="1939" WIDTH="42" />
<String CONTENT="aviator," HEIGHT="68" HPOS="1616" VPOS="1938" WIDTH="240" />
<SP HEIGHT="68" HPOS="1857" VPOS="1938" WIDTH="39" />
<String CONTENT="by" HEIGHT="69" HPOS="1897" VPOS="1938" WIDTH="75" />
<SP HEIGHT="68" HPOS="1973" VPOS="1939" WIDTH="40" />
<String CONTENT="Vera" CS="1" HEIGHT="35" HPOS="2071" VPOS="1956" WIDTH="94" />
<SP />
<String CONTENT="Brown" HEIGHT="55" HPOS="167" VPOS="2015" WIDTH="211" />
<SP HEIGHT="34" HPOS="379" VPOS="2036" WIDTH="33" />
<String CONTENT="&#8230;" CS="1" />
<SP HEIGHT="54" HPOS="469" VPOS="2017" WIDTH="66" />
<String CONTENT="New" HEIGHT="53" HPOS="536" VPOS="2018" WIDTH="139" />
<SP HEIGHT="52" HPOS="676" VPOS="2018" WIDTH="28" />
<String CONTENT="York," HEIGHT="68" HPOS="705" VPOS="2018" WIDTH="180" />
</TextLine>
<TextLine CS="1" HEIGHT="68" HPOS="916" STYLEREFS="StyleId-77C0FAF5-7F27-4F66-8311-937184E2261E-" VPOS="2017" WIDTH="785">
<String CONTENT="Grosset" HEIGHT="55" HPOS="916" VPOS="2017" WIDTH="231" />
<SP HEIGHT="50" HPOS="1148" VPOS="2020" WIDTH="28" />
<String CONTENT="&amp;" HEIGHT="50" HPOS="1177" VPOS="2020" WIDTH="45" />
<SP HEIGHT="52" HPOS="1223" VPOS="2018" WIDTH="26" />
<String CONTENT="Dunlap" HEIGHT="67" HPOS="1250" VPOS="2018" WIDTH="236" />
<SP HEIGHT="49" HPOS="1487" VPOS="2036" WIDTH="36" />
<String CONTENT="[" HEIGHT="35" HPOS="1524" VPOS="2049" WIDTH="12" />
<String CONTENT="c" HEIGHT="22" HPOS="1542" STYLE="superscript" VPOS="2023" WIDTH="17" />
<String CONTENT="1934]" CS="1" HEIGHT="50" HPOS="1565" VPOS="2019" WIDTH="136" />
</TextLine>
<TextLine CS="1" HEIGHT="50" HPOS="240" VPOS="2089" WIDTH="458">
<String CONTENT="vi," HEIGHT="49" HPOS="240" VPOS="2089" WIDTH="62" />
<SP HEIGHT="46" HPOS="302" VPOS="2092" WIDTH="31" />
<String CONTENT="310" HEIGHT="41" HPOS="333" VPOS="2090" WIDTH="87" />
<SP HEIGHT="48" HPOS="420" VPOS="2090" WIDTH="26" />
<String CONTENT="p." HEIGHT="38" HPOS="446" VPOS="2100" WIDTH="44" />
<SP HEIGHT="40" HPOS="491" VPOS="2091" WIDTH="60" />
<String CONTENT="19&#189;" CS="1" HEIGHT="41" HPOS="551" VPOS="2090" WIDTH="57" />
<String CONTENT="cm" HEIGHT="21" HPOS="639" STYLE="superscript" VPOS="2093" WIDTH="45" />
<String CONTENT="." HEIGHT="7" HPOS="689" VPOS="2121" WIDTH="8" />
</TextLine>
<TextLine CS="1" HEIGHT="53" HPOS="172" VPOS="2145" WIDTH="1991">
<String CONTENT="&#169;" HEIGHT="51" HPOS="172" VPOS="2145" WIDTH="50" />
<SP HEIGHT="51" HPOS="223" VPOS="2145" WIDTH="33" />
<String CONTENT="Sept." HEIGHT="46" HPOS="257" VPOS="2150" WIDTH="127" />
<SP HEIGHT="38" HPOS="385" VPOS="2150" WIDTH="29" />
<String CONTENT="4," HEIGHT="45" HPOS="415" VPOS="2150" WIDTH="40" />
<SP HEIGHT="46" HPOS="456" VPOS="2149" WIDTH="30" />
<String CONTENT="1934;" HEIGHT="49" HPOS="487" VPOS="2147" WIDTH="140" />
<SP HEIGHT="46" HPOS="628" VPOS="2150" WIDTH="33" />
<String CONTENT="2c." HEIGHT="39" HPOS="662" VPOS="2150" WIDTH="64" />
<SP HEIGHT="30" HPOS="727" VPOS="2160" WIDTH="33" />
<String CONTENT="and" HEIGHT="39" HPOS="761" VPOS="2151" WIDTH="95" />
<SP HEIGHT="38" HPOS="857" VPOS="2151" WIDTH="29" />
<String CONTENT="aff." HEIGHT="39" HPOS="887" VPOS="2149" WIDTH="80" />
<SP HEIGHT="40" HPOS="968" VPOS="2149" WIDTH="35" />
<String CONTENT="Sept." CS="1" HEIGHT="47" HPOS="1004" VPOS="2149" WIDTH="127" />
<SP HEIGHT="41" HPOS="1132" VPOS="2149" WIDTH="32" />
<String CONTENT="6;" CS="1" HEIGHT="30" HPOS="1207" VPOS="2160" WIDTH="8" />
<SP HEIGHT="40" HPOS="1216" VPOS="2150" WIDTH="34" />
<String CONTENT="A" HEIGHT="38" HPOS="1251" VPOS="2150" WIDTH="40" />
<SP HEIGHT="39" HPOS="1292" VPOS="2150" WIDTH="31" />
<String CONTENT="75162;" HEIGHT="47" HPOS="1324" VPOS="2148" WIDTH="169" />
<SP HEIGHT="47" HPOS="1494" VPOS="2148" WIDTH="35" />
<String CONTENT="Grosset" HEIGHT="41" HPOS="1530" VPOS="2148" WIDTH="199" />
<SP HEIGHT="41" HPOS="1730" VPOS="2148" WIDTH="32" />
<String CONTENT="&amp;" HEIGHT="40" HPOS="1763" VPOS="2148" WIDTH="36" />
<SP HEIGHT="41" HPOS="1800" VPOS="2148" WIDTH="30" />
<String CONTENT="Dunlap," HEIGHT="47" HPOS="1831" VPOS="2149" WIDTH="208" />
<SP HEIGHT="48" HPOS="2040" VPOS="2148" WIDTH="33" />
<String CONTENT="inc." HEIGHT="40" HPOS="2074" VPOS="2148" WIDTH="89" />
</TextLine>
<TextLine HEIGHT="50" HPOS="249" VPOS="2204" WIDTH="279">
<String CONTENT="(34-25937)" HEIGHT="50" HPOS="249" VPOS="2204" WIDTH="279" />
</TextLine>
<TextLine HEIGHT="70" HPOS="160" STYLEREFS="StyleId-77C0FAF5-7F27-4F66-8311-937184E2261E-" VPOS="2305" WIDTH="2002">
<String CONTENT="Chanler," HEIGHT="68" HPOS="160" VPOS="2305" WIDTH="271" />
<SP HEIGHT="64" HPOS="432" VPOS="2309" WIDTH="34" />
<String CONTENT="Margaret" HEIGHT="63" HPOS="467" VPOS="2309" WIDTH="307" />
<SP HEIGHT="63" HPOS="775" VPOS="2309" WIDTH="29" />
<String CONTENT="(Terry)" HEIGHT="64" HPOS="805" VPOS="2309" WIDTH="244" />
<SP HEIGHT="64" HPOS="1050" VPOS="2309" WIDTH="42" />
<String CONTENT="&#8220;Mrs." HEIGHT="52" HPOS="1093" VPOS="2310" WIDTH="170" />
<SP HEIGHT="52" HPOS="1264" VPOS="2311" WIDTH="33" />
<String CONTENT="Winthrop" HEIGHT="65" HPOS="1298" VPOS="2308" WIDTH="314" />
<SP HEIGHT="64" HPOS="1613" VPOS="2309" WIDTH="35" />
<String CONTENT="Chanler,&#8221;" HEIGHT="63" HPOS="1649" VPOS="2308" WIDTH="308" />
<SP HEIGHT="51" HPOS="1958" VPOS="2309" WIDTH="39" />
<String CONTENT="1862-" HEIGHT="50" HPOS="1998" VPOS="2310" WIDTH="164" />
</TextLine>
<TextLine CS="1" HEIGHT="149" HPOS="165" STYLEREFS="StyleId-77C0FAF5-7F27-4F66-8311-937184E2261E-" VPOS="2385" WIDTH="1937">
<String CONTENT="Roman" HEIGHT="53" HPOS="234" VPOS="2387" WIDTH="219" />
<SP HEIGHT="35" HPOS="454" VPOS="2405" WIDTH="53" />
<String CONTENT="spring;" HEIGHT="68" HPOS="508" VPOS="2387" WIDTH="231" />
<SP HEIGHT="48" HPOS="740" VPOS="2406" WIDTH="51" />
<String CONTENT="memoirs," HEIGHT="67" HPOS="792" VPOS="2388" WIDTH="281" />
<SP HEIGHT="67" HPOS="1074" VPOS="2388" WIDTH="48" />
<String CONTENT="by" HEIGHT="67" HPOS="1123" VPOS="2388" WIDTH="74" />
<SP HEIGHT="68" HPOS="1198" VPOS="2387" WIDTH="44" />
<String CONTENT="Mrs." HEIGHT="53" HPOS="1243" VPOS="2387" WIDTH="141" />
<SP HEIGHT="54" HPOS="1385" VPOS="2388" WIDTH="46" />
<String CONTENT="Winthrop" HEIGHT="68" HPOS="1432" VPOS="2387" WIDTH="313" />
<SP HEIGHT="69" HPOS="1746" VPOS="2386" WIDTH="50" />
<String CONTENT="Chanler" HEIGHT="56" HPOS="1797" VPOS="2386" WIDTH="250" />
<SP HEIGHT="34" HPOS="2048" VPOS="2404" WIDTH="54" />
<String CONTENT="&#8230;" CS="1" />
<SP />
<String CONTENT="Boston," HEIGHT="68" HPOS="165" VPOS="2464" WIDTH="234" />
<SP HEIGHT="67" HPOS="400" VPOS="2465" WIDTH="28" />
<String CONTENT="Little," HEIGHT="67" HPOS="429" VPOS="2465" WIDTH="196" />
<SP HEIGHT="66" HPOS="626" VPOS="2466" WIDTH="27" />
<String CONTENT="Brown," HEIGHT="65" HPOS="654" VPOS="2466" WIDTH="230" />
<SP HEIGHT="47" HPOS="885" VPOS="2484" WIDTH="27" />
<String CONTENT="and" HEIGHT="53" HPOS="913" VPOS="2466" WIDTH="114" />
</TextLine>
<TextLine HEIGHT="64" HPOS="1058" STYLEREFS="StyleId-77C0FAF5-7F27-4F66-8311-937184E2261E-" VPOS="2469" WIDTH="478">
<String CONTENT="company," HEIGHT="49" HPOS="1058" VPOS="2484" WIDTH="295" />
<SP HEIGHT="63" HPOS="1354" VPOS="2469" WIDTH="29" />
<String CONTENT="1934." HEIGHT="49" HPOS="1384" VPOS="2469" WIDTH="152" />
</TextLine>
<TextLine CS="1" HEIGHT="52" HPOS="236" VPOS="2536" WIDTH="1335">
<String CONTENT="viii" HEIGHT="41" HPOS="236" VPOS="2536" WIDTH="88" />
<SP HEIGHT="48" HPOS="325" VPOS="2538" WIDTH="23" />
<String CONTENT="p.," HEIGHT="38" HPOS="349" VPOS="2548" WIDTH="59" />
<SP HEIGHT="48" HPOS="409" VPOS="2537" WIDTH="24" />
<String CONTENT="2" HEIGHT="39" HPOS="434" VPOS="2537" WIDTH="26" />
<SP />
<String CONTENT="l.," CS="1" HEIGHT="11" HPOS="521" VPOS="2569" WIDTH="9" />
<SP HEIGHT="30" HPOS="531" VPOS="2558" WIDTH="31" />
<String CONTENT="[3]-324" HEIGHT="51" HPOS="563" VPOS="2537" WIDTH="174" />
<SP HEIGHT="49" HPOS="738" VPOS="2538" WIDTH="24" />
<String CONTENT="p." HEIGHT="38" HPOS="763" VPOS="2549" WIDTH="42" />
<SP HEIGHT="39" HPOS="806" VPOS="2538" WIDTH="59" />
<String CONTENT="front.," HEIGHT="43" HPOS="866" VPOS="2538" WIDTH="163" />
<SP HEIGHT="36" HPOS="1030" VPOS="2550" WIDTH="27" />
<String CONTENT="plates," HEIGHT="47" HPOS="1058" VPOS="2539" WIDTH="168" />
<SP HEIGHT="37" HPOS="1227" VPOS="2550" WIDTH="24" />
<String CONTENT="ports." HEIGHT="46" HPOS="1252" VPOS="2541" WIDTH="149" />
<SP HEIGHT="40" HPOS="1402" VPOS="2539" WIDTH="54" />
<String CONTENT="23cm." CS="1" HEIGHT="41" HPOS="1457" VPOS="2538" WIDTH="114" />
</TextLine>
<TextLine HEIGHT="54" HPOS="170" VPOS="2592" WIDTH="1993">
<String CONTENT="&#169;" HEIGHT="51" HPOS="170" VPOS="2592" WIDTH="50" />
<SP HEIGHT="51" HPOS="221" VPOS="2592" WIDTH="36" />
<String CONTENT="Sept." HEIGHT="48" HPOS="258" VPOS="2596" WIDTH="128" />
<SP HEIGHT="39" HPOS="387" VPOS="2597" WIDTH="30" />
<String CONTENT="7," HEIGHT="45" HPOS="418" VPOS="2597" WIDTH="39" />
<SP HEIGHT="46" HPOS="458" VPOS="2596" WIDTH="32" />
<String CONTENT="1934;" HEIGHT="48" HPOS="491" VPOS="2594" WIDTH="141" />
<SP HEIGHT="46" HPOS="633" VPOS="2596" WIDTH="35" />
<String CONTENT="2c." HEIGHT="39" HPOS="669" VPOS="2596" WIDTH="63" />
<SP HEIGHT="29" HPOS="733" VPOS="2606" WIDTH="36" />
<String CONTENT="and" HEIGHT="38" HPOS="770" VPOS="2597" WIDTH="94" />
<SP HEIGHT="38" HPOS="865" VPOS="2597" WIDTH="33" />
<String CONTENT="aff." HEIGHT="39" HPOS="899" VPOS="2596" WIDTH="80" />
<SP HEIGHT="40" HPOS="980" VPOS="2596" WIDTH="37" />
<String CONTENT="Sept." HEIGHT="48" HPOS="1018" VPOS="2596" WIDTH="125" />
<SP HEIGHT="38" HPOS="1144" VPOS="2597" WIDTH="33" />
<String CONTENT="11;" HEIGHT="46" HPOS="1178" VPOS="2597" WIDTH="81" />
<SP HEIGHT="46" HPOS="1260" VPOS="2597" WIDTH="34" />
<String CONTENT="A" HEIGHT="38" HPOS="1295" VPOS="2597" WIDTH="41" />
<SP HEIGHT="39" HPOS="1337" VPOS="2597" WIDTH="33" />
<String CONTENT="75247;" HEIGHT="48" HPOS="1371" VPOS="2596" WIDTH="168" />
<SP HEIGHT="46" HPOS="1540" VPOS="2598" WIDTH="36" />
<String CONTENT="M." HEIGHT="38" HPOS="1577" VPOS="2598" WIDTH="61" />
<SP HEIGHT="42" HPOS="1639" VPOS="2595" WIDTH="35" />
<String CONTENT="Chanler," HEIGHT="50" HPOS="1675" VPOS="2595" WIDTH="224" />
<SP HEIGHT="49" HPOS="1900" VPOS="2596" WIDTH="35" />
<String CONTENT="Geneseo," HEIGHT="50" HPOS="1936" VPOS="2596" WIDTH="227" />
</TextLine>
<TextLine HEIGHT="49" HPOS="236" VPOS="2651" WIDTH="490">
<String CONTENT="N." HEIGHT="39" HPOS="236" VPOS="2652" WIDTH="55" />
<SP HEIGHT="38" HPOS="292" VPOS="2653" WIDTH="28" />
<String CONTENT="Y." HEIGHT="39" HPOS="321" VPOS="2653" WIDTH="54" />
<SP HEIGHT="46" HPOS="376" VPOS="2653" WIDTH="71" />
<String CONTENT="(34-27241)" HEIGHT="49" HPOS="448" VPOS="2651" WIDTH="278" />
</TextLine>
<TextLine CS="1" HEIGHT="147" HPOS="162" STYLEREFS="StyleId-6AADEAC2-67D3-4BED-8859-307FE438682C-" VPOS="2742" WIDTH="1788">
<String CONTENT="Chicago" HEIGHT="65" HPOS="162" VPOS="2742" WIDTH="257" />
<SP HEIGHT="52" HPOS="420" VPOS="2744" WIDTH="35" />
<String CONTENT="bar" HEIGHT="53" HPOS="456" VPOS="2744" WIDTH="107" />
<SP HEIGHT="35" HPOS="564" VPOS="2761" WIDTH="34" />
<String CONTENT="association." HEIGHT="53" HPOS="599" VPOS="2743" WIDTH="376" />
<SP HEIGHT="52" HPOS="976" VPOS="2745" WIDTH="76" />
<String CONTENT="Corporation" CS="1" HEIGHT="66" HPOS="1103" VPOS="2745" WIDTH="330" />
<SP HEIGHT="54" HPOS="1434" VPOS="2744" WIDTH="36" />
<String CONTENT="law" HEIGHT="54" HPOS="1471" VPOS="2744" WIDTH="106" />
<SP HEIGHT="34" HPOS="1578" VPOS="2764" WIDTH="40" />
<String CONTENT="committee." HEIGHT="55" HPOS="1619" VPOS="2744" WIDTH="331" />
<SP />
<String CONTENT="The" HEIGHT="51" HPOS="236" VPOS="2822" WIDTH="121" />
<SP HEIGHT="51" HPOS="358" VPOS="2823" WIDTH="24" />
<String CONTENT="Illinois" HEIGHT="54" HPOS="383" VPOS="2821" WIDTH="228" />
<SP HEIGHT="52" HPOS="612" VPOS="2822" WIDTH="25" />
<String CONTENT="business" HEIGHT="53" HPOS="638" VPOS="2822" WIDTH="254" />
<SP HEIGHT="34" HPOS="893" VPOS="2840" WIDTH="26" />
<String CONTENT="corporation" HEIGHT="66" HPOS="920" VPOS="2822" WIDTH="361" />
</TextLine>
<TextLine CS="1" HEIGHT="70" HPOS="1310" STYLEREFS="StyleId-6AADEAC2-67D3-4BED-8859-307FE438682C-" VPOS="2821" WIDTH="627">
<String CONTENT="act," HEIGHT="63" HPOS="1310" VPOS="2827" WIDTH="106" />
<SP HEIGHT="49" HPOS="1417" VPOS="2841" WIDTH="27" />
<String CONTENT="annotated," HEIGHT="66" HPOS="1445" VPOS="2823" WIDTH="325" />
<SP HEIGHT="47" HPOS="1771" VPOS="2842" WIDTH="26" />
<String CONTENT="with" HEIGHT="55" HPOS="1798" VPOS="2821" WIDTH="139" />
<SP />
<String CONTENT="forms." CS="1" />
</TextLine>
<TextLine CS="1" HEIGHT="72" HPOS="164" STYLEREFS="StyleId-6AADEAC2-67D3-4BED-8859-307FE438682C-" VPOS="2897" WIDTH="1730">
<String CONTENT="by" HEIGHT="68" HPOS="164" VPOS="2899" WIDTH="75" />
<SP HEIGHT="61" HPOS="240" VPOS="2906" WIDTH="26" />
<String CONTENT="the" HEIGHT="52" HPOS="267" VPOS="2900" WIDTH="95" />
<SP HEIGHT="55" HPOS="363" VPOS="2898" WIDTH="29" />
<String CONTENT="Corporation" HEIGHT="71" HPOS="393" VPOS="2897" WIDTH="383" />
<SP HEIGHT="54" HPOS="777" VPOS="2900" WIDTH="27" />
<String CONTENT="law" HEIGHT="53" HPOS="805" VPOS="2900" WIDTH="110" />
<SP HEIGHT="36" HPOS="916" VPOS="2917" WIDTH="30" />
<String CONTENT="committee" HEIGHT="55" HPOS="947" VPOS="2900" WIDTH="317" />
<SP HEIGHT="35" HPOS="1265" VPOS="2920" WIDTH="26" />
<String CONTENT="of" HEIGHT="51" HPOS="1292" VPOS="2901" WIDTH="64" />
<SP HEIGHT="53" HPOS="1357" VPOS="2901" WIDTH="27" />
<String CONTENT="the" HEIGHT="52" HPOS="1385" VPOS="2902" WIDTH="97" />
<SP HEIGHT="55" HPOS="1483" VPOS="2901" WIDTH="27" />
<String CONTENT="Chicago" HEIGHT="67" HPOS="1511" VPOS="2901" WIDTH="252" />
<SP HEIGHT="53" HPOS="1764" VPOS="2900" WIDTH="26" />
<String CONTENT="bar" HEIGHT="53" HPOS="1791" VPOS="2900" WIDTH="103" />
</TextLine>
<TextLine CS="1" HEIGHT="150" HPOS="163" STYLEREFS="StyleId-6AADEAC2-67D3-4BED-8859-307FE438682C-" VPOS="2898" WIDTH="1972">
<String CONTENT="association." HEIGHT="133" HPOS="163" VPOS="2898" WIDTH="1972" />
<SP HEIGHT="54" HPOS="300" VPOS="2979" WIDTH="77" />
<String CONTENT="Chicago," HEIGHT="67" HPOS="378" VPOS="2978" WIDTH="269" />
<SP HEIGHT="65" HPOS="648" VPOS="2980" WIDTH="33" />
<String CONTENT="The" HEIGHT="52" HPOS="682" VPOS="2979" WIDTH="120" />
<SP HEIGHT="51" HPOS="803" VPOS="2980" WIDTH="33" />
<String CONTENT="Foundation" HEIGHT="52" HPOS="837" VPOS="2979" WIDTH="365" />
<SP HEIGHT="49" HPOS="1203" VPOS="2997" WIDTH="31" />
<String CONTENT="press," HEIGHT="51" HPOS="1235" VPOS="2996" WIDTH="173" />
<SP HEIGHT="67" HPOS="1409" VPOS="2980" WIDTH="31" />
<String CONTENT="inc.," HEIGHT="65" HPOS="1441" VPOS="2980" WIDTH="126" />
<SP HEIGHT="61" HPOS="1568" VPOS="2984" WIDTH="34" />
<String CONTENT="1934." HEIGHT="49" HPOS="1603" VPOS="2983" WIDTH="148" />
</TextLine>
<TextLine CS="1" HEIGHT="51" HPOS="237" VPOS="3049" WIDTH="455">
<String CONTENT="xi," HEIGHT="49" HPOS="237" VPOS="3050" WIDTH="63" />
<SP HEIGHT="48" HPOS="301" VPOS="3051" WIDTH="30" />
<String CONTENT="591" HEIGHT="40" HPOS="332" VPOS="3051" WIDTH="81" />
<SP HEIGHT="46" HPOS="414" VPOS="3052" WIDTH="27" />
<String CONTENT="p." HEIGHT="36" HPOS="442" VPOS="3062" WIDTH="42" />
<SP HEIGHT="40" HPOS="485" VPOS="3050" WIDTH="60" />
<String CONTENT="25&#189;cm." CS="1" HEIGHT="42" HPOS="546" VPOS="3050" WIDTH="146" />
</TextLine>
<TextLine HEIGHT="49" HPOS="239" VPOS="3107" WIDTH="714">
<String CONTENT="M." HEIGHT="40" HPOS="239" VPOS="3108" WIDTH="61" />
<SP HEIGHT="38" HPOS="301" VPOS="3110" WIDTH="26" />
<String CONTENT="B." HEIGHT="39" HPOS="328" VPOS="3110" WIDTH="54" />
<SP HEIGHT="40" HPOS="383" VPOS="3109" WIDTH="25" />
<String CONTENT="Kennedy," HEIGHT="49" HPOS="409" VPOS="3107" WIDTH="247" />
<SP HEIGHT="37" HPOS="657" VPOS="3119" WIDTH="29" />
<String CONTENT="chairman." HEIGHT="41" HPOS="687" VPOS="3108" WIDTH="266" />
</TextLine>
<TextLine CS="1" HEIGHT="50" HPOS="241" VPOS="3164" WIDTH="1800">
<String CONTENT="Includes" HEIGHT="40" HPOS="241" VPOS="3165" WIDTH="225" />
<SP HEIGHT="30" HPOS="467" VPOS="3175" WIDTH="34" />
<String CONTENT="a" HEIGHT="31" HPOS="502" VPOS="3175" WIDTH="26" />
<SP HEIGHT="30" HPOS="529" VPOS="3176" WIDTH="37" />
<String CONTENT="compilation" HEIGHT="47" HPOS="567" VPOS="3165" WIDTH="311" />
<SP HEIGHT="28" HPOS="879" VPOS="3176" WIDTH="34" />
<String CONTENT="and" HEIGHT="38" HPOS="914" VPOS="3167" WIDTH="94" />
<SP HEIGHT="38" HPOS="1009" VPOS="3167" WIDTH="33" />
<String CONTENT="analysis" HEIGHT="47" HPOS="1043" VPOS="3166" WIDTH="216" />
<SP HEIGHT="29" HPOS="1260" VPOS="3178" WIDTH="33" />
<String CONTENT="of" HEIGHT="39" HPOS="1294" VPOS="3167" WIDTH="51" />
<SP HEIGHT="40" HPOS="1346" VPOS="3167" WIDTH="32" />
<String CONTENT="decisions" HEIGHT="39" HPOS="1379" VPOS="3168" WIDTH="239" />
<SP HEIGHT="30" HPOS="1619" VPOS="3177" WIDTH="32" />
<String CONTENT="of" HEIGHT="39" HPOS="1652" VPOS="3167" WIDTH="50" />
<SP HEIGHT="39" HPOS="1703" VPOS="3167" WIDTH="34" />
<String CONTENT="the" HEIGHT="38" HPOS="1738" VPOS="3168" WIDTH="80" />
<SP HEIGHT="39" HPOS="1819" VPOS="3167" WIDTH="32" />
<String CONTENT="Illinois" HEIGHT="39" HPOS="1852" VPOS="3167" WIDTH="189" />
</TextLine>
<TextLine CS="1" HEIGHT="106" HPOS="170" VPOS="3166" WIDTH="1973">
<String CONTENT="Supreme" HEIGHT="105" HPOS="170" VPOS="3166" WIDTH="1973" />
<SP HEIGHT="29" HPOS="332" VPOS="3233" WIDTH="32" />
<String CONTENT="court" HEIGHT="38" HPOS="365" VPOS="3224" WIDTH="138" />
<SP HEIGHT="38" HPOS="504" VPOS="3224" WIDTH="32" />
<String CONTENT="and" HEIGHT="40" HPOS="537" VPOS="3223" WIDTH="94" />
<SP HEIGHT="40" HPOS="632" VPOS="3223" WIDTH="33" />
<String CONTENT="Appellate" HEIGHT="47" HPOS="666" VPOS="3224" WIDTH="256" />
<SP HEIGHT="29" HPOS="923" VPOS="3233" WIDTH="32" />
<String CONTENT="courts" HEIGHT="38" HPOS="956" VPOS="3226" WIDTH="162" />
<SP HEIGHT="29" HPOS="1119" VPOS="3235" WIDTH="32" />
<String CONTENT="on" HEIGHT="28" HPOS="1152" VPOS="3235" WIDTH="58" />
<SP HEIGHT="28" HPOS="1211" VPOS="3235" WIDTH="31" />
<String CONTENT="matters" HEIGHT="38" HPOS="1243" VPOS="3226" WIDTH="204" />
<SP HEIGHT="29" HPOS="1448" VPOS="3235" WIDTH="33" />
<String CONTENT="covered" HEIGHT="38" HPOS="1482" VPOS="3226" WIDTH="202" />
<SP HEIGHT="39" HPOS="1685" VPOS="3225" WIDTH="30" />
<String CONTENT="by" HEIGHT="46" HPOS="1716" VPOS="3225" WIDTH="59" />
<SP HEIGHT="45" HPOS="1776" VPOS="3226" WIDTH="34" />
<String CONTENT="the" HEIGHT="40" HPOS="1811" VPOS="3224" WIDTH="80" />
<SP HEIGHT="29" HPOS="1892" VPOS="3235" WIDTH="33" />
<String CONTENT="act." HEIGHT="37" HPOS="1926" VPOS="3227" WIDTH="91" />
</TextLine>
<TextLine CS="1" HEIGHT="50" HPOS="240" VPOS="3277" WIDTH="790">
<String CONTENT="&#8220;Table" HEIGHT="43" HPOS="240" VPOS="3277" WIDTH="178" />
<SP HEIGHT="30" HPOS="419" VPOS="3290" WIDTH="23" />
<String CONTENT="of" HEIGHT="40" HPOS="443" VPOS="3279" WIDTH="50" />
<SP HEIGHT="40" HPOS="494" VPOS="3279" WIDTH="28" />
<String CONTENT="cases&#8221;:" CS="1" HEIGHT="39" HPOS="523" VPOS="3280" WIDTH="162" />
<SP HEIGHT="36" HPOS="714" VPOS="3291" WIDTH="28" />
<String CONTENT="p." HEIGHT="36" HPOS="743" VPOS="3291" WIDTH="43" />
<SP HEIGHT="40" HPOS="787" VPOS="3280" WIDTH="27" />
<String CONTENT="549-562." HEIGHT="43" HPOS="815" VPOS="3280" WIDTH="215" />
</TextLine>
<TextLine HEIGHT="55" HPOS="168" VPOS="3333" WIDTH="1994">
<String CONTENT="&#169;" HEIGHT="51" HPOS="168" VPOS="3333" WIDTH="50" />
<SP HEIGHT="51" HPOS="219" VPOS="3333" WIDTH="29" />
<String CONTENT="July" HEIGHT="47" HPOS="249" VPOS="3338" WIDTH="116" />
<SP HEIGHT="48" HPOS="366" VPOS="3337" WIDTH="26" />
<String CONTENT="20," HEIGHT="47" HPOS="393" VPOS="3337" WIDTH="70" />
<SP HEIGHT="46" HPOS="464" VPOS="3338" WIDTH="28" />
<String CONTENT="1934;" HEIGHT="48" HPOS="493" VPOS="3336" WIDTH="140" />
<SP HEIGHT="46" HPOS="634" VPOS="3338" WIDTH="31" />
<String CONTENT="2c." HEIGHT="40" HPOS="666" VPOS="3338" WIDTH="65" />
<SP HEIGHT="40" HPOS="732" VPOS="3338" WIDTH="30" />
<String CONTENT="July" HEIGHT="47" HPOS="763" VPOS="3338" WIDTH="117" />
<SP HEIGHT="48" HPOS="881" VPOS="3337" WIDTH="24" />
<String CONTENT="26;" HEIGHT="47" HPOS="906" VPOS="3337" WIDTH="83" />
<SP HEIGHT="35" HPOS="990" VPOS="3349" WIDTH="30" />
<String CONTENT="aff." HEIGHT="39" HPOS="1021" VPOS="3339" WIDTH="81" />
<SP HEIGHT="39" HPOS="1103" VPOS="3339" WIDTH="31" />
<String CONTENT="Aug." HEIGHT="48" HPOS="1135" VPOS="3339" WIDTH="114" />
<SP HEIGHT="38" HPOS="1250" VPOS="3339" WIDTH="30" />
<String CONTENT="22;" HEIGHT="47" HPOS="1281" VPOS="3339" WIDTH="82" />
<SP HEIGHT="46" HPOS="1364" VPOS="3340" WIDTH="32" />
<String CONTENT="A" HEIGHT="38" HPOS="1397" VPOS="3340" WIDTH="40" />
<SP HEIGHT="39" HPOS="1438" VPOS="3340" WIDTH="30" />
<String CONTENT="75091;" HEIGHT="48" HPOS="1469" VPOS="3338" WIDTH="169" />
<SP HEIGHT="46" HPOS="1639" VPOS="3340" WIDTH="32" />
<String CONTENT="Foundation" HEIGHT="43" HPOS="1672" VPOS="3338" WIDTH="309" />
<SP HEIGHT="37" HPOS="1982" VPOS="3351" WIDTH="29" />
<String CONTENT="press," HEIGHT="39" HPOS="2012" VPOS="3349" WIDTH="150" />
</TextLine>
<TextLine HEIGHT="51" HPOS="236" VPOS="3393" WIDTH="1378">
<String CONTENT="inc." HEIGHT="41" HPOS="236" VPOS="3394" WIDTH="90" />
<SP HEIGHT="30" HPOS="326" VPOS="3405" WIDTH="36" />
<String CONTENT="and" HEIGHT="37" HPOS="362" VPOS="3396" WIDTH="95" />
<SP HEIGHT="39" HPOS="457" VPOS="3394" WIDTH="36" />
<String CONTENT="Chicago" HEIGHT="49" HPOS="493" VPOS="3393" WIDTH="210" />
<SP HEIGHT="38" HPOS="703" VPOS="3395" WIDTH="34" />
<String CONTENT="bar" HEIGHT="38" HPOS="737" VPOS="3395" WIDTH="89" />
<SP HEIGHT="28" HPOS="826" VPOS="3405" WIDTH="34" />
<String CONTENT="assn.," HEIGHT="36" HPOS="860" VPOS="3405" WIDTH="142" />
<SP HEIGHT="46" HPOS="1002" VPOS="3395" WIDTH="38" />
<String CONTENT="Chicago." HEIGHT="48" HPOS="1040" VPOS="3395" WIDTH="221" />
<SP HEIGHT="46" HPOS="1261" VPOS="3397" WIDTH="73" />
<String CONTENT="(34-28972)" HEIGHT="48" HPOS="1334" VPOS="3396" WIDTH="280" />
</TextLine>
<TextLine HEIGHT="66" HPOS="156" STYLEREFS="StyleId-81D9128D-9B2F-4F8C-A7F7-30CD571597C3-" VPOS="3484" WIDTH="447">
<String CONTENT="Corey," HEIGHT="64" HPOS="156" VPOS="3485" WIDTH="205" />
<SP HEIGHT="65" HPOS="362" VPOS="3484" WIDTH="30" />
<String CONTENT="Lewis." HEIGHT="56" HPOS="393" VPOS="3484" WIDTH="210" />
</TextLine>
<TextLine CS="1" HEIGHT="73" HPOS="294" STYLEREFS="StyleId-77C0FAF5-7F27-4F66-8311-937184E2261E-" VPOS="3560" WIDTH="1867">
<String CONTENT="&#8230;" CS="1" />
<SP HEIGHT="51" HPOS="294" VPOS="3563" WIDTH="33" />
<String CONTENT="The" HEIGHT="53" HPOS="328" VPOS="3562" WIDTH="121" />
<SP HEIGHT="53" HPOS="450" VPOS="3562" WIDTH="29" />
<String CONTENT="decline" HEIGHT="54" HPOS="480" VPOS="3561" WIDTH="216" />
<SP HEIGHT="34" HPOS="697" VPOS="3581" WIDTH="30" />
<String CONTENT="of" HEIGHT="52" HPOS="728" VPOS="3563" WIDTH="63" />
<SP HEIGHT="52" HPOS="792" VPOS="3561" WIDTH="29" />
<String CONTENT="American" HEIGHT="55" HPOS="822" VPOS="3561" WIDTH="305" />
<SP HEIGHT="33" HPOS="1128" VPOS="3583" WIDTH="31" />
<String CONTENT="capitalism." HEIGHT="68" HPOS="1160" VPOS="3564" WIDTH="337" />
<SP HEIGHT="51" HPOS="1498" VPOS="3565" WIDTH="66" />
<String CONTENT="New" HEIGHT="52" HPOS="1565" VPOS="3565" WIDTH="139" />
<SP HEIGHT="52" HPOS="1705" VPOS="3564" WIDTH="29" />
<String CONTENT="York," HEIGHT="67" HPOS="1735" VPOS="3564" WIDTH="180" />
<SP HEIGHT="67" HPOS="1916" VPOS="3564" WIDTH="28" />
<String CONTENT="Covici," HEIGHT="68" HPOS="1945" VPOS="3564" WIDTH="216" />
</TextLine>
<TextLine HEIGHT="67" HPOS="162" STYLEREFS="StyleId-77C0FAF5-7F27-4F66-8311-937184E2261E-" VPOS="3640" WIDTH="441">
<String CONTENT="Friede" HEIGHT="53" HPOS="162" VPOS="3640" WIDTH="205" />
<SP HEIGHT="47" HPOS="368" VPOS="3659" WIDTH="41" />
<String CONTENT="[" HEIGHT="33" HPOS="410" VPOS="3673" WIDTH="13" />
<String CONTENT="c" HEIGHT="21" HPOS="428" STYLE="superscript" VPOS="3646" WIDTH="17" />
<String CONTENT="1934]" HEIGHT="64" HPOS="451" VPOS="3642" WIDTH="152" />
</TextLine>
<TextLine CS="1" HEIGHT="51" HPOS="233" VPOS="3711" WIDTH="989">
<String CONTENT="viii" HEIGHT="41" HPOS="233" VPOS="3711" WIDTH="86" />
<SP HEIGHT="47" HPOS="320" VPOS="3713" WIDTH="25" />
<String CONTENT="p.," HEIGHT="37" HPOS="346" VPOS="3723" WIDTH="59" />
<SP HEIGHT="48" HPOS="406" VPOS="3712" WIDTH="25" />
<String CONTENT="2" HEIGHT="38" HPOS="432" VPOS="3712" WIDTH="27" />
<SP />
<String CONTENT="l.," CS="1" HEIGHT="14" HPOS="524" VPOS="3744" WIDTH="8" />
<SP HEIGHT="45" HPOS="533" VPOS="3713" WIDTH="28" />
<String CONTENT="11-622" HEIGHT="40" HPOS="562" VPOS="3712" WIDTH="172" />
<SP HEIGHT="50" HPOS="735" VPOS="3712" WIDTH="28" />
<String CONTENT="p." HEIGHT="38" HPOS="764" VPOS="3724" WIDTH="43" />
<SP HEIGHT="39" HPOS="808" VPOS="3714" WIDTH="59" />
<String CONTENT="diagrs." HEIGHT="49" HPOS="868" VPOS="3713" WIDTH="178" />
<SP HEIGHT="41" HPOS="1047" VPOS="3713" WIDTH="59" />
<String CONTENT="24cm." CS="1" HEIGHT="43" HPOS="1107" VPOS="3713" WIDTH="115" />
</TextLine>
<TextLine CS="1" HEIGHT="52" HPOS="234" VPOS="3768" WIDTH="941">
<String CONTENT="&#8220;Notes" HEIGHT="41" HPOS="234" VPOS="3769" WIDTH="176" />
<SP HEIGHT="29" HPOS="411" VPOS="3780" WIDTH="28" />
<String CONTENT="and" HEIGHT="41" HPOS="440" VPOS="3769" WIDTH="95" />
<SP HEIGHT="39" HPOS="536" VPOS="3770" WIDTH="29" />
<String CONTENT="sources&#8221;;" HEIGHT="41" HPOS="566" VPOS="3769" WIDTH="252" />
<SP HEIGHT="38" HPOS="819" VPOS="3780" WIDTH="29" />
<String CONTENT="p." HEIGHT="38" HPOS="849" VPOS="3780" WIDTH="42" />
<SP HEIGHT="29" HPOS="892" VPOS="3791" WIDTH="35" />
<String CONTENT="[575]-603." CS="1" HEIGHT="48" HPOS="942" VPOS="3771" WIDTH="233" />
</TextLine>
<TextLine HEIGHT="56" HPOS="166" VPOS="3824" WIDTH="1997">
<String CONTENT="&#169;" HEIGHT="51" HPOS="166" VPOS="3824" WIDTH="50" />
<SP HEIGHT="51" HPOS="217" VPOS="3824" WIDTH="37" />
<String CONTENT="Sept." HEIGHT="48" HPOS="255" VPOS="3828" WIDTH="126" />
<SP HEIGHT="40" HPOS="382" VPOS="3827" WIDTH="33" />
<String CONTENT="6." HEIGHT="40" HPOS="416" VPOS="3827" WIDTH="38" />
<SP HEIGHT="40" HPOS="455" VPOS="3827" WIDTH="34" />
<String CONTENT="1934:" HEIGHT="41" HPOS="490" VPOS="3826" WIDTH="139" />
<SP HEIGHT="40" HPOS="630" VPOS="3827" WIDTH="35" />
<String CONTENT="2c." HEIGHT="38" HPOS="666" VPOS="3827" WIDTH="64" />
<SP HEIGHT="40" HPOS="731" VPOS="3827" WIDTH="39" />
<String CONTENT="Sept." HEIGHT="47" HPOS="771" VPOS="3827" WIDTH="125" />
<SP HEIGHT="39" HPOS="897" VPOS="3827" WIDTH="35" />
<String CONTENT="14;" HEIGHT="46" HPOS="933" VPOS="3827" WIDTH="81" />
<SP HEIGHT="35" HPOS="1015" VPOS="3838" WIDTH="37" />
<String CONTENT="aff." HEIGHT="41" HPOS="1053" VPOS="3827" WIDTH="79" />
<SP HEIGHT="40" HPOS="1133" VPOS="3829" WIDTH="39" />
<String CONTENT="Sept." HEIGHT="48" HPOS="1173" VPOS="3829" WIDTH="125" />
<SP HEIGHT="38" HPOS="1299" VPOS="3830" WIDTH="35" />
<String CONTENT="13;" HEIGHT="47" HPOS="1335" VPOS="3830" WIDTH="81" />
<SP HEIGHT="47" HPOS="1417" VPOS="3830" WIDTH="37" />
<String CONTENT="A" HEIGHT="39" HPOS="1455" VPOS="3830" WIDTH="40" />
<SP HEIGHT="42" HPOS="1496" VPOS="3830" WIDTH="34" />
<String CONTENT="75283;" HEIGHT="49" HPOS="1531" VPOS="3830" WIDTH="169" />
<SP HEIGHT="47" HPOS="1701" VPOS="3832" WIDTH="37" />
<String CONTENT="L." HEIGHT="41" HPOS="1739" VPOS="3832" WIDTH="50" />
<SP HEIGHT="41" HPOS="1790" VPOS="3832" WIDTH="35" />
<String CONTENT="Corey," HEIGHT="47" HPOS="1826" VPOS="3832" WIDTH="167" />
<SP HEIGHT="46" HPOS="1994" VPOS="3833" WIDTH="34" />
<String CONTENT="Long" HEIGHT="43" HPOS="2029" VPOS="3833" WIDTH="134" />
</TextLine>
<TextLine HEIGHT="51" HPOS="231" VPOS="3882" WIDTH="856">
<String CONTENT="Island" HEIGHT="40" HPOS="231" VPOS="3884" WIDTH="168" />
<SP HEIGHT="40" HPOS="400" VPOS="3884" WIDTH="33" />
<String CONTENT="City," HEIGHT="47" HPOS="434" VPOS="3884" WIDTH="122" />
<SP HEIGHT="46" HPOS="557" VPOS="3884" WIDTH="33" />
<String CONTENT="N." HEIGHT="39" HPOS="591" VPOS="3884" WIDTH="56" />
<SP HEIGHT="39" HPOS="648" VPOS="3884" WIDTH="32" />
<String CONTENT="Y." HEIGHT="38" HPOS="681" VPOS="3884" WIDTH="52" />
<SP HEIGHT="46" HPOS="734" VPOS="3885" WIDTH="74" />
<String CONTENT="(34-27244)" HEIGHT="50" HPOS="809" VPOS="3883" WIDTH="278" />
</TextLine>
</TextBlock>
</PrintSpace>
</Page>
</Layout>
</alto>