2350 4196
1142 4004 129 48 1732

280 448 848 39 At h ead of t itle; Gaston Dodu.
313 506 148 37 “Index
491 504 443 46 bibliographiciue";
1028 536 8 8 p.
1084 505 231 39 [433]-447.

216 557 1899 51 © Apr. 18 . 1934; 1c. Nov . 20 ; A- Foreign 26180; Librairie Hachette.
292 603 336 53 (A C 34-3669)
211 718 224 64 Döblin,
468 718 225 56 Alfred.

281 796 183 51 Unser
498 796 210 55 darein,
742 814 108 33 von
882 798 210 51 Alfred
1126 796 228 53 Döblin.
1425 796 213 54 Berlin.
1675 796 53 53 S.
1765 796 246 51 Fischer.
2047 798 147 49 1933.

283 873 19 34 1
364 901 7 5 v.

218 921 1978 51 © Mar. 16. 1933; 1c. May 11; A- Foreign 20924; S. Fischer verlag. a.-g.
213 1045 88 50 Du
329 1045 106 52 Ru.
465 1044 162 54 Paul.
658 1049 322 49 1666-1741.

209 1119 1964 142 Journal of Paul du Ru < February 1 to May 8. 1700> missionary priest
677 1211 57 38 to
767 1198 304 52 Louisiana;
1135 1197 332 54 translated,
1499 1197 139 52 with
1667 1197 389 52 introduction
2088 1197 109 52 and

211 1291 172 36 notes,
424 1275 151 51 from
617 1294 28 32 a
685 1275 352 64 manuscript
1079 1276 56 50 in
1175 1275 92 52 the
1366 1274 250 64 Newberry
1654 1273 235 65 library,
1929 1274 73 64 by
2040 1274 156 51 Ruth

210 1351 258 64 Lapham
501 1351 219 52 Butler.
791 1351 268 57 Chicago,
1092 1351 239 52 Printed
1365 1351 93 52 for
1488 1350 94 53 the
1614 1350 222 54 Caxton
1872 1351 143 54 club,
2047 1353 150 49 1934.

317 1456 7 7 x.
357 1425 54 36 74
439 1435 56 35 p..
526 1425 27 37 1
602 1457 6 5 l.
671 1422 54 39 24½cm.

284 1480 182 39 "Three
493 1481 220 38 hundred
742 1481 157 46 copies
932 1512 44 6 ...
1008 1492 124 28 were
1160 1480 189 47 printed
1383 1511 45 6 ...
1460 1488 50 30 at
1542 1480 77 39 the
1652 1480 230 39 Lakeside
1911 1481 177 46 press."

284 1534 230 42 "Journal
553 1536 50 40 of
638 1546 25 28 a
703 1545 179 39 voyage
918 1537 138 39 made
1093 1537 115 37 with
1247 1536 59 38 M.
1343 1536 275 39 d'Iberville
1653 1535 125 40 from
1816 1535 158 39 Biloxi
2043 1546 60 36 bay
2139 1547 60 36 up

214 1595 79 38 the
322 1593 305 47 Mississippi,
659 1593 219 47 together
908 1592 118 39 with
1056 1602 60 29 an
1145 1601 200 30 account
1377 1592 49 37 of
1456 1592 63 38 all
1552 1593 106 37 that
1688 1592 225 39 occurred
1945 1592 124 38 from
2101 1593 97 38 this

213 1648 113 42 time
352 1650 125 39 until
505 1650 81 39 the
613 1650 261 46 departure
902 1648 49 38 of
979 1649 81 39 the
1087 1649 165 39 vessel,
1283 1649 58 45 by
1371 1649 52 37 R.
1456 1648 47 38 F.
1532 1649 63 38 du
1625 1649 87 38 Ru.
1742 1647 305 49 Jesuit.”—p.
2077 1651 39 36 1.

284 1707 126 40 "The
440 1706 301 46 manuscript
774 1705 50 39 of
854 1706 82 39 the
966 1704 204 40 Journal
1206 1736 43 6 ...
1285 1705 39 38 is
1357 1714 26 28 a
1416 1709 366 43 contemporary
1815 1715 115 37 copy
1962 1715 106 29 now
212 1715 1971 87 preserved
418 1764 46 37 in
504 1762 81 40 the
624 1762 207 38 Edward
870 1761 51 39 E.
961 1765 124 41 Ayer
1124 1761 249 39 collection
1412 1760 48 38 of
1498 1762 82 38 the
1662 1762 214 45 Newherry
1912 1761 288 45 library."—

213 1821 181 39 Introd.

221 1872 1790 100 © Nov. 21. 1934; 2c. Dec. 13; aff. Dec. 17; A 77717; Caxton club. (34-12337)
214 2035 246 63 Ebeling,
511 2036 259 50 Herman
800 2033 195 54 Louis.
1031 2039 168 48 1857-
1412 2051 176 48 comp.

285 2110 184 53 Greek
512 2110 245 66 thought;
837 2110 293 51 selections
1179 2108 151 53 from
1377 2109 216 51 Homer
1640 2123 58 38 to
1749 2109 328 54 Menander,
2126 2107 74 68 by

213 2188 253 51 Herman
498 2188 172 51 Louis
702 2187 245 67 Ebeling
984 2230 53 7 ...
1109 2186 331 53 Baltimore.
1469 2187 158 51 Priv.
1660 2186 193 68 print..
1886 2188 148 52 1934.

283 2262 54 36 27
367 2271 27 36 p
468 2260 55 38 26
527 2262 44 20 cm
576 2296 7 4 .

258 2316 1925 97 © Aug. 6, 1934; 2c. Dec. 17; aff. Dec. 13; A 78606; H. L . Ebeling. Baltimore. (33-80)
215 2475 213 54 Elwell,
460 2478 249 61 Fayette
736 2476 272 53 Herbert.
1041 2481 166 48 1885-

282 2553 271 50 Brewery
585 2552 353 56 accounting.
971 2552 75 61 by
1076 2552 64 51 F.
1177 2552 55 51 H
1283 2552 221 53 Elwell.
1576 2597 7 8 C.
1658 2597 8 7 P.
1743 2597 8 7 A.
1821 2553 54 51 A
1910 2552 271 52 members'

215 2630 338 66 accounting
596 2629 210 51 service;
882 2630 297 65 presented
1223 2644 58 38 to
1328 2630 77 52 all
1448 2630 245 53 brewers
1739 2630 59 51 in
1845 2631 95 51 the
1983 2629 217 53 United

215 2705 185 54 States
433 2706 63 52 of
524 2707 262 50 America
821 2707 137 50 with
992 2707 93 50 the
1117 2706 392 67 compliments
1542 2707 64 53 of
1634 2708 93 52 the
1758 2708 218 53 Lmited
2013 2705 187 55 States

213 2782 239 53 brewers'
499 2783 351 52 association.
997 2802 79 32 [New
1105 2784 163 51 York
1296 2784 115 68 city]
1463 2791 17 21 c
1486 2787 148 51 1934.

283 2854 825 48 cover-title. 1 p. l., 161 p. 23 cm .
223 2909 1964 100 © Nov. 27. 1234; 2 c . and aff. Nov. 30; A 77443; United States brewers assn . New York. ( 35-125)
217 3058 247 57 Fazzini,
493 3059 210 51 Lillian
735 3060 235 53 Davids.

285 3134 325 51 Butterflies
635 3134 111 51 and
767 3135 186 51 moths
977 3134 64 52 of
1062 3136 280 52 America,
1365 3138 73 51 by
1462 3138 215 52 Lillian
1702 3139 221 51 Davids
1948 3138 249 51 Fazzini.

217 3210 226 52 Racine.
555 3211 63 51 Wis.,
750 3212 221 50 Whitman
1009 3212 333 69 publishing
1379 3232 295 52 company.
1711 3223 17 19 c
1734 3218 148 49 1934.

285 3285 713 46 96 p. col. illus. 8½ × 13 cm .
290 3341 330 39 Illustrations
645 3353 57 27 on
731 3353 39 34 p.
815 3344 23 34 [2]
883 3343 94 37 and
1005 3351 102 30 text
1135 3354 56 27 on
1218 3354 41 36 p.
1304 3344 40 49 [3]
1373 3345 50 39 of
1449 3356 152 30 cover.

288 3398 69 39 On
385 3409 139 28 cover;
581 3398 281 39 Butterflies
893 3400 49 37 of
971 3399 231 39 America.

224 3449 1897 57 © May 23. 1934; 2c. Dec. 13; aff. Dec. 7; A 78338; Whitman pub. со.
319 3512 138 36 ( 33-145)
221 3599 140 61 Felt,
391 3600 194 51 Frank
613 3601 68 53 D.

288 3674 179 67 Songs
510 3676 62 51 of
614 3677 93 51 the
750 3678 169 65 Sespe
962 3678 109 52 and
1115 3679 157 52 other
1312 3681 240 66 rhymes,
1594 3684 74 64 by
1709 3683 195 52 Frank
1942 3684 71 50 D.
2054 3684 144 51 Felt.

273 3753 1696 59 East. Aurora. N. Y Printed by the Rovcrofters. 1934.
284 3823 574 49 4 p. l., 13-90. [1] p. 19½cm.
226 3874 1971 53 © Dec. 18 . 1934; 2c. and aff. Dec. 21; A 77778; F. D. Felt. Los Angeles.
320 3938 170 35 ( 35-173)
