2350 4371
1124 4099 101 53 297

169 382 316 54 American
513 384 111 51 law
652 385 234 61 reports
915 383 341 58 annotated.

238 459 70 52 A.
350 460 63 52 L.
454 462 67 51 R.
563 460 344 52 cumulative
946 461 389 68 index-digest
1372 461 94 51 for
1505 463 95 51 the
1639 480 162 49 years
1843 467 323 49 1929-1933.

168 540 136 50 vols.
329 539 186 51 58-87.
580 538 313 56 Combined
921 538 230 53 indexes
1175 544 58 48 to
1261 557 148 35 cases
1440 541 110 51 and
1580 542 378 51 annotations.

170 541 1973 143 Supplementing
556 618 70 51 A.
661 619 63 50 L.
761 618 67 51 R.
866 616 186 68 digest
1087 617 93 51 for
1214 619 136 51 vols.
1389 618 150 52 1-57.
1615 619 324 67 Rochester,
1973 621 70 52 N.
2079 622 90 54 Y.,

169 695 120 51 The
338 696 267 66 Lawyers
656 695 382 68 co-operative
1086 696 336 68 publishing
1471 713 306 51 company;
1831 699 339 67 Northport,

169 772 63 53 L.
279 774 66 66 I.,
392 775 67 51 A.
509 775 89 53 Y.,
647 773 253 52 Edward
948 774 329 67 Thompson
1325 793 307 49 company;
1686 775 116 54 San
1849 777 321 66 Francisco,

170 851 193 68 Calif.,
395 851 586 67 Bancroft-Whitney
1013 870 296 49 company,
1343 854 147 51 1934.

242 926 111 40 1573
386 936 40 37 p.
487 926 54 38 25½c
592 927 27 20 m
626 959 6 6 .

244 984 226 37 Lettered
498 993 60 27 on
586 992 138 28 cover:
782 982 52 39 A.
864 983 49 37 L.
945 983 53 37 R.
1029 982 156 45 digest
1212 981 226 47 covering
1466 984 115 37 vols.
1613 982 156 40 58-87.
1828 982 94 40 For
1953 993 81 29 use
172 986 1982 101 during
282 1039 127 40 1934.

469 1040 90 38 vol.
589 1039 39 39 3.
663 1038 404 47 Supplementary
1098 1040 46 36 to
1176 1038 51 37 A.
1261 1038 48 38 L.
1343 1038 53 38 R.
1430 1041 80 36 ten
1542 1049 115 37 year
1689 1037 169 48 digest.

176 1105 51 52 ©
253 1109 108 39 Feb.
388 1109 68 41 23,
482 1109 140 46 1934;
651 1110 65 38 2c.
744 1109 110 39 Feb.
879 1109 82 42 28;
992 1119 24 29 aff
1022 1107 51 41 .
1100 1109 119 38 Mar.
1247 1109 23 37 1;
1327 1108 40 38 A
1393 1108 170 47 70428;
1594 1109 228 46 Lawyers
1850 1108 321 47 co-operative

242 1167 108 46 pub.
379 1177 79 31 co.,
486 1167 210 38 Edward
724 1166 273 46 Thompson
1026 1176 65 28 co.
1121 1166 92 38 and
1241 1166 104 37 Ban
1381 1165 350 47 croft-Whitney
1759 1177 65 28 co.

174 1269 328 65 Anderson,
531 1269 224 54 Walter
783 1270 290 64 Houston,
1107 1272 169 49 1886-

244 1347 95 52 An
365 1347 343 53 automobile
735 1347 257 53 accident
1013 1347 132 67 suit,
1173 1366 29 33 a
1226 1347 231 53 treatise
1483 1365 71 34 on
1579 1347 94 52 the
1700 1346 290 69 pleading,

174 1365 1976 114 practice
314 1426 111 52 and
453 1426 137 52 trial
620 1426 63 53 of
714 1445 71 33 an
818 1425 343 53 automobile
1192 1426 239 68 damage
1464 1426 204 66 action,
1701 1425 153 53 from
1883 1426 73 52 its

173 1427 1976 145 inception to its conclusion, by Walter H. Anderson … San
176 1506 1975 144 Francisco,
368 1584 127 51 Ban
501 1582 455 69 croft-Whitney
989 1601 296 50 company,
1319 1586 151 49 1934.

243 1658 124 45 cxix,
397 1656 115 40 1654
539 1667 41 37 p.
638 1656 25 39 2½cm.

249 1714 177 40 “Table
455 1714 53 39 of
535 1723 135 30 cases
701 1713 154 40 cited”:
915 1723 43 37 p.
990 1713 230 39 liii-cxix.

177 1767 50 51 ©
261 1771 109 40 Feb.
401 1770 69 47 20,
503 1769 139 43 1934;
677 1770 64 40 2c.
776 1772 95 38 and
903 1770 79 40 aff.
1017 1772 120 38 Mar.
1171 1770 50 47 9;
1257 1771 40 38 A
1328 1770 170 47 70577;
1534 1771 68 40 W.
1638 1772 60 39 II.
1731 1771 264 42 Anderson,
244 1773 1908 102 Pocatello,
404 1829 70 38 Id.
546 1827 250 49 (34-5874)

179 1930 154 65 Beal,
364 1931 297 55 Kenneth.

242 2007 1869 69 Grammar for speaking and writing, by Kenneth Beal …
171 2085 139 53 New
349 2085 179 66 York,
566 2084 270 69 Chicago,
871 2086 309 65 Harcourt,
1217 2087 183 51 Brace
1435 2087 113 51 and
1586 2101 295 51 company,
1920 2088 148 50 1934.

243 2159 943 48 xiii p., 1 l., 489 p. diagrs. 20½ cm .
177 2227 51 51 ©
260 2232 121 39 Mar.
413 2232 38 39 5.
483 2231 139 42 1934;
657 2233 65 38 2c.
755 2232 96 39 and
884 2231 80 41 aff.
998 2233 120 39 Mar.
1151 2232 80 46 14;
1266 2232 41 38 A
1338 2231 169 47 70643;
1543 2232 259 45 Harcourt,
1837 2233 152 38 Brace
2023 2232 34 39 &
2089 2243 80 29 co.,

244 2288 88 40 inc.
406 2288 250 48 (34-5803)

175 2389 290 67 Brunner,
495 2393 273 52 Edmund
797 2394 68 51 de
894 2391 372 67 Schweinitz,
1297 2396 170 49 1889-

249 2469 120 50 The
420 2471 190 65 larger
663 2468 213 68 parish,
930 2488 30 33 a
1013 2476 315 47 movement
1380 2487 62 37 or
1495 2487 70 34 an
1620 2468 377 53 enthusiasm?
2076 2467 88 68 By

177 2546 273 54 Edmund
490 2547 66 51 de
596 2546 55 54 S.
692 2547 281 53 Brunner.
1049 2546 136 55 New
1227 2547 176 67 York,
1440 2546 270 53 Institute
1750 2546 62 52 of
1851 2545 169 54 social
2062 2544 104 53 and

175 2624 268 68 religious
475 2625 254 54 research
768 2659 12 34 [
786 2632 16 21 c
808 2628 135 49 1934
949 2660 11 33 ]

243 2695 64 48 ix,
330 2696 57 40 95
407 2707 43 37 p.
510 2696 154 49 diagr.
724 2697 55 39 21½
812 2700 45 21 cm
862 2732 8 8 .

248 2754 1922 49 “The Institute of social and religious research … is responsible for this
175 2811 340 47 publication.”

179 2869 50 51 ©
265 2874 120 38 Mar.
420 2873 37 47 5,
492 2872 113 40 1934;
668 2873 66 39 2c.
770 2873 95 39 and
899 2872 79 39 aff.
1016 2874 120 39 Mar.
1171 2874 52 45 7;
1260 2872 39 39 A
1334 2872 142 40 70538:
1541 2872 234 40 Institute
1810 2872 50 39 of
1894 2870 146 42 social
2077 2871 93 39 and

246 2930 229 48 religious
508 2931 238 38 research.
821 2929 249 48 (34-5950)

179 3033 146 63 Bull,
355 3033 155 55 Lois.

174 3110 1964 144 The love trapeze, by Lois Bull … New York, The Macaulay
406 3206 280 48 company
901 3223 12 32 [c1934]

248 3245 531 63 3 p. l., 5-253 p. 19½cm.
180 3313 50 52 ©
262 3319 119 38 Mar.
414 3318 67 41 19,
513 3318 139 45 1934;
685 3319 65 38 2c.
784 3317 95 39 and
909 3317 80 39 aff.
1023 3318 120 38 Mar.
1176 3317 81 46 22;
1291 3316 40 39 A
1363 3315 168 47 69949;
1567 3317 258 46 Macaulay
1855 3326 66 31 co.

259 3373 249 49 (34-5821)

179 3478 227 64 Carter,
437 3477 266 52 Barbara
730 3475 270 63 Barclay.

248 3550 145 70 Ship
422 3551 246 53 without
693 3551 151 67 sails,
871 3551 76 68 by
975 3550 258 54 Barbara
1264 3550 248 69 Barclay
1541 3549 217 55 Carter.
1825 3551 137 51 New
1994 3549 178 67 York,

177 3630 65 52 E.
276 3631 64 52 P.
372 3631 224 51 Dutton
628 3631 45 50 &
702 3646 97 50 co.,
831 3630 106 51 inc.
976 3662 13 33 [
994 3634 18 22 c
1017 3630 152 64 1934]

246 3703 100 47 viii,
378 3702 84 40 423
492 3712 45 37 p.
596 3701 56 40 19½cm.

249 3755 1926 49 “The aim of this book is the presentation of Dante … of the latter
177 3823 142 36 years
345 3815 52 39 of
423 3815 75 39 his
524 3813 101 48 life,
654 3814 82 39 the
764 3823 141 36 years
934 3813 52 40 of
1012 3813 126 39 exile
1166 3813 94 39 and
1288 3811 53 40 of
1366 3812 76 40 his
1470 3821 222 38 supreme
1719 3813 346 47 achievement,
2093 3814 81 39 the

176 3870 179 40 Divina
388 3868 501 43 commedia.”—Pref.

248 3926 162 41 “First
436 3924 227 43 edition.”

182 3981 1995 51 © Mar. 21, 1934; 2c. Mar. 28; aff. Mar. 22: A 70762; E, P. Dutton &
248 4052 81 36 co.,
359 4042 88 39 inc.
523 4039 249 49 (34-5896)
