2350 4296
1069 3978 132 50 1113

162 349 329 68 Anderson,
521 353 155 54 John
707 353 282 64 Mitchell,
1024 353 169 51 1863-

236 430 121 53 The
401 431 216 52 heaven
663 430 63 53 of
769 430 96 53 the
910 429 194 66 Bible;
1155 446 29 35 a
1229 428 326 53 devotional
1602 428 112 51 and
1759 427 403 69 inspirational

164 506 1972 147 book; author, John M. Anderson … [Morristown, Tenn., Triangle press, c1934]
238 658 133 47 xxxi,
402 656 176 42 33-304
606 670 42 37 p.
679 659 108 40 incl.
817 659 149 41 front,
997 657 169 49 (port.)
1235 657 170 47 plates.
1467 656 116 40 21cm.

168 712 50 51 ©
248 716 126 40 June
403 715 67 47 25,
499 716 142 46 1934;
672 716 64 40 2c.
767 718 96 39 and
892 715 79 39 aff.
1004 715 115 48 July
1147 713 50 46 2;
1234 714 36 38 A
1302 714 168 46 74082;
1505 714 43 39 J.
1579 715 60 38 M.
1671 714 266 50 Anderson,
235 716 1911 103 Morristown,
412 773 148 39 Tenn.
632 772 278 49 (34-29163)

156 875 307 68 Andrews,
497 878 173 62 Mary
704 877 200 56 Edith.

227 953 121 52 The
386 954 207 52 ethical
632 956 266 65 teaching
936 953 63 52 of
1037 953 175 66 Paul;
1255 971 31 32 a
1324 953 171 65 study
1533 952 60 51 in
1633 953 206 67 origin,
1877 954 76 67 by
1989 954 170 68 Mary

157 1029 2004 70 Edith Andrews … Chapel Hill, The University of North
156 1109 271 55 Carolina
461 1129 174 49 press,
671 1115 148 50 1934.

230 1186 63 41 ix,
321 1183 85 41 185
433 1195 40 36 p.
532 1183 116 43 22cm.

235 1241 376 47 Bibliography:
643 1252 43 37 p.
717 1241 214 40 176-179.

164 1295 49 51 ©
239 1298 118 47 Aug.
383 1299 68 46 17,
477 1296 113 42 1934;
644 1297 65 41 2c.
735 1299 118 46 Aug.
880 1297 53 39 22;
989 1297 80 40 aff.
1095 1297 118 47 Aug.
1239 1296 54 40 23;
1349 1296 41 39 A
1416 1295 140 41 74622;
1616 1295 284 50 University
1925 1297 52 40 of
2002 1298 158 40 North

230 1355 229 41 Carolina
485 1365 149 38 press.
709 1353 278 50 (34-29166)

154 1454 313 68 Appleton,
501 1458 218 52 Ernest
753 1457 239 63 Robert,
1024 1458 168 51 1891-

227 1534 96 53 An
353 1535 217 52 outline
599 1534 63 54 of
693 1534 259 69 religion,
981 1535 35 51 by
1084 1534 67 52 E.
1181 1533 69 52 R.
1279 1532 297 69 Appleton;
1637 1533 139 52 with
1809 1552 31 34 a
1871 1532 284 54 foreword

156 1610 1977 149 by the Reverend S. Parkes Cadman … New York, H. C. Kinsey & company, inc., 1934.
226 1763 64 48 xi,
317 1763 85 40 712
428 1775 43 37 p.
528 1763 127 41 illus.
711 1763 145 41 24½cm.

230 1821 198 41 London
457 1820 184 41 edition
684 1820 222 50 (Hodder
937 1821 96 39 and
1065 1818 294 52 Stoughton)
1400 1821 89 39 has
1520 1820 137 41 title:
1690 1820 73 39 An
1795 1821 182 41 outline
2010 1823 51 39 of

155 1834 1985 93 religion
333 1879 80 40 for
441 1879 232 39 children.

228 1936 349 48 Bibliography
607 1935 225 40 included
859 1935 50 39 in
938 1933 207 49 preface.

158 1991 50 51 ©
241 1995 120 47 Aug.
395 1992 69 50 24,
499 1992 140 48 1934;
675 1991 66 41 2c.
776 1993 120 47 Aug.
930 1992 81 46 27;
1049 1991 79 40 aff.
1164 1990 117 49 Aug.
1317 1990 83 48 25;
1436 1992 40 38 A
1511 1992 170 47 74676;
1720 1994 56 38 H,
1816 1993 49 41 C.
1900 1993 186 48 Kinsey
2121 1996 37 39 &

225 2062 80 37 co.,
337 2052 91 39 inc.
503 2049 279 50 (34-29165)

154 2152 222 67 Balzac,
408 2152 238 54 Honoré
675 2154 88 65 de,
797 2148 324 57 1799-1850.

285 2226 1871 73 … Letters to his family, 1809-1850; including a series of
152 2305 2002 149 letters from Madame de Balzac to her son; edited with introduction and notes, by Walter Scott Hastings … Princeton,
152 2463 306 54 Princeton
489 2463 320 68 university
837 2480 174 50 press,
1045 2464 149 52 1934.

221 2539 134 46 xxix,
383 2536 86 41 482
499 2547 43 37 p.
603 2535 145 40 23½cm.

219 2593 349 49 Bibliography:
628 2603 43 37 p.
704 2592 302 40 xxvii-xxix.

154 2651 50 51 ©
234 2655 120 47 Aug:
381 2655 40 46 1,
450 2652 141 48 1934;
622 2652 67 39 2c.
720 2653 95 38 and
843 2650 81 41 aff.
957 2651 125 48 Sept.
1113 2653 25 38 7;
1196 2651 41 39 A
1264 2651 170 47 74815;
1468 2652 260 40 Princeton
1760 2654 127 39 univ.
1919 2664 148 38 press.

231 2710 279 50 (34-29354)

146 2800 277 64 Bennett,
458 2801 218 61 Harry,
716 2801 169 51 1895-

217 2876 288 54 Practical
541 2875 284 68 everyday
862 2872 333 71 chemistry;
1233 2876 129 51 how
1398 2880 58 48 to
1493 2873 165 55 make
1695 2876 157 53 what
1887 2895 112 51 you
2038 2894 110 38 use.

149 2955 88 53 No
278 2953 551 69 theory—practical
869 2952 234 52 modern
1146 2952 261 70 working
1451 2952 282 53 formulae
1777 2953 95 53 for
1914 2954 236 69 making

147 3028 2005 73 hundreds of products. [By] H. Bennett … New York, The
149 3109 289 54 Chemical
468 3107 336 70 publishing
832 3125 79 34 co.
942 3106 64 53 of
1033 3107 138 53 New
1201 3106 181 69 York,
1412 3110 149 51 1934.

285 3214 9 18 xv,
326 3183 85 40 305
441 3192 43 37 p.
549 3179 146 41 21½cm.

215 3239 168 42 “First
411 3237 226 42 edition.”

218 3296 320 41 “References
573 3291 278 42 consulted”:
915 3302 42 37 p.
995 3290 215 43 291-292.

150 3352 50 51 ©
235 3356 117 46 Aug.
387 3353 69 48 22,
491 3352 114 40 1934;
668 3351 68 40 2c.
771 3352 96 38 and
900 3350 81 40 aff.
1016 3351 118 48 Aug.
1169 3349 56 42 24;
1287 3351 41 39 A
1363 3351 143 41 75034;
1570 3353 246 42 Chemical
1851 3357 109 47 pub.
1995 3368 68 31 co.
2099 3358 52 41 of

219 3413 117 38 New
366 3411 145 39 York.
583 3406 281 51 (34-29306)

141 3499 183 55 Bible.
403 3499 64 53 O.
513 3501 61 50 T.
649 3496 130 54 Job.
856 3495 261 67 English.
1191 3496 408 67 Paraphrases.
1673 3504 104 51 1934.

217 3578 121 52 The
369 3575 147 54 book
549 3574 63 54 of
644 3573 141 66 Job;
820 3593 31 33 a
884 3572 259 54 metrical
1172 3575 360 67 translation,
1567 3576 141 53 with
1743 3597 31 34 a
1807 3579 220 53 critical

146 3579 1999 143 introduction, by R. Neumann … Burlington, Ia., The Lutheran
143 3734 239 65 literary
410 3730 198 65 board,
639 3730 150 51 1934.

217 3804 83 40 127
330 3816 29 37 p
433 3802 103 40 21cm

148 3860 54 51 ©
242 3863 118 47 Aug.
401 3861 69 45 10,
512 3859 140 46 1934;
697 3858 67 41 2c.
805 3859 96 38 and
942 3856 79 41 aff.
1066 3856 117 50 Aug.
1226 3857 57 40 20;
1354 3859 41 39 A
1436 3859 170 49 73946;
1652 3862 183 42 Robert
1875 3865 270 52 Neumann,

219 3921 257 45 Carthage,
507 3918 73 39 Ill.
653 3913 279 50 (34-29164)
