2350 4196
1127 3999 99 50 359

176 357 230 65 Jacobs,
438 357 209 54 Milton
681 357 169 65 Cecil,
888 360 170 48 1901-

243 433 138 53 New
412 433 163 52 York
605 434 109 51 law
746 432 63 53 of
841 433 311 67 accidents;
1188 452 30 33 a
1251 439 121 46 text
1404 433 147 53 book
1582 433 60 52 in
1675 433 187 68 digest
1894 432 169 68 form,
2096 430 76 70 by

174 510 1936 70 Milton C. Jacobs … with a foreword by John F. X. Finn …
175 589 138 53 New
341 589 178 67 York,
545 589 121 52 The
691 589 137 52 Law
857 589 211 52 service
1094 588 336 70 publishing
1458 607 78 35 co.
1572 592 191 64 [c1934]

243 662 81 46 xli,
355 662 85 40 902
467 672 44 37 p.
571 661 146 41 23½cm.

178 729 51 53 ©
257 736 121 38 Mar.
405 734 67 48 23,
501 735 140 47 1934;
670 735 67 39 2c.
766 736 120 38 Mar.
913 735 55 39 26;
1026 734 82 41 aff.
1137 735 118 38 Mar.
1284 734 82 47 27;
1397 734 40 39 A
1464 734 170 48 71045;
1667 736 60 39 M.
1758 735 47 41 C.
1836 734 190 48 Jacobs,
2056 735 114 39 New

245 792 143 39 York.
460 791 249 48 (34-6818)

169 906 254 55 Kansas.
497 909 184 66 Laws,
709 914 257 60 statutes,
994 914 101 47 etc.

241 988 133 49 1933
406 987 361 66 supplement
798 992 57 48 to
889 986 243 53 Revised
1164 989 238 50 statutes
1433 986 63 53 of
1528 988 224 53 Kansas
1788 990 131 48 1923

171 987 1976 144 (cumulative)
412 1070 58 47 to
498 1065 66 52 be
594 1064 166 68 cited,
789 1065 101 53 “R.
924 1065 55 55 S.
1013 1068 132 48 1933
1176 1066 202 67 supp.”
1453 1065 352 69 Containing
1835 1067 77 51 all
1942 1066 137 52 laws
2109 1066 63 52 of

173 1161 31 34 a
235 1145 230 65 general
497 1148 221 63 nature,
750 1144 202 67 passed
987 1149 58 46 at
1077 1144 96 51 the
1204 1145 229 66 regular
1466 1144 238 53 sessions
1737 1145 62 51 of
1835 1147 152 65 1925,
2020 1144 150 68 1927,

207 1223 116 65 1929,
353 1224 152 64 1931,
534 1225 151 64 1933,
714 1223 111 51 and
852 1221 209 69 special
1089 1223 236 52 sessions
1354 1222 63 52 of
1447 1225 150 65 1928,
1627 1225 151 65 1930,
1807 1226 150 65 1933,
1986 1224 185 52 which

173 1317 93 35 are
293 1301 123 53 still
447 1299 60 54 in
538 1300 173 67 force,
745 1300 301 68 following
1075 1301 94 51 the
1201 1319 150 34 same
1384 1308 399 61 arrangement
1815 1304 137 51 used
1985 1303 59 51 in
2076 1303 96 52 the

170 1377 243 55 Revised
463 1383 256 62 statutes,
768 1378 139 52 with
957 1380 371 67 appropriate
1375 1379 278 69 headings
1703 1381 111 51 and
1861 1399 148 36 cross
172 1382 1976 143 references,

445 1476 58 34 as
542 1457 262 68 required
840 1458 74 67 by
950 1459 127 66 law,
1116 1458 110 51 and
1264 1458 152 67 fully
1455 1459 307 52 annotated
1800 1464 57 48 to
1895 1461 277 53 decisions

171 1537 332 67 construing
540 1537 96 51 the
670 1541 237 47 statutes
944 1538 151 51 since
1132 1539 147 50 1923.
1359 1536 319 69 Compiled,
1712 1538 189 53 edited
1940 1540 111 51 and

172 1540 2001 143 indexed by Franklin Corrick … Topeka, The Kansas state
171 1693 262 69 printing
463 1696 181 66 plant,
676 1696 149 50 1934.

246 1769 118 47 xxii,
396 1768 88 40 686
510 1778 42 37 p.
616 1767 116 40 26cm.

178 1835 51 52 ©
261 1840 109 39 Feb.
401 1838 69 47 21,
501 1838 140 47 1934;
674 1838 66 40 2c.
773 1839 121 39 Mar.
927 1839 24 38 5;
1012 1838 80 39 aff.
1126 1839 119 38 Mar.
1278 1838 52 47 3;
1364 1839 41 38 A
1435 1838 170 47 69741;
1640 1840 69 40 W.
1743 1839 49 41 C.
1824 1839 189 49 Austin,
2048 1840 127 41 state

248 1895 200 50 printer,
475 1896 78 39 for
580 1897 81 37 the
686 1895 174 40 benefit
888 1896 49 39 of
964 1896 83 38 the
1072 1897 128 38 state
1227 1896 51 39 of
1303 1896 209 48 Kansas,
1541 1895 208 49 Topeka,
1782 1897 121 39 Kan.

178 2013 246 66 Kaplan,
456 2015 210 53 Albert
696 2013 198 64 Jacob,
929 2013 172 54 1897-

243 2091 56 52 A
323 2091 172 67 study
520 2089 64 54 of
608 2091 97 52 the
727 2090 271 53 behavior
1024 2090 257 68 problem
1307 2091 167 67 pupil
1501 2091 60 52 in
1589 2109 30 34 a
1648 2092 310 69 secondary
1986 2092 188 52 school

237 2168 1413 68 … [by] Albert J. Kaplan. Philadelphia, 1933.
248 2240 83 41 187
360 2252 44 38 p.
465 2242 178 47 diagrs.
706 2241 117 41 23cm.

248 2296 72 42 On
348 2308 139 30 cover:
542 2298 196 47 Temple
766 2298 285 47 university.

247 2355 172 40 Thesis
463 2356 91 47 (ED.
619 2355 302 47 D.)—Temple
955 2355 283 51 university,
1271 2354 127 41 1933.

245 2410 346 49 Bibliography:
653 2421 43 38 p.
729 2411 216 43 179-187.

180 2480 50 51 ©
268 2486 119 37 Mar.
425 2484 38 47 8,
500 2483 140 47 1934;
678 2484 66 39 2c.
782 2485 95 38 and
913 2483 80 40 aff.
1032 2484 122 39 Mar.
1190 2483 81 47 14;
1310 2484 41 38 A
1387 2483 170 48 706601;
1597 2484 53 40 A.
1689 2485 42 41 J.
1771 2486 207 47 Kaplan,
247 2484 1909 104 Philadelphia.
530 2540 250 49 (34-6998)

177 2658 201 66 Keith,
408 2659 221 57 Carlos.

178 2735 1967 146 This fool, passion, by Carlos Keith … illustrated by Vincentini. New York, The Vanguard press, 1934.
252 2885 1109 50 7 p. l., 19-301 p. incl. illus., plates. 21cm.
246 2943 291 41 Illustrated
568 2943 363 49 lining-papers.

181 3011 51 52 ©
267 3017 121 39 Mar.
422 3016 68 46 29,
525 3016 113 39 1984;
701 3015 66 41 2c.
803 3017 95 38 and
932 3015 78 40 aff.
1048 3017 121 38 Mar.
1202 3016 55 39 31;
1321 3016 41 38 A
1396 3015 142 40 70881;
1602 3016 264 48 Vanguard
1902 3026 147 39 press,
2086 3017 89 41 inc.

262 3073 250 47 (34-6832)

183 3193 251 63 Kerney,
466 3192 184 55 Ellen.

251 3269 54 52 A
344 3271 259 67 glossary
643 3267 64 54 of
748 3269 223 52 French
1014 3269 239 52 medical
1293 3275 173 46 terms
1506 3268 281 54 referable
1828 3275 58 48 to
1928 3271 95 53 the
2067 3289 113 51 eye.

180 3346 1929 71 By Ellen Kerney … New York, Columbia university, 1934.
252 3418 1929 50 1 p. l., 7-209 p. 25cm. (Publications of the Institute of French
178 3479 199 47 studies,
412 3479 116 47 inc.)

254 3535 187 41 “Based
466 3548 59 29 on
550 3545 28 30 a
604 3535 153 40 thesis
783 3533 203 42 entitled
1014 3534 87 40 ‘An
1128 3535 285 49 etymologic
1439 3537 220 48 glossary
1686 3537 50 41 of
1762 3538 187 41 French
1975 3541 205 41 medical

183 3596 148 38 terms
367 3593 242 41 referable
645 3595 49 38 to
732 3594 82 39 the
848 3592 113 47 eye’,
999 3592 263 41 submitted
1299 3594 51 38 in
1385 3595 183 47 partial
1605 3594 264 42 fulfilment
1905 3597 51 40 of
1994 3599 82 41 the

182 3612 1999 93 requirements for the degree of master of arts … Columbia university,
185 3706 1999 57 conferred on June 6, 1933 … [In the present list] the etymology has
183 3771 113 38 been
331 3765 494 43 omitted.”—Introd.

254 3826 201 41 “Works
485 3823 278 42 consulted”:
825 3833 42 38 p.
898 3822 98 41 7-9.

187 3881 51 52 ©
267 3887 120 37 Mar.
415 3883 68 47 19,
512 3882 140 45 1934;
682 3882 65 38 2c.
777 3882 121 38 Mar.
926 3880 81 46 28;
1039 3878 81 41 aff.
1151 3880 119 39 Mar.
1298 3880 83 46 27;
1412 3882 40 37 A
1481 3881 169 49 71056;
1684 3885 51 39 E.
1765 3886 162 40 Kerney,

258 3889 1905 100 Brooklyn.
424 3937 250 51 (34-7137)
