<alto xmlns="http://www.loc.gov/standards/alto/ns-v3#" xmlns:xsi="http://www.w3.org/2001/XMLSchema-instance" xsi:schemaLocation="http://www.loc.gov/standards/alto/ns-v3# http://www.loc.gov/alto/v3/alto-3-0.xsd"><Description>
<MeasurementUnit>pixel</MeasurementUnit>
<sourceImageInformation>
<fileName>1934_v1_Part1.pdf</fileName>
</sourceImageInformation>
<OCRProcessing ID="IdOcr">
<ocrProcessingStep>
<processingDateTime>2019-01-10</processingDateTime>
<processingSoftware>
<softwareCreator>ABBYY</softwareCreator>
<softwareName>ABBYY Recognition Server</softwareName>
<softwareVersion>4.0</softwareVersion>
</processingSoftware>
</ocrProcessingStep>
</OCRProcessing>
</Description>
<Styles>
<ParagraphStyle ALIGN="Left" FIRSTLINE="0." ID="StyleId-FFFFFFFF-FFFF-FFFF-FFFF-FFFFFFFFFFFF-" LEFT="0." RIGHT="0." />
<ParagraphStyle ALIGN="Right" FIRSTLINE="0." ID="StyleId-521E1FC6-FE7E-43A4-90E6-A9B61626A263-" LEFT="0." LINESPACE="13.30000019" RIGHT="0." />
<ParagraphStyle ALIGN="Left" FIRSTLINE="-27." ID="StyleId-639B624E-F6F5-47B6-BB1D-34E64B53022F-" LEFT="0." LINESPACE="13.43999958" RIGHT="0." />
<ParagraphStyle ALIGN="Left" FIRSTLINE="0." ID="StyleId-100905F9-D385-406B-A5BD-ED5B8FD85431-" LEFT="0." RIGHT="0." />
<ParagraphStyle ALIGN="Left" FIRSTLINE="-27." ID="StyleId-7C9F9BA2-EF3A-4B7F-8486-CCC7B7F49B39-" LEFT="0." LINESPACE="18.71999931" RIGHT="0." />
<ParagraphStyle ALIGN="Block" FIRSTLINE="-27." ID="StyleId-350780E3-60F2-4605-88F5-BB54F9B87091-" LEFT="0." LINESPACE="18.71999931" RIGHT="0." />
<ParagraphStyle ALIGN="Left" FIRSTLINE="0." ID="StyleId-90B16C58-D795-4C77-9B89-30378C515D40-" LEFT="0." LINESPACE="14.39999962" RIGHT="0." />
<ParagraphStyle ALIGN="Right" FIRSTLINE="-27." ID="StyleId-17090E09-AFAF-4086-BD9B-4E99FAE6B057-" LEFT="0." LINESPACE="14.39999962" RIGHT="0." />
<ParagraphStyle ALIGN="Left" FIRSTLINE="-27." ID="StyleId-8B87B633-89DB-4D72-B1FC-26E4ABD680BC-" LEFT="0." LINESPACE="18.47999954" RIGHT="0." />
<ParagraphStyle ALIGN="Left" FIRSTLINE="0." ID="StyleId-42DA7417-CA90-4D71-A57B-06556C38D752-" LEFT="0." LINESPACE="13.30000019" RIGHT="0." />
<ParagraphStyle ALIGN="Block" FIRSTLINE="0." ID="StyleId-D8EE2A7E-42AE-4E35-98DB-F0F935637AA0-" LEFT="0." LINESPACE="6.599999905" RIGHT="0." />
<ParagraphStyle ALIGN="Left" FIRSTLINE="0." ID="StyleId-33CD3121-D4F5-43B6-BA96-6382D166E6B8-" LEFT="0." LINESPACE="15.5" RIGHT="0." />
<ParagraphStyle ALIGN="Block" FIRSTLINE="-21." ID="StyleId-1CE52AFA-C319-4DD9-B4B1-F0EBFA2B3F0B-" LEFT="0." LINESPACE="18.71999931" RIGHT="0." />
<ParagraphStyle ALIGN="Left" FIRSTLINE="0." ID="StyleId-B74F1B65-92F1-49C5-A5FA-D20442F031F2-" LEFT="0." LINESPACE="17.70006076" RIGHT="0." />
<ParagraphStyle ALIGN="Center" FIRSTLINE="0." ID="StyleId-79E2924A-215C-40B7-B577-7236BFBAA25E-" LEFT="0." LINESPACE="7.199999809" RIGHT="0." />
</Styles>
<Layout>
<Page HEIGHT="4196" ID="Page1556" PHYSICAL_IMG_NR="1556" WIDTH="2350">
<TopMargin HEIGHT="379" HPOS="0" VPOS="0" WIDTH="2350">
</TopMargin>
<LeftMargin HEIGHT="3698" HPOS="0" VPOS="379" WIDTH="206">
</LeftMargin>
<RightMargin HEIGHT="3698" HPOS="2218" VPOS="379" WIDTH="132">
</RightMargin>
<BottomMargin HEIGHT="119" HPOS="0" VPOS="4077" WIDTH="2350">
</BottomMargin>
<PrintSpace HEIGHT="3698" HPOS="206" VPOS="379" WIDTH="2012">
<TextBlock HEIGHT="61" HPOS="1119" ID="Page1556_Block1" LANG="en-US" STYLEREFS="StyleId-91498E4F-F71F-400D-8C91-7F952C5C77D9-" VPOS="4016" WIDTH="144">
<TextLine HEIGHT="49" HPOS="1125" VPOS="4022" WIDTH="132">
<String CONTENT="1556" HEIGHT="49" HPOS="1125" VPOS="4022" WIDTH="132" />
</TextLine>
</TextBlock>
<TextBlock CS="1" HEIGHT="3589" HPOS="206" ID="Page1556_Block2" LANG="en-US" STYLEREFS="StyleId-2004A4E6-CD07-4B34-AB53-44F915048D2F-" VPOS="379" WIDTH="2012">
<TextLine HEIGHT="67" HPOS="221" STYLEREFS="StyleId-91498E4F-F71F-400D-8C91-7F952C5C77D9-" VPOS="385" WIDTH="1001">
<String CONTENT="Commons," HEIGHT="62" HPOS="221" VPOS="385" WIDTH="329" />
<SP HEIGHT="59" HPOS="551" VPOS="388" WIDTH="33" />
<String CONTENT="John" HEIGHT="51" HPOS="585" VPOS="388" WIDTH="153" />
<SP HEIGHT="51" HPOS="739" VPOS="389" WIDTH="32" />
<String CONTENT="Rogers," HEIGHT="63" HPOS="772" VPOS="389" WIDTH="244" />
<SP HEIGHT="57" HPOS="1017" VPOS="395" WIDTH="36" />
<String CONTENT="1862-" HEIGHT="50" HPOS="1054" VPOS="392" WIDTH="168" />
</TextLine>
<TextLine HEIGHT="69" HPOS="286" STYLEREFS="StyleId-91498E4F-F71F-400D-8C91-7F952C5C77D9-" VPOS="463" WIDTH="1918">
<String CONTENT="Myself," HEIGHT="66" HPOS="286" VPOS="463" WIDTH="230" />
<SP HEIGHT="66" HPOS="517" VPOS="463" WIDTH="33" />
<String CONTENT="by" HEIGHT="66" HPOS="551" VPOS="463" WIDTH="72" />
<SP HEIGHT="64" HPOS="624" VPOS="465" WIDTH="32" />
<String CONTENT="John" HEIGHT="52" HPOS="657" VPOS="465" WIDTH="153" />
<SP HEIGHT="50" HPOS="811" VPOS="466" WIDTH="34" />
<String CONTENT="R." HEIGHT="51" HPOS="846" VPOS="466" WIDTH="66" />
<SP HEIGHT="54" HPOS="913" VPOS="466" WIDTH="35" />
<String CONTENT="Commons." HEIGHT="54" HPOS="949" VPOS="466" WIDTH="314" />
<SP HEIGHT="50" HPOS="1264" VPOS="468" WIDTH="75" />
<String CONTENT="New" HEIGHT="50" HPOS="1340" VPOS="468" WIDTH="137" />
<SP HEIGHT="50" HPOS="1478" VPOS="468" WIDTH="32" />
<String CONTENT="York," HEIGHT="66" HPOS="1511" VPOS="466" WIDTH="179" />
<SP HEIGHT="63" HPOS="1691" VPOS="469" WIDTH="31" />
<String CONTENT="The" HEIGHT="50" HPOS="1723" VPOS="468" WIDTH="120" />
<SP HEIGHT="51" HPOS="1844" VPOS="468" WIDTH="29" />
<String CONTENT="Macmillan" HEIGHT="51" HPOS="1874" VPOS="468" WIDTH="330" />
</TextLine>
<TextLine HEIGHT="62" HPOS="217" STYLEREFS="StyleId-91498E4F-F71F-400D-8C91-7F952C5C77D9-" VPOS="545" WIDTH="473">
<String CONTENT="company," HEIGHT="52" HPOS="217" VPOS="555" WIDTH="294" />
<SP HEIGHT="60" HPOS="512" VPOS="547" WIDTH="28" />
<String CONTENT="1934." HEIGHT="50" HPOS="541" VPOS="545" WIDTH="149" />
</TextLine>
<TextLine CS="1" HEIGHT="53" HPOS="291" VPOS="613" WIDTH="1015">
<String CONTENT="vii" HEIGHT="38" HPOS="291" VPOS="614" WIDTH="67" />
<SP HEIGHT="47" HPOS="359" VPOS="614" WIDTH="25" />
<String CONTENT="p.," HEIGHT="36" HPOS="385" VPOS="625" WIDTH="56" />
<SP HEIGHT="46" HPOS="442" VPOS="615" WIDTH="25" />
<String CONTENT="1" HEIGHT="37" HPOS="468" VPOS="615" WIDTH="24" />
<SP HEIGHT="37" HPOS="493" VPOS="615" WIDTH="26" />
<String CONTENT="l.," CS="1" />
<SP HEIGHT="48" HPOS="564" VPOS="613" WIDTH="25" />
<String CONTENT="201" HEIGHT="40" HPOS="590" VPOS="613" WIDTH="84" />
<SP HEIGHT="46" HPOS="675" VPOS="616" WIDTH="25" />
<String CONTENT="p." CS="1" HEIGHT="37" HPOS="701" VPOS="625" WIDTH="30" />
<SP HEIGHT="51" HPOS="765" VPOS="615" WIDTH="33" />
<String CONTENT="front.," HEIGHT="41" HPOS="799" VPOS="615" WIDTH="164" />
<SP HEIGHT="36" HPOS="964" VPOS="627" WIDTH="26" />
<String CONTENT="ports." HEIGHT="44" HPOS="991" VPOS="619" WIDTH="148" />
<SP HEIGHT="41" HPOS="1140" VPOS="616" WIDTH="52" />
<String CONTENT="20" HEIGHT="39" HPOS="1193" VPOS="616" WIDTH="55" />
<String CONTENT="cm" HEIGHT="21" HPOS="1251" STYLE="superscript" VPOS="618" WIDTH="43" />
<String CONTENT="." HEIGHT="7" HPOS="1299" VPOS="647" WIDTH="7" />
</TextLine>
<TextLine CS="1" HEIGHT="51" HPOS="223" VPOS="666" WIDTH="1717">
<String CONTENT="&#169;" HEIGHT="50" HPOS="223" VPOS="666" WIDTH="51" />
<SP HEIGHT="50" HPOS="275" VPOS="666" WIDTH="27" />
<String CONTENT="Nov." CS="1" HEIGHT="27" HPOS="349" VPOS="682" WIDTH="70" />
<SP HEIGHT="37" HPOS="420" VPOS="672" WIDTH="26" />
<String CONTENT="13," HEIGHT="46" HPOS="447" VPOS="671" WIDTH="67" />
<SP HEIGHT="45" HPOS="515" VPOS="672" WIDTH="27" />
<String CONTENT="1934;" CS="1" />
<SP HEIGHT="39" HPOS="683" VPOS="671" WIDTH="29" />
<String CONTENT="2c." HEIGHT="40" HPOS="713" VPOS="671" WIDTH="66" />
<SP HEIGHT="27" HPOS="780" VPOS="684" WIDTH="27" />
<String CONTENT="and" HEIGHT="37" HPOS="808" VPOS="674" WIDTH="94" />
<SP HEIGHT="38" HPOS="903" VPOS="674" WIDTH="25" />
<String CONTENT="aff." CS="1" />
<SP HEIGHT="37" HPOS="1008" VPOS="674" WIDTH="29" />
<String CONTENT="Nov." CS="1" HEIGHT="27" HPOS="1085" VPOS="684" WIDTH="68" />
<SP HEIGHT="36" HPOS="1154" VPOS="675" WIDTH="29" />
<String CONTENT="14:" CS="1" HEIGHT="36" HPOS="1184" VPOS="675" WIDTH="54" />
<SP HEIGHT="37" HPOS="1265" VPOS="674" WIDTH="31" />
<String CONTENT="A" HEIGHT="37" HPOS="1297" VPOS="674" WIDTH="40" />
<SP HEIGHT="38" HPOS="1338" VPOS="674" WIDTH="27" />
<String CONTENT="78072:" CS="1" HEIGHT="40" HPOS="1366" VPOS="672" WIDTH="140" />
<SP HEIGHT="38" HPOS="1533" VPOS="674" WIDTH="31" />
<String CONTENT="Macmillan" HEIGHT="40" HPOS="1565" VPOS="672" WIDTH="280" />
<SP HEIGHT="28" HPOS="1846" VPOS="684" WIDTH="27" />
<String CONTENT="co." HEIGHT="29" HPOS="1874" VPOS="684" WIDTH="66" />
</TextLine>
<TextLine CS="1" HEIGHT="46" HPOS="301" VPOS="727" WIDTH="276">
<String CONTENT="(34-38714)" CS="1" HEIGHT="46" HPOS="301" VPOS="727" WIDTH="276" />
</TextLine>
<TextLine HEIGHT="74" HPOS="223" STYLEREFS="StyleId-91498E4F-F71F-400D-8C91-7F952C5C77D9-" VPOS="841" WIDTH="1985">
<String CONTENT="Compton&#8217;s" HEIGHT="64" HPOS="223" VPOS="841" WIDTH="337" />
<SP HEIGHT="49" HPOS="561" VPOS="863" WIDTH="57" />
<String CONTENT="pictured" HEIGHT="65" HPOS="619" VPOS="847" WIDTH="261" />
<SP HEIGHT="52" HPOS="881" VPOS="847" WIDTH="56" />
<String CONTENT="teaching-unit" HEIGHT="67" HPOS="938" VPOS="848" WIDTH="417" />
<SP HEIGHT="44" HPOS="1356" VPOS="853" WIDTH="55" />
<String CONTENT="materials." HEIGHT="52" HPOS="1412" VPOS="846" WIDTH="304" />
<SP HEIGHT="50" HPOS="1717" VPOS="848" WIDTH="90" />
<String CONTENT="Life" HEIGHT="51" HPOS="1808" VPOS="847" WIDTH="134" />
<SP HEIGHT="51" HPOS="1943" VPOS="847" WIDTH="54" />
<String CONTENT="in" HEIGHT="51" HPOS="1998" VPOS="847" WIDTH="60" />
<SP HEIGHT="45" HPOS="2059" VPOS="853" WIDTH="55" />
<String CONTENT="the" HEIGHT="52" HPOS="2115" VPOS="847" WIDTH="93" />
</TextLine>
<TextLine CS="1" HEIGHT="145" HPOS="289" STYLEREFS="StyleId-91498E4F-F71F-400D-8C91-7F952C5C77D9-" VPOS="922" WIDTH="1896">
<String CONTENT="American" HEIGHT="54" HPOS="289" VPOS="922" WIDTH="304" />
<SP HEIGHT="34" HPOS="594" VPOS="944" WIDTH="29" />
<String CONTENT="colonies:" HEIGHT="53" HPOS="624" VPOS="925" WIDTH="268" />
<SP HEIGHT="47" HPOS="893" VPOS="944" WIDTH="30" />
<String CONTENT="pictured" HEIGHT="66" HPOS="924" VPOS="925" WIDTH="259" />
<SP HEIGHT="51" HPOS="1184" VPOS="926" WIDTH="27" />
<String CONTENT="teaching-unit" HEIGHT="67" HPOS="1212" VPOS="924" WIDTH="416" />
<SP HEIGHT="45" HPOS="1629" VPOS="931" WIDTH="28" />
<String CONTENT="materials," HEIGHT="55" HPOS="1658" VPOS="923" WIDTH="306" />
<SP HEIGHT="51" HPOS="1965" VPOS="927" WIDTH="26" />
<String CONTENT="including" HEIGHT="143" HPOS="291" VPOS="924" WIDTH="1894" />
</TextLine>
<TextLine HEIGHT="68" HPOS="437" STYLEREFS="StyleId-91498E4F-F71F-400D-8C91-7F952C5C77D9-" VPOS="1001" WIDTH="1772">
<String CONTENT="objectives," HEIGHT="66" HPOS="437" VPOS="1001" WIDTH="320" />
<SP HEIGHT="48" HPOS="758" VPOS="1021" WIDTH="45" />
<String CONTENT="generalizations," HEIGHT="66" HPOS="804" VPOS="1003" WIDTH="487" />
<SP HEIGHT="35" HPOS="1292" VPOS="1021" WIDTH="47" />
<String CONTENT="approaches," HEIGHT="67" HPOS="1340" VPOS="1002" WIDTH="364" />
<SP HEIGHT="33" HPOS="1705" VPOS="1021" WIDTH="47" />
<String CONTENT="activities," HEIGHT="50" HPOS="1753" VPOS="1003" WIDTH="297" />
<SP HEIGHT="32" HPOS="2051" VPOS="1020" WIDTH="47" />
<String CONTENT="and" HEIGHT="51" HPOS="2099" VPOS="1003" WIDTH="110" />
</TextLine>
<TextLine HEIGHT="67" HPOS="293" STYLEREFS="StyleId-91498E4F-F71F-400D-8C91-7F952C5C77D9-" VPOS="1079" WIDTH="1916">
<String CONTENT="extensive" HEIGHT="51" HPOS="293" VPOS="1080" WIDTH="282" />
<SP HEIGHT="32" HPOS="576" VPOS="1098" WIDTH="47" />
<String CONTENT="subject-matter," HEIGHT="66" HPOS="624" VPOS="1080" WIDTH="468" />
<SP HEIGHT="32" HPOS="1093" VPOS="1100" WIDTH="45" />
<String CONTENT="with" HEIGHT="53" HPOS="1139" VPOS="1079" WIDTH="137" />
<SP HEIGHT="51" HPOS="1277" VPOS="1081" WIDTH="50" />
<String CONTENT="a" HEIGHT="32" HPOS="1328" VPOS="1100" WIDTH="27" />
<SP HEIGHT="33" HPOS="1356" VPOS="1099" WIDTH="47" />
<String CONTENT="set" HEIGHT="46" HPOS="1404" VPOS="1087" WIDTH="82" />
<SP HEIGHT="44" HPOS="1487" VPOS="1087" WIDTH="47" />
<String CONTENT="of" HEIGHT="51" HPOS="1535" VPOS="1080" WIDTH="61" />
<SP HEIGHT="51" HPOS="1597" VPOS="1080" WIDTH="46" />
<String CONTENT="carefully" HEIGHT="66" HPOS="1644" VPOS="1079" WIDTH="281" />
<SP HEIGHT="48" HPOS="1926" VPOS="1097" WIDTH="46" />
<String CONTENT="selected" HEIGHT="51" HPOS="1973" VPOS="1081" WIDTH="236" />
</TextLine>
<TextLine HEIGHT="69" HPOS="291" STYLEREFS="StyleId-91498E4F-F71F-400D-8C91-7F952C5C77D9-" VPOS="1156" WIDTH="1917">
<String CONTENT="pictures," HEIGHT="64" HPOS="291" VPOS="1157" WIDTH="266" />
<SP HEIGHT="34" HPOS="558" VPOS="1176" WIDTH="29" />
<String CONTENT="specially" HEIGHT="66" HPOS="588" VPOS="1158" WIDTH="271" />
<SP HEIGHT="48" HPOS="860" VPOS="1177" WIDTH="27" />
<String CONTENT="prepared" HEIGHT="66" HPOS="888" VPOS="1159" WIDTH="281" />
<SP HEIGHT="50" HPOS="1170" VPOS="1159" WIDTH="27" />
<String CONTENT="for" HEIGHT="50" HPOS="1198" VPOS="1159" WIDTH="95" />
<SP HEIGHT="45" HPOS="1294" VPOS="1165" WIDTH="27" />
<String CONTENT="the" HEIGHT="51" HPOS="1322" VPOS="1159" WIDTH="92" />
<SP HEIGHT="45" HPOS="1415" VPOS="1165" WIDTH="27" />
<String CONTENT="teacher." HEIGHT="52" HPOS="1443" VPOS="1158" WIDTH="238" />
<SP HEIGHT="54" HPOS="1682" VPOS="1156" WIDTH="66" />
<String CONTENT="Chicago." HEIGHT="68" HPOS="1749" VPOS="1156" WIDTH="267" />
<SP HEIGHT="50" HPOS="2017" VPOS="1158" WIDTH="28" />
<String CONTENT="F." HEIGHT="50" HPOS="2046" VPOS="1158" WIDTH="63" />
<SP HEIGHT="50" HPOS="2110" VPOS="1159" WIDTH="31" />
<String CONTENT="E." HEIGHT="50" HPOS="2142" VPOS="1159" WIDTH="66" />
</TextLine>
<TextLine CS="1" HEIGHT="70" HPOS="292" STYLEREFS="StyleId-91498E4F-F71F-400D-8C91-7F952C5C77D9-" VPOS="1232" WIDTH="873">
<String CONTENT="Compton" HEIGHT="68" HPOS="292" VPOS="1232" WIDTH="284" />
<SP HEIGHT="49" HPOS="577" VPOS="1239" WIDTH="25" />
<String CONTENT="&amp;" CS="1" />
<SP HEIGHT="49" HPOS="647" VPOS="1239" WIDTH="26" />
<String CONTENT="company," HEIGHT="48" HPOS="674" VPOS="1254" WIDTH="294" />
<SP HEIGHT="49" HPOS="969" VPOS="1244" WIDTH="26" />
<String CONTENT="c" HEIGHT="20" HPOS="996" STYLE="superscript" VPOS="1244" WIDTH="17" />
<String CONTENT="1934." HEIGHT="50" HPOS="1019" VPOS="1239" WIDTH="146" />
</TextLine>
<TextLine CS="1" HEIGHT="47" HPOS="292" VPOS="1308" WIDTH="519">
<String CONTENT="1" HEIGHT="36" HPOS="292" VPOS="1309" WIDTH="22" />
<SP />
<String CONTENT="p." CS="1" />
<SP />
<String CONTENT="l.," CS="1" />
<SP HEIGHT="45" HPOS="458" VPOS="1308" WIDTH="25" />
<String CONTENT="30" HEIGHT="39" HPOS="484" VPOS="1308" WIDTH="57" />
<SP HEIGHT="47" HPOS="542" VPOS="1308" WIDTH="26" />
<String CONTENT="p." HEIGHT="36" HPOS="569" VPOS="1319" WIDTH="40" />
<SP HEIGHT="38" HPOS="610" VPOS="1308" WIDTH="56" />
<String CONTENT="25&#189;c" CS="1" HEIGHT="40" HPOS="667" VPOS="1308" WIDTH="55" />
<String CONTENT="m" HEIGHT="19" HPOS="772" STYLE="superscript" VPOS="1311" WIDTH="29" />
<String CONTENT="." HEIGHT="7" HPOS="804" VPOS="1339" WIDTH="7" />
</TextLine>
<TextLine HEIGHT="48" HPOS="290" VPOS="1364" WIDTH="1922">
<String CONTENT="Accompanied" HEIGHT="46" HPOS="290" VPOS="1365" WIDTH="352" />
<SP HEIGHT="38" HPOS="643" VPOS="1366" WIDTH="26" />
<String CONTENT="by" HEIGHT="45" HPOS="670" VPOS="1366" WIDTH="60" />
<SP HEIGHT="43" HPOS="731" VPOS="1368" WIDTH="25" />
<String CONTENT="twelve" HEIGHT="39" HPOS="757" VPOS="1366" WIDTH="171" />
<SP HEIGHT="28" HPOS="929" VPOS="1376" WIDTH="23" />
<String CONTENT="numbered" HEIGHT="38" HPOS="953" VPOS="1366" WIDTH="259" />
<SP HEIGHT="37" HPOS="1213" VPOS="1367" WIDTH="26" />
<String CONTENT="colored" HEIGHT="39" HPOS="1240" VPOS="1366" WIDTH="188" />
<SP HEIGHT="46" HPOS="1429" VPOS="1366" WIDTH="27" />
<String CONTENT="plates." HEIGHT="45" HPOS="1457" VPOS="1367" WIDTH="170" />
<SP HEIGHT="39" HPOS="1628" VPOS="1365" WIDTH="53" />
<String CONTENT="Verso" HEIGHT="39" HPOS="1682" VPOS="1365" WIDTH="149" />
<SP HEIGHT="28" HPOS="1832" VPOS="1376" WIDTH="26" />
<String CONTENT="of" HEIGHT="39" HPOS="1859" VPOS="1365" WIDTH="51" />
<SP HEIGHT="38" HPOS="1911" VPOS="1365" WIDTH="25" />
<String CONTENT="each" HEIGHT="38" HPOS="1937" VPOS="1366" WIDTH="115" />
<SP HEIGHT="46" HPOS="2053" VPOS="1366" WIDTH="28" />
<String CONTENT="plate" HEIGHT="48" HPOS="2082" VPOS="1364" WIDTH="130" />
</TextLine>
<TextLine CS="1" HEIGHT="48" HPOS="256" VPOS="1421" WIDTH="692">
<String CONTENT="has" CS="1" HEIGHT="29" HPOS="256" VPOS="1431" WIDTH="52" />
<SP HEIGHT="39" HPOS="309" VPOS="1421" WIDTH="27" />
<String CONTENT="descriptive" HEIGHT="47" HPOS="337" VPOS="1421" WIDTH="290" />
<SP HEIGHT="38" HPOS="628" VPOS="1423" WIDTH="25" />
<String CONTENT="letterpress." HEIGHT="46" HPOS="654" VPOS="1423" WIDTH="294" />
</TextLine>
<TextLine CS="1" HEIGHT="51" HPOS="224" VPOS="1475" WIDTH="1930">
<String CONTENT="&#169;" HEIGHT="50" HPOS="224" VPOS="1475" WIDTH="55" />
<SP HEIGHT="50" HPOS="280" VPOS="1475" WIDTH="27" />
<String CONTENT="Sept." HEIGHT="47" HPOS="308" VPOS="1478" WIDTH="126" />
<SP HEIGHT="38" HPOS="435" VPOS="1479" WIDTH="27" />
<String CONTENT="14." HEIGHT="39" HPOS="463" VPOS="1479" WIDTH="67" />
<SP HEIGHT="38" HPOS="531" VPOS="1480" WIDTH="27" />
<String CONTENT="1934;" CS="1" />
<SP HEIGHT="39" HPOS="699" VPOS="1479" WIDTH="31" />
<String CONTENT="2c." HEIGHT="39" HPOS="731" VPOS="1479" WIDTH="64" />
<SP HEIGHT="28" HPOS="796" VPOS="1490" WIDTH="28" />
<String CONTENT="and" HEIGHT="37" HPOS="825" VPOS="1481" WIDTH="95" />
<SP HEIGHT="37" HPOS="921" VPOS="1481" WIDTH="27" />
<String CONTENT="aff." CS="1" />
<SP HEIGHT="40" HPOS="1030" VPOS="1479" WIDTH="31" />
<String CONTENT="Sept." HEIGHT="47" HPOS="1062" VPOS="1479" WIDTH="123" />
<SP HEIGHT="36" HPOS="1186" VPOS="1481" WIDTH="30" />
<String CONTENT="17:" CS="1" HEIGHT="38" HPOS="1217" VPOS="1480" WIDTH="53" />
<SP HEIGHT="38" HPOS="1298" VPOS="1480" WIDTH="30" />
<String CONTENT="A" HEIGHT="37" HPOS="1329" VPOS="1480" WIDTH="38" />
<SP HEIGHT="37" HPOS="1368" VPOS="1480" WIDTH="28" />
<String CONTENT="74965:" CS="1" HEIGHT="39" HPOS="1397" VPOS="1478" WIDTH="141" />
<SP HEIGHT="38" HPOS="1565" VPOS="1479" WIDTH="32" />
<String CONTENT="F." HEIGHT="37" HPOS="1598" VPOS="1479" WIDTH="49" />
<SP HEIGHT="36" HPOS="1648" VPOS="1480" WIDTH="32" />
<String CONTENT="E." HEIGHT="38" HPOS="1681" VPOS="1480" WIDTH="50" />
<SP HEIGHT="41" HPOS="1732" VPOS="1477" WIDTH="28" />
<String CONTENT="Compton" HEIGHT="47" HPOS="1761" VPOS="1477" WIDTH="234" />
<SP HEIGHT="38" HPOS="1996" VPOS="1478" WIDTH="27" />
<String CONTENT="&amp;" HEIGHT="38" HPOS="2024" VPOS="1478" WIDTH="35" />
<SP HEIGHT="38" HPOS="2060" VPOS="1478" WIDTH="27" />
<String CONTENT="co." HEIGHT="30" HPOS="2088" VPOS="1486" WIDTH="66" />
</TextLine>
<TextLine HEIGHT="65" HPOS="221" STYLEREFS="StyleId-E96A8FA8-0F5C-4DEC-AA3F-7EE51E77DA88-" VPOS="1597" WIDTH="954">
<String CONTENT="Cousins," HEIGHT="63" HPOS="221" VPOS="1597" WIDTH="266" />
<SP HEIGHT="62" HPOS="488" VPOS="1598" WIDTH="29" />
<String CONTENT="James" HEIGHT="53" HPOS="518" VPOS="1598" WIDTH="203" />
<SP HEIGHT="52" HPOS="722" VPOS="1599" WIDTH="26" />
<String CONTENT="Henry," HEIGHT="63" HPOS="749" VPOS="1599" WIDTH="222" />
<SP HEIGHT="58" HPOS="972" VPOS="1604" WIDTH="32" />
<String CONTENT="1873-" HEIGHT="53" HPOS="1005" VPOS="1600" WIDTH="170" />
</TextLine>
<TextLine CS="1" HEIGHT="71" HPOS="293" STYLEREFS="StyleId-91498E4F-F71F-400D-8C91-7F952C5C77D9-" VPOS="1670" WIDTH="1918">
<String CONTENT="A" HEIGHT="50" HPOS="293" VPOS="1673" WIDTH="54" />
<SP HEIGHT="52" HPOS="348" VPOS="1672" WIDTH="51" />
<String CONTENT="bardic" HEIGHT="54" HPOS="400" VPOS="1672" WIDTH="196" />
<SP HEIGHT="50" HPOS="597" VPOS="1691" WIDTH="51" />
<String CONTENT="pilgrimage," HEIGHT="68" HPOS="649" VPOS="1673" WIDTH="358" />
<SP HEIGHT="47" HPOS="1008" VPOS="1692" WIDTH="51" />
<String CONTENT="second" HEIGHT="54" HPOS="1060" VPOS="1673" WIDTH="198" />
<SP HEIGHT="54" HPOS="1259" VPOS="1673" WIDTH="54" />
<String CONTENT="selection" HEIGHT="55" HPOS="1314" VPOS="1672" WIDTH="264" />
<SP HEIGHT="33" HPOS="1579" VPOS="1691" WIDTH="54" />
<String CONTENT="of" HEIGHT="52" HPOS="1634" VPOS="1671" WIDTH="61" />
<SP HEIGHT="54" HPOS="1696" VPOS="1671" WIDTH="51" />
<String CONTENT="the" HEIGHT="53" HPOS="1748" VPOS="1672" WIDTH="94" />
<SP HEIGHT="50" HPOS="1843" VPOS="1690" WIDTH="52" />
<String CONTENT="poetry" HEIGHT="63" HPOS="1896" VPOS="1677" WIDTH="198" />
<SP HEIGHT="49" HPOS="2095" VPOS="1690" WIDTH="53" />
<String CONTENT="of" HEIGHT="52" HPOS="2149" VPOS="1670" WIDTH="62" />
</TextLine>
<TextLine CS="1" HEIGHT="67" HPOS="218" STYLEREFS="StyleId-91498E4F-F71F-400D-8C91-7F952C5C77D9-" VPOS="1750" WIDTH="1921">
<String CONTENT="James" HEIGHT="54" HPOS="218" VPOS="1750" WIDTH="192" />
<SP HEIGHT="53" HPOS="411" VPOS="1750" WIDTH="25" />
<String CONTENT="H." CS="1" HEIGHT="8" HPOS="504" VPOS="1792" WIDTH="9" />
<SP HEIGHT="54" HPOS="514" VPOS="1750" WIDTH="31" />
<String CONTENT="Cousins." HEIGHT="54" HPOS="546" VPOS="1750" WIDTH="251" />
<SP HEIGHT="52" HPOS="798" VPOS="1750" WIDTH="64" />
<String CONTENT="New" HEIGHT="52" HPOS="863" VPOS="1750" WIDTH="136" />
<SP HEIGHT="51" HPOS="1000" VPOS="1751" WIDTH="30" />
<String CONTENT="York," HEIGHT="67" HPOS="1031" VPOS="1750" WIDTH="175" />
<SP HEIGHT="66" HPOS="1207" VPOS="1751" WIDTH="28" />
<String CONTENT="Roerich" HEIGHT="52" HPOS="1236" VPOS="1751" WIDTH="244" />
<SP HEIGHT="51" HPOS="1481" VPOS="1751" WIDTH="25" />
<String CONTENT="museum" HEIGHT="34" HPOS="1507" VPOS="1767" WIDTH="251" />
<SP HEIGHT="49" HPOS="1759" VPOS="1767" WIDTH="27" />
<String CONTENT="press," HEIGHT="50" HPOS="1787" VPOS="1766" WIDTH="172" />
<SP HEIGHT="61" HPOS="1960" VPOS="1753" WIDTH="29" />
<String CONTENT="1934." HEIGHT="50" HPOS="1990" VPOS="1751" WIDTH="149" />
</TextLine>
<TextLine CS="1" HEIGHT="47" HPOS="289" VPOS="1822" WIDTH="1109">
<String CONTENT="xiv" HEIGHT="38" HPOS="289" VPOS="1822" WIDTH="83" />
<SP HEIGHT="37" HPOS="373" VPOS="1832" WIDTH="26" />
<String CONTENT="p.," HEIGHT="37" HPOS="400" VPOS="1832" WIDTH="57" />
<SP HEIGHT="47" HPOS="458" VPOS="1822" WIDTH="30" />
<String CONTENT="1" HEIGHT="38" HPOS="489" VPOS="1822" WIDTH="25" />
<SP HEIGHT="38" HPOS="515" VPOS="1822" WIDTH="28" />
<String CONTENT="l.," CS="1" />
<SP HEIGHT="47" HPOS="590" VPOS="1822" WIDTH="30" />
<String CONTENT="288" CS="1" HEIGHT="39" HPOS="621" VPOS="1822" WIDTH="54" />
<SP HEIGHT="46" HPOS="708" VPOS="1823" WIDTH="28" />
<String CONTENT="p." HEIGHT="36" HPOS="737" VPOS="1833" WIDTH="42" />
<SP HEIGHT="40" HPOS="780" VPOS="1822" WIDTH="55" />
<String CONTENT="front." CS="1" />
<SP HEIGHT="46" HPOS="985" VPOS="1822" WIDTH="29" />
<String CONTENT="(port.)" HEIGHT="47" HPOS="1015" VPOS="1822" WIDTH="171" />
<SP HEIGHT="44" HPOS="1187" VPOS="1823" WIDTH="67" />
<String CONTENT="19&#189;c" CS="1" HEIGHT="38" HPOS="1255" VPOS="1823" WIDTH="55" />
<String CONTENT="rn" HEIGHT="20" HPOS="1359" STYLE="superscript" VPOS="1825" WIDTH="27" />
<String CONTENT="." HEIGHT="6" HPOS="1392" VPOS="1855" WIDTH="6" />
</TextLine>
<TextLine CS="1" HEIGHT="48" HPOS="290" VPOS="1878" WIDTH="693">
<String CONTENT="Bibliography:" CS="1" HEIGHT="47" HPOS="290" VPOS="1879" WIDTH="346" />
<SP HEIGHT="37" HPOS="665" VPOS="1889" WIDTH="30" />
<String CONTENT="p." HEIGHT="36" HPOS="696" VPOS="1890" WIDTH="42" />
<SP HEIGHT="39" HPOS="739" VPOS="1879" WIDTH="28" />
<String CONTENT="287-288." HEIGHT="41" HPOS="768" VPOS="1878" WIDTH="215" />
</TextLine>
<TextLine CS="1" HEIGHT="50" HPOS="223" VPOS="1936" WIDTH="1986">
<String CONTENT="&#169;" HEIGHT="50" HPOS="223" VPOS="1936" WIDTH="51" />
<SP HEIGHT="50" HPOS="275" VPOS="1936" WIDTH="25" />
<String CONTENT="May" HEIGHT="46" HPOS="301" VPOS="1940" WIDTH="111" />
<SP HEIGHT="46" HPOS="413" VPOS="1940" WIDTH="23" />
<String CONTENT="1." HEIGHT="39" HPOS="437" VPOS="1940" WIDTH="38" />
<SP HEIGHT="39" HPOS="476" VPOS="1940" WIDTH="26" />
<String CONTENT="1934;" CS="1" />
<SP HEIGHT="38" HPOS="642" VPOS="1939" WIDTH="28" />
<String CONTENT="2c." HEIGHT="39" HPOS="671" VPOS="1939" WIDTH="63" />
<SP HEIGHT="37" HPOS="735" VPOS="1940" WIDTH="27" />
<String CONTENT="Nov." CS="1" HEIGHT="6" HPOS="872" VPOS="1970" WIDTH="6" />
<SP HEIGHT="37" HPOS="879" VPOS="1940" WIDTH="28" />
<String CONTENT="1:" HEIGHT="37" HPOS="908" VPOS="1940" WIDTH="50" />
<SP HEIGHT="28" HPOS="959" VPOS="1950" WIDTH="29" />
<String CONTENT="aff." CS="1" />
<SP HEIGHT="40" HPOS="1070" VPOS="1940" WIDTH="26" />
<String CONTENT="Dec." HEIGHT="38" HPOS="1097" VPOS="1940" WIDTH="109" />
<SP HEIGHT="36" HPOS="1207" VPOS="1941" WIDTH="24" />
<String CONTENT="4:" HEIGHT="36" HPOS="1232" VPOS="1941" WIDTH="52" />
<SP HEIGHT="37" HPOS="1285" VPOS="1940" WIDTH="29" />
<String CONTENT="A" HEIGHT="37" HPOS="1315" VPOS="1940" WIDTH="39" />
<SP HEIGHT="38" HPOS="1355" VPOS="1940" WIDTH="27" />
<String CONTENT="77048:" HEIGHT="40" HPOS="1383" VPOS="1938" WIDTH="167" />
<SP HEIGHT="38" HPOS="1551" VPOS="1939" WIDTH="29" />
<String CONTENT="Roerich" HEIGHT="40" HPOS="1581" VPOS="1938" WIDTH="206" />
<SP HEIGHT="37" HPOS="1788" VPOS="1940" WIDTH="26" />
<String CONTENT="museum" HEIGHT="30" HPOS="1815" VPOS="1948" WIDTH="216" />
<SP HEIGHT="37" HPOS="2032" VPOS="1949" WIDTH="28" />
<String CONTENT="press." HEIGHT="38" HPOS="2061" VPOS="1948" WIDTH="148" />
</TextLine>
<TextLine HEIGHT="49" HPOS="301" VPOS="1995" WIDTH="278">
<String CONTENT="(34-39189)" HEIGHT="49" HPOS="301" VPOS="1995" WIDTH="278" />
</TextLine>
<TextLine HEIGHT="65" HPOS="221" STYLEREFS="StyleId-91498E4F-F71F-400D-8C91-7F952C5C77D9-" VPOS="2113" WIDTH="1122">
<String CONTENT="Crandall," HEIGHT="64" HPOS="221" VPOS="2113" WIDTH="290" />
<SP HEIGHT="62" HPOS="512" VPOS="2115" WIDTH="29" />
<String CONTENT="Lathan" HEIGHT="53" HPOS="542" VPOS="2114" WIDTH="235" />
<SP HEIGHT="53" HPOS="778" VPOS="2114" WIDTH="29" />
<String CONTENT="Augustus," HEIGHT="64" HPOS="808" VPOS="2114" WIDTH="331" />
<SP HEIGHT="58" HPOS="1140" VPOS="2120" WIDTH="34" />
<String CONTENT="1903-" HEIGHT="49" HPOS="1175" VPOS="2119" WIDTH="168" />
</TextLine>
<TextLine CS="1" HEIGHT="148" HPOS="222" STYLEREFS="StyleId-91498E4F-F71F-400D-8C91-7F952C5C77D9-" VPOS="2186" WIDTH="1965">
<String CONTENT="An" HEIGHT="50" HPOS="291" VPOS="2190" WIDTH="92" />
<SP HEIGHT="51" HPOS="384" VPOS="2189" WIDTH="33" />
<String CONTENT="introduction" HEIGHT="54" HPOS="418" VPOS="2189" WIDTH="385" />
<SP HEIGHT="46" HPOS="804" VPOS="2195" WIDTH="31" />
<String CONTENT="to" HEIGHT="47" HPOS="836" VPOS="2195" WIDTH="56" />
<SP HEIGHT="52" HPOS="893" VPOS="2190" WIDTH="31" />
<String CONTENT="human" HEIGHT="51" HPOS="925" VPOS="2190" WIDTH="210" />
<SP HEIGHT="50" HPOS="1136" VPOS="2208" WIDTH="34" />
<String CONTENT="physiology," HEIGHT="69" HPOS="1171" VPOS="2189" WIDTH="356" />
<SP HEIGHT="62" HPOS="1528" VPOS="2189" WIDTH="32" />
<String CONTENT="by" HEIGHT="67" HPOS="1561" VPOS="2189" WIDTH="72" />
<SP HEIGHT="67" HPOS="1634" VPOS="2189" WIDTH="32" />
<String CONTENT="Lathan" HEIGHT="52" HPOS="1667" VPOS="2188" WIDTH="224" />
<SP HEIGHT="52" HPOS="1892" VPOS="2188" WIDTH="33" />
<String CONTENT="A." HEIGHT="51" HPOS="1926" VPOS="2188" WIDTH="69" />
<SP HEIGHT="55" HPOS="1996" VPOS="2186" WIDTH="38" />
<String CONTENT="Crandall," HEIGHT="148" HPOS="222" VPOS="2186" WIDTH="1965" />
</TextLine>
<TextLine CS="1" HEIGHT="147" HPOS="219" STYLEREFS="StyleId-91498E4F-F71F-400D-8C91-7F952C5C77D9-" VPOS="2265" WIDTH="1966">
<String CONTENT="jr." HEIGHT="67" HPOS="390" VPOS="2266" WIDTH="71" />
<SP HEIGHT="9" HPOS="462" VPOS="2310" WIDTH="39" />
<String CONTENT="&#8230;" CS="1" />
<SP HEIGHT="51" HPOS="557" VPOS="2268" WIDTH="77" />
<String CONTENT="Philadelphia" HEIGHT="68" HPOS="635" VPOS="2266" WIDTH="403" />
<SP HEIGHT="35" HPOS="1039" VPOS="2285" WIDTH="36" />
<String CONTENT="and" HEIGHT="52" HPOS="1076" VPOS="2266" WIDTH="110" />
<SP HEIGHT="51" HPOS="1187" VPOS="2266" WIDTH="32" />
<String CONTENT="London," HEIGHT="68" HPOS="1220" VPOS="2266" WIDTH="254" />
<SP HEIGHT="68" HPOS="1475" VPOS="2266" WIDTH="33" />
<String CONTENT="W." HEIGHT="53" HPOS="1509" VPOS="2266" WIDTH="88" />
<SP HEIGHT="51" HPOS="1598" VPOS="2266" WIDTH="35" />
<String CONTENT="B." HEIGHT="51" HPOS="1634" VPOS="2266" WIDTH="67" />
<SP HEIGHT="54" HPOS="1702" VPOS="2265" WIDTH="39" />
<String CONTENT="Saunders" HEIGHT="54" HPOS="1742" VPOS="2265" WIDTH="287" />
<SP HEIGHT="34" HPOS="2030" VPOS="2283" WIDTH="33" />
<String CONTENT="company," HEIGHT="130" HPOS="219" VPOS="2282" WIDTH="1966" />
<SP HEIGHT="63" HPOS="390" VPOS="2348" WIDTH="27" />
<String CONTENT="1934." HEIGHT="48" HPOS="418" VPOS="2348" WIDTH="149" />
</TextLine>
<TextLine CS="1" HEIGHT="50" HPOS="289" VPOS="2414" WIDTH="956">
<String CONTENT="2" HEIGHT="39" HPOS="289" VPOS="2414" WIDTH="27" />
<SP />
<String CONTENT="p." HEIGHT="37" HPOS="342" VPOS="2425" WIDTH="43" />
<SP HEIGHT="41" HPOS="386" VPOS="2415" WIDTH="24" />
<String CONTENT="l.," CS="1" />
<SP HEIGHT="47" HPOS="456" VPOS="2416" WIDTH="27" />
<String CONTENT="11-325" HEIGHT="41" HPOS="484" VPOS="2414" WIDTH="172" />
<SP HEIGHT="48" HPOS="657" VPOS="2416" WIDTH="28" />
<String CONTENT="p." HEIGHT="37" HPOS="686" VPOS="2427" WIDTH="42" />
<SP HEIGHT="39" HPOS="729" VPOS="2417" WIDTH="55" />
<String CONTENT="illus.," HEIGHT="46" HPOS="785" VPOS="2416" WIDTH="142" />
<SP HEIGHT="45" HPOS="928" VPOS="2417" WIDTH="28" />
<String CONTENT="diagrs." HEIGHT="47" HPOS="957" VPOS="2416" WIDTH="177" />
<SP HEIGHT="39" HPOS="1135" VPOS="2416" WIDTH="54" />
<String CONTENT="20" HEIGHT="39" HPOS="1190" VPOS="2416" WIDTH="55" />
<String CONTENT="cm." CS="1" STYLE="superscript" />
</TextLine>
<TextLine CS="1" HEIGHT="49" HPOS="289" VPOS="2471" WIDTH="690">
<String CONTENT="Bibliography:" CS="1" HEIGHT="48" HPOS="289" VPOS="2472" WIDTH="347" />
<SP HEIGHT="36" HPOS="663" VPOS="2483" WIDTH="29" />
<String CONTENT="p." HEIGHT="36" HPOS="693" VPOS="2483" WIDTH="43" />
<SP HEIGHT="39" HPOS="737" VPOS="2473" WIDTH="26" />
<String CONTENT="305-308." HEIGHT="41" HPOS="764" VPOS="2471" WIDTH="215" />
</TextLine>
<TextLine CS="1" HEIGHT="50" HPOS="224" VPOS="2529" WIDTH="1869">
<String CONTENT="&#169;" HEIGHT="50" HPOS="224" VPOS="2529" WIDTH="51" />
<SP HEIGHT="50" HPOS="276" VPOS="2529" WIDTH="31" />
<String CONTENT="Nov." CS="1" HEIGHT="6" HPOS="418" VPOS="2563" WIDTH="6" />
<SP HEIGHT="37" HPOS="425" VPOS="2533" WIDTH="32" />
<String CONTENT="2." HEIGHT="39" HPOS="458" VPOS="2533" WIDTH="38" />
<SP HEIGHT="39" HPOS="497" VPOS="2533" WIDTH="31" />
<String CONTENT="1934;" CS="1" />
<SP HEIGHT="40" HPOS="669" VPOS="2532" WIDTH="33" />
<String CONTENT="2c." HEIGHT="39" HPOS="703" VPOS="2532" WIDTH="65" />
<SP HEIGHT="28" HPOS="769" VPOS="2543" WIDTH="33" />
<String CONTENT="and" HEIGHT="38" HPOS="803" VPOS="2533" WIDTH="94" />
<SP HEIGHT="38" HPOS="898" VPOS="2533" WIDTH="31" />
<String CONTENT="aff." CS="1" />
<SP HEIGHT="39" HPOS="1011" VPOS="2532" WIDTH="32" />
<String CONTENT="Nov." CS="1" HEIGHT="5" HPOS="1152" VPOS="2563" WIDTH="6" />
<SP HEIGHT="35" HPOS="1159" VPOS="2533" WIDTH="33" />
<String CONTENT="5:" CS="1" HEIGHT="35" HPOS="1193" VPOS="2533" WIDTH="24" />
<SP HEIGHT="37" HPOS="1244" VPOS="2533" WIDTH="36" />
<String CONTENT="A" HEIGHT="37" HPOS="1281" VPOS="2533" WIDTH="39" />
<SP HEIGHT="38" HPOS="1321" VPOS="2533" WIDTH="32" />
<String CONTENT="76912:" CS="1" HEIGHT="40" HPOS="1354" VPOS="2531" WIDTH="140" />
<SP HEIGHT="39" HPOS="1522" VPOS="2533" WIDTH="34" />
<String CONTENT="W." HEIGHT="38" HPOS="1557" VPOS="2533" WIDTH="69" />
<SP HEIGHT="37" HPOS="1627" VPOS="2534" WIDTH="35" />
<String CONTENT="B." HEIGHT="39" HPOS="1663" VPOS="2534" WIDTH="52" />
<SP HEIGHT="40" HPOS="1716" VPOS="2533" WIDTH="34" />
<String CONTENT="Saunders" HEIGHT="39" HPOS="1751" VPOS="2533" WIDTH="243" />
<SP HEIGHT="28" HPOS="1995" VPOS="2544" WIDTH="32" />
<String CONTENT="co." HEIGHT="29" HPOS="2028" VPOS="2543" WIDTH="65" />
</TextLine>
<TextLine HEIGHT="46" HPOS="301" VPOS="2590" WIDTH="277">
<String CONTENT="(34-38850)" HEIGHT="46" HPOS="301" VPOS="2590" WIDTH="277" />
</TextLine>
<TextLine HEIGHT="65" HPOS="221" STYLEREFS="StyleId-E96A8FA8-0F5C-4DEC-AA3F-7EE51E77DA88-" VPOS="2706" WIDTH="1138">
<String CONTENT="Cross," HEIGHT="65" HPOS="221" VPOS="2706" WIDTH="193" />
<SP HEIGHT="63" HPOS="415" VPOS="2708" WIDTH="31" />
<String CONTENT="Ethan" HEIGHT="52" HPOS="447" VPOS="2708" WIDTH="199" />
<SP HEIGHT="53" HPOS="647" VPOS="2707" WIDTH="28" />
<String CONTENT="Allen," HEIGHT="64" HPOS="676" VPOS="2707" WIDTH="187" />
<SP HEIGHT="58" HPOS="864" VPOS="2713" WIDTH="32" />
<String CONTENT="1875-" HEIGHT="52" HPOS="897" VPOS="2710" WIDTH="169" />
<SP HEIGHT="33" HPOS="1067" VPOS="2727" WIDTH="209" />
<String CONTENT="ed." HEIGHT="52" HPOS="1277" VPOS="2709" WIDTH="82" />
</TextLine>
<TextLine HEIGHT="69" HPOS="289" STYLEREFS="StyleId-91498E4F-F71F-400D-8C91-7F952C5C77D9-" VPOS="2784" WIDTH="1920">
<String CONTENT="A" HEIGHT="52" HPOS="289" VPOS="2785" WIDTH="55" />
<SP HEIGHT="52" HPOS="345" VPOS="2785" WIDTH="39" />
<String CONTENT="book" HEIGHT="52" HPOS="385" VPOS="2784" WIDTH="147" />
<SP HEIGHT="53" HPOS="533" VPOS="2784" WIDTH="39" />
<String CONTENT="of" HEIGHT="52" HPOS="573" VPOS="2785" WIDTH="63" />
<SP HEIGHT="53" HPOS="637" VPOS="2785" WIDTH="41" />
<String CONTENT="the" HEIGHT="52" HPOS="679" VPOS="2786" WIDTH="96" />
<SP HEIGHT="34" HPOS="776" VPOS="2804" WIDTH="39" />
<String CONTENT="short" HEIGHT="52" HPOS="816" VPOS="2786" WIDTH="158" />
<SP HEIGHT="45" HPOS="975" VPOS="2792" WIDTH="38" />
<String CONTENT="story;" HEIGHT="62" HPOS="1014" VPOS="2791" WIDTH="185" />
<SP HEIGHT="48" HPOS="1200" VPOS="2805" WIDTH="44" />
<String CONTENT="selected" HEIGHT="52" HPOS="1245" VPOS="2787" WIDTH="237" />
<SP HEIGHT="52" HPOS="1483" VPOS="2787" WIDTH="43" />
<String CONTENT="and" HEIGHT="53" HPOS="1527" VPOS="2786" WIDTH="112" />
<SP HEIGHT="53" HPOS="1640" VPOS="2786" WIDTH="41" />
<String CONTENT="edited," HEIGHT="67" HPOS="1682" VPOS="2785" WIDTH="207" />
<SP HEIGHT="48" HPOS="1890" VPOS="2804" WIDTH="38" />
<String CONTENT="with" HEIGHT="54" HPOS="1929" VPOS="2784" WIDTH="140" />
<SP HEIGHT="52" HPOS="2070" VPOS="2785" WIDTH="39" />
<String CONTENT="the" HEIGHT="53" HPOS="2110" VPOS="2784" WIDTH="99" />
</TextLine>
<TextLine CS="1" HEIGHT="146" HPOS="220" STYLEREFS="StyleId-91498E4F-F71F-400D-8C91-7F952C5C77D9-" VPOS="2860" WIDTH="1961">
<String CONTENT="history" HEIGHT="68" HPOS="220" VPOS="2861" WIDTH="220" />
<SP HEIGHT="49" HPOS="441" VPOS="2880" WIDTH="30" />
<String CONTENT="and" HEIGHT="52" HPOS="472" VPOS="2863" WIDTH="112" />
<SP HEIGHT="52" HPOS="585" VPOS="2863" WIDTH="29" />
<String CONTENT="technique" HEIGHT="67" HPOS="615" VPOS="2863" WIDTH="295" />
<SP HEIGHT="33" HPOS="911" VPOS="2883" WIDTH="30" />
<String CONTENT="of" HEIGHT="52" HPOS="942" VPOS="2864" WIDTH="62" />
<SP HEIGHT="51" HPOS="1005" VPOS="2864" WIDTH="28" />
<String CONTENT="the" HEIGHT="53" HPOS="1034" VPOS="2864" WIDTH="96" />
<SP HEIGHT="34" HPOS="1131" VPOS="2883" WIDTH="27" />
<String CONTENT="short" HEIGHT="51" HPOS="1159" VPOS="2865" WIDTH="159" />
<SP HEIGHT="46" HPOS="1319" VPOS="2870" WIDTH="27" />
<String CONTENT="story," HEIGHT="60" HPOS="1347" VPOS="2871" WIDTH="174" />
<SP HEIGHT="46" HPOS="1522" VPOS="2884" WIDTH="27" />
<String CONTENT="notes," HEIGHT="60" HPOS="1550" VPOS="2870" WIDTH="176" />
<SP HEIGHT="48" HPOS="1727" VPOS="2882" WIDTH="30" />
<String CONTENT="and" HEIGHT="53" HPOS="1758" VPOS="2863" WIDTH="111" />
<SP HEIGHT="52" HPOS="1870" VPOS="2863" WIDTH="28" />
<String CONTENT="bibliographies," HEIGHT="146" HPOS="220" VPOS="2860" WIDTH="1961" />
</TextLine>
<TextLine CS="1" HEIGHT="129" HPOS="218" STYLEREFS="StyleId-91498E4F-F71F-400D-8C91-7F952C5C77D9-" VPOS="2940" WIDTH="1962">
<String CONTENT="by" HEIGHT="66" HPOS="428" VPOS="2940" WIDTH="73" />
<SP HEIGHT="64" HPOS="502" VPOS="2942" WIDTH="30" />
<String CONTENT="E." HEIGHT="51" HPOS="533" VPOS="2942" WIDTH="66" />
<SP HEIGHT="52" HPOS="600" VPOS="2941" WIDTH="30" />
<String CONTENT="A." HEIGHT="54" HPOS="631" VPOS="2941" WIDTH="70" />
<SP HEIGHT="55" HPOS="702" VPOS="2940" WIDTH="33" />
<String CONTENT="Cross" HEIGHT="54" HPOS="736" VPOS="2940" WIDTH="167" />
<SP HEIGHT="34" HPOS="904" VPOS="2961" WIDTH="35" />
<String CONTENT="&#8230;" CS="1" />
<SP HEIGHT="52" HPOS="994" VPOS="2943" WIDTH="71" />
<String CONTENT="New" HEIGHT="52" HPOS="1066" VPOS="2943" WIDTH="136" />
<SP HEIGHT="51" HPOS="1203" VPOS="2944" WIDTH="31" />
<String CONTENT="York," HEIGHT="66" HPOS="1235" VPOS="2942" WIDTH="179" />
<SP HEIGHT="64" HPOS="1415" VPOS="2944" WIDTH="28" />
<String CONTENT="Cincinnati" HEIGHT="54" HPOS="1444" VPOS="2944" WIDTH="326" />
<SP />
<String CONTENT="[etc.]" CS="1" HEIGHT="34" HPOS="1918" VPOS="2973" WIDTH="29" />
<SP HEIGHT="66" HPOS="1948" VPOS="2941" WIDTH="34" />
<String CONTENT="American" HEIGHT="128" HPOS="218" VPOS="2941" WIDTH="1962" />
</TextLine>
<TextLine CS="1" HEIGHT="68" HPOS="349" STYLEREFS="StyleId-91498E4F-F71F-400D-8C91-7F952C5C77D9-" VPOS="3017" WIDTH="678">
<String CONTENT="book" HEIGHT="52" HPOS="349" VPOS="3017" WIDTH="146" />
<SP HEIGHT="55" HPOS="496" VPOS="3017" WIDTH="27" />
<String CONTENT="company" HEIGHT="49" HPOS="524" VPOS="3036" WIDTH="277" />
<SP />
<String CONTENT="[c1934]" CS="1" HEIGHT="33" HPOS="1016" VPOS="3052" WIDTH="11" />
</TextLine>
<TextLine CS="1" HEIGHT="50" HPOS="288" VPOS="3089" WIDTH="506">
<String CONTENT="vii," HEIGHT="47" HPOS="288" VPOS="3089" WIDTH="80" />
<SP />
<String CONTENT="1103" HEIGHT="40" HPOS="401" VPOS="3090" WIDTH="112" />
<SP HEIGHT="48" HPOS="514" VPOS="3091" WIDTH="29" />
<String CONTENT="p." HEIGHT="37" HPOS="544" VPOS="3102" WIDTH="45" />
<SP HEIGHT="41" HPOS="590" VPOS="3090" WIDTH="57" />
<String CONTENT="21&#189;" CS="1" HEIGHT="40" HPOS="648" VPOS="3090" WIDTH="55" />
<String CONTENT="cm" CS="1" HEIGHT="21" HPOS="736" STYLE="superscript" VPOS="3093" WIDTH="15" />
<String CONTENT="." HEIGHT="9" HPOS="784" VPOS="3122" WIDTH="10" />
</TextLine>
<TextLine CS="1" HEIGHT="51" HPOS="290" VPOS="3144" WIDTH="1086">
<String CONTENT="&#8220;Selected" HEIGHT="42" HPOS="290" VPOS="3144" WIDTH="244" />
<SP HEIGHT="39" HPOS="535" VPOS="3147" WIDTH="30" />
<String CONTENT="bibliographies&#8221;:" CS="1" HEIGHT="49" HPOS="566" VPOS="3146" WIDTH="403" />
<SP HEIGHT="37" HPOS="998" VPOS="3158" WIDTH="33" />
<String CONTENT="p." HEIGHT="37" HPOS="1032" VPOS="3158" WIDTH="41" />
<SP HEIGHT="39" HPOS="1074" VPOS="3149" WIDTH="30" />
<String CONTENT="1039-1055." HEIGHT="44" HPOS="1105" VPOS="3146" WIDTH="271" />
</TextLine>
<TextLine CS="1" HEIGHT="50" HPOS="221" VPOS="3199" WIDTH="1901">
<String CONTENT="&#169;" HEIGHT="50" HPOS="221" VPOS="3199" WIDTH="51" />
<SP HEIGHT="50" HPOS="273" VPOS="3199" WIDTH="28" />
<String CONTENT="Nov." CS="1" HEIGHT="6" HPOS="412" VPOS="3236" WIDTH="6" />
<SP HEIGHT="38" HPOS="419" VPOS="3204" WIDTH="28" />
<String CONTENT="16." HEIGHT="39" HPOS="448" VPOS="3204" WIDTH="66" />
<SP HEIGHT="38" HPOS="515" VPOS="3205" WIDTH="29" />
<String CONTENT="1934;" CS="1" />
<SP HEIGHT="38" HPOS="684" VPOS="3204" WIDTH="31" />
<String CONTENT="2c." HEIGHT="41" HPOS="716" VPOS="3204" WIDTH="65" />
<SP HEIGHT="40" HPOS="782" VPOS="3205" WIDTH="29" />
<String CONTENT="Nov." CS="1" HEIGHT="6" HPOS="922" VPOS="3236" WIDTH="6" />
<SP HEIGHT="38" HPOS="929" VPOS="3204" WIDTH="30" />
<String CONTENT="22:" HEIGHT="40" HPOS="960" VPOS="3203" WIDTH="79" />
<SP HEIGHT="28" HPOS="1040" VPOS="3215" WIDTH="32" />
<String CONTENT="aff." CS="1" />
<SP HEIGHT="39" HPOS="1154" VPOS="3206" WIDTH="27" />
<String CONTENT="Nov." CS="1" HEIGHT="6" HPOS="1291" VPOS="3236" WIDTH="6" />
<SP HEIGHT="37" HPOS="1298" VPOS="3206" WIDTH="31" />
<String CONTENT="21:" HEIGHT="38" HPOS="1330" VPOS="3206" WIDTH="80" />
<SP HEIGHT="37" HPOS="1411" VPOS="3207" WIDTH="34" />
<String CONTENT="A" HEIGHT="37" HPOS="1446" VPOS="3207" WIDTH="38" />
<SP HEIGHT="38" HPOS="1485" VPOS="3207" WIDTH="30" />
<String CONTENT="78215:" HEIGHT="40" HPOS="1516" VPOS="3206" WIDTH="167" />
<SP HEIGHT="38" HPOS="1684" VPOS="3207" WIDTH="31" />
<String CONTENT="Amer." HEIGHT="38" HPOS="1716" VPOS="3207" WIDTH="155" />
<SP HEIGHT="38" HPOS="1872" VPOS="3206" WIDTH="31" />
<String CONTENT="book" HEIGHT="38" HPOS="1904" VPOS="3206" WIDTH="122" />
<SP HEIGHT="37" HPOS="2027" VPOS="3207" WIDTH="30" />
<String CONTENT="co." HEIGHT="29" HPOS="2058" VPOS="3215" WIDTH="64" />
</TextLine>
<TextLine HEIGHT="47" HPOS="298" VPOS="3259" WIDTH="277">
<String CONTENT="(34-38905)" HEIGHT="47" HPOS="298" VPOS="3259" WIDTH="277" />
</TextLine>
<TextLine HEIGHT="67" HPOS="217" STYLEREFS="StyleId-E96A8FA8-0F5C-4DEC-AA3F-7EE51E77DA88-" VPOS="3361" WIDTH="946">
<String CONTENT="Curtiss," HEIGHT="65" HPOS="217" VPOS="3361" WIDTH="250" />
<SP HEIGHT="62" HPOS="468" VPOS="3364" WIDTH="29" />
<String CONTENT="Frank" HEIGHT="51" HPOS="498" VPOS="3364" WIDTH="197" />
<SP HEIGHT="52" HPOS="696" VPOS="3364" WIDTH="28" />
<String CONTENT="Homer," HEIGHT="63" HPOS="725" VPOS="3365" WIDTH="236" />
<SP HEIGHT="58" HPOS="962" VPOS="3370" WIDTH="32" />
<String CONTENT="1875-" HEIGHT="54" HPOS="995" VPOS="3365" WIDTH="168" />
</TextLine>
<TextLine HEIGHT="71" HPOS="284" STYLEREFS="StyleId-91498E4F-F71F-400D-8C91-7F952C5C77D9-" VPOS="3439" WIDTH="1923">
<String CONTENT="Prayers" HEIGHT="66" HPOS="284" VPOS="3439" WIDTH="246" />
<SP HEIGHT="34" HPOS="531" VPOS="3459" WIDTH="39" />
<String CONTENT="of" HEIGHT="53" HPOS="571" VPOS="3440" WIDTH="63" />
<SP HEIGHT="54" HPOS="635" VPOS="3440" WIDTH="38" />
<String CONTENT="the" HEIGHT="54" HPOS="674" VPOS="3440" WIDTH="97" />
<SP HEIGHT="54" HPOS="772" VPOS="3441" WIDTH="41" />
<String CONTENT="Order" HEIGHT="55" HPOS="814" VPOS="3440" WIDTH="185" />
<SP HEIGHT="34" HPOS="1000" VPOS="3461" WIDTH="40" />
<String CONTENT="of" HEIGHT="53" HPOS="1041" VPOS="3442" WIDTH="63" />
<SP HEIGHT="55" HPOS="1105" VPOS="3442" WIDTH="42" />
<String CONTENT="Christian" HEIGHT="55" HPOS="1148" VPOS="3442" WIDTH="294" />
<SP HEIGHT="33" HPOS="1443" VPOS="3463" WIDTH="39" />
<String CONTENT="mystics," HEIGHT="66" HPOS="1483" VPOS="3444" WIDTH="250" />
<SP HEIGHT="48" HPOS="1734" VPOS="3461" WIDTH="38" />
<String CONTENT="selected" HEIGHT="54" HPOS="1773" VPOS="3440" WIDTH="239" />
<SP HEIGHT="53" HPOS="2013" VPOS="3440" WIDTH="39" />
<String CONTENT="from" HEIGHT="52" HPOS="2053" VPOS="3440" WIDTH="154" />
</TextLine>
<TextLine CS="1" HEIGHT="72" HPOS="213" STYLEREFS="StyleId-91498E4F-F71F-400D-8C91-7F952C5C77D9-" VPOS="3514" WIDTH="1992">
<String CONTENT="the" HEIGHT="54" HPOS="213" VPOS="3514" WIDTH="96" />
<SP HEIGHT="33" HPOS="310" VPOS="3535" WIDTH="25" />
<String CONTENT="writings" HEIGHT="67" HPOS="336" VPOS="3516" WIDTH="260" />
<SP HEIGHT="34" HPOS="597" VPOS="3536" WIDTH="23" />
<String CONTENT="of" HEIGHT="53" HPOS="621" VPOS="3517" WIDTH="63" />
<SP HEIGHT="51" HPOS="685" VPOS="3517" WIDTH="24" />
<String CONTENT="Dr." HEIGHT="52" HPOS="710" VPOS="3517" WIDTH="103" />
<SP HEIGHT="34" HPOS="814" VPOS="3536" WIDTH="27" />
<String CONTENT="and" HEIGHT="52" HPOS="842" VPOS="3519" WIDTH="111" />
<SP HEIGHT="52" HPOS="954" VPOS="3519" WIDTH="24" />
<String CONTENT="Mrs." HEIGHT="52" HPOS="979" VPOS="3519" WIDTH="140" />
<SP HEIGHT="50" HPOS="1120" VPOS="3521" WIDTH="23" />
<String CONTENT="F." HEIGHT="50" HPOS="1144" VPOS="3521" WIDTH="66" />
<SP HEIGHT="51" HPOS="1211" VPOS="3521" WIDTH="26" />
<String CONTENT="Homer" HEIGHT="53" HPOS="1238" VPOS="3521" WIDTH="216" />
<SP HEIGHT="54" HPOS="1455" VPOS="3521" WIDTH="27" />
<String CONTENT="Curtiss" HEIGHT="54" HPOS="1483" VPOS="3521" WIDTH="223" />
<SP HEIGHT="34" HPOS="1707" VPOS="3540" WIDTH="29" />
<String CONTENT="&#8230;" CS="1" />
<SP HEIGHT="33" HPOS="1795" VPOS="3538" WIDTH="29" />
<String CONTENT="compiled" HEIGHT="68" HPOS="1825" VPOS="3518" WIDTH="278" />
<SP HEIGHT="51" HPOS="2104" VPOS="3518" WIDTH="27" />
<String CONTENT="by" HEIGHT="64" HPOS="2132" VPOS="3519" WIDTH="73" />
</TextLine>
<TextLine CS="1" HEIGHT="145" HPOS="212" STYLEREFS="StyleId-91498E4F-F71F-400D-8C91-7F952C5C77D9-" VPOS="3591" WIDTH="1967">
<String CONTENT="Emily" HEIGHT="67" HPOS="213" VPOS="3591" WIDTH="195" />
<SP HEIGHT="63" HPOS="409" VPOS="3595" WIDTH="39" />
<String CONTENT="B." HEIGHT="50" HPOS="449" VPOS="3595" WIDTH="67" />
<SP HEIGHT="50" HPOS="517" VPOS="3594" WIDTH="43" />
<String CONTENT="Percival." HEIGHT="52" HPOS="561" VPOS="3594" WIDTH="278" />
<SP HEIGHT="51" HPOS="840" VPOS="3596" WIDTH="74" />
<String CONTENT="Washington," HEIGHT="70" HPOS="915" VPOS="3594" WIDTH="397" />
<SP HEIGHT="66" HPOS="1313" VPOS="3598" WIDTH="40" />
<String CONTENT="D." HEIGHT="51" HPOS="1354" VPOS="3598" WIDTH="72" />
<SP HEIGHT="53" HPOS="1427" VPOS="3598" WIDTH="42" />
<String CONTENT="C.," HEIGHT="65" HPOS="1470" VPOS="3598" WIDTH="82" />
<SP HEIGHT="65" HPOS="1553" VPOS="3598" WIDTH="39" />
<String CONTENT="The" HEIGHT="52" HPOS="1593" VPOS="3597" WIDTH="122" />
<SP HEIGHT="55" HPOS="1716" VPOS="3596" WIDTH="40" />
<String CONTENT="Curtiss" HEIGHT="55" HPOS="1757" VPOS="3596" WIDTH="223" />
<SP HEIGHT="48" HPOS="1981" VPOS="3613" WIDTH="41" />
<String CONTENT="philosophic" HEIGHT="140" HPOS="212" VPOS="3595" WIDTH="1967" />
<SP HEIGHT="51" HPOS="410" VPOS="3670" WIDTH="28" />
<String CONTENT="book" HEIGHT="52" HPOS="439" VPOS="3670" WIDTH="146" />
<SP HEIGHT="53" HPOS="586" VPOS="3670" WIDTH="29" />
<String CONTENT="co.," HEIGHT="47" HPOS="616" VPOS="3689" WIDTH="96" />
<SP HEIGHT="61" HPOS="713" VPOS="3675" WIDTH="31" />
<String CONTENT="1934." HEIGHT="50" HPOS="745" VPOS="3674" WIDTH="151" />
</TextLine>
<TextLine CS="1" HEIGHT="54" HPOS="284" VPOS="3741" WIDTH="964">
<String CONTENT="viii," HEIGHT="46" HPOS="284" VPOS="3741" WIDTH="99" />
<SP />
<String CONTENT="50" HEIGHT="39" HPOS="411" VPOS="3742" WIDTH="55" />
<SP HEIGHT="47" HPOS="467" VPOS="3742" WIDTH="23" />
<String CONTENT="p." HEIGHT="36" HPOS="491" VPOS="3753" WIDTH="40" />
<SP HEIGHT="37" HPOS="532" VPOS="3743" WIDTH="54" />
<String CONTENT="13&#189;" CS="1" HEIGHT="40" HPOS="587" VPOS="3743" WIDTH="53" />
<String CONTENT="cm" HEIGHT="21" HPOS="674" STYLE="superscript" VPOS="3745" WIDTH="43" />
<String CONTENT="." HEIGHT="7" HPOS="722" VPOS="3776" WIDTH="8" />
<SP HEIGHT="29" HPOS="731" VPOS="3763" WIDTH="56" />
<String CONTENT="[The" HEIGHT="48" HPOS="788" VPOS="3744" WIDTH="114" />
<SP HEIGHT="37" HPOS="903" VPOS="3755" WIDTH="23" />
<String CONTENT="gems" HEIGHT="37" HPOS="927" VPOS="3755" WIDTH="130" />
<SP HEIGHT="30" HPOS="1058" VPOS="3755" WIDTH="26" />
<String CONTENT="series]" HEIGHT="50" HPOS="1085" VPOS="3745" WIDTH="163" />
</TextLine>
<TextLine CS="1" HEIGHT="52" HPOS="285" VPOS="3798" WIDTH="845">
<String CONTENT="Advertising" HEIGHT="47" HPOS="285" VPOS="3798" WIDTH="310" />
<SP HEIGHT="36" HPOS="596" VPOS="3809" WIDTH="29" />
<String CONTENT="matter:" HEIGHT="38" HPOS="626" VPOS="3802" WIDTH="205" />
<SP HEIGHT="37" HPOS="832" VPOS="3811" WIDTH="32" />
<String CONTENT="p." HEIGHT="37" HPOS="865" VPOS="3811" WIDTH="42" />
<SP HEIGHT="27" HPOS="908" VPOS="3821" WIDTH="34" />
<String CONTENT="[43]-50." CS="1" HEIGHT="49" HPOS="956" VPOS="3801" WIDTH="174" />
</TextLine>
<TextLine CS="1" HEIGHT="55" HPOS="216" VPOS="3850" WIDTH="1990">
<String CONTENT="&#169;" HEIGHT="50" HPOS="216" VPOS="3850" WIDTH="51" />
<SP HEIGHT="50" HPOS="268" VPOS="3850" WIDTH="27" />
<String CONTENT="June" HEIGHT="37" HPOS="296" VPOS="3856" WIDTH="124" />
<SP HEIGHT="37" HPOS="421" VPOS="3856" WIDTH="24" />
<String CONTENT="15." HEIGHT="38" HPOS="446" VPOS="3856" WIDTH="66" />
<SP HEIGHT="38" HPOS="513" VPOS="3856" WIDTH="27" />
<String CONTENT="1934;" CS="1" />
<SP HEIGHT="40" HPOS="679" VPOS="3855" WIDTH="27" />
<String CONTENT="2c." HEIGHT="42" HPOS="707" VPOS="3855" WIDTH="65" />
<SP HEIGHT="39" HPOS="773" VPOS="3858" WIDTH="27" />
<String CONTENT="Aug." HEIGHT="46" HPOS="801" VPOS="3858" WIDTH="116" />
<SP HEIGHT="37" HPOS="918" VPOS="3858" WIDTH="27" />
<String CONTENT="22:" HEIGHT="40" HPOS="946" VPOS="3857" WIDTH="80" />
<SP HEIGHT="28" HPOS="1027" VPOS="3869" WIDTH="28" />
<String CONTENT="aff." CS="1" HEIGHT="38" HPOS="1056" VPOS="3859" WIDTH="78" />
<SP HEIGHT="37" HPOS="1135" VPOS="3860" WIDTH="30" />
<String CONTENT="Aug." HEIGHT="45" HPOS="1166" VPOS="3860" WIDTH="116" />
<SP HEIGHT="39" HPOS="1283" VPOS="3860" WIDTH="28" />
<String CONTENT="25:" HEIGHT="39" HPOS="1312" VPOS="3860" WIDTH="79" />
<SP HEIGHT="37" HPOS="1392" VPOS="3862" WIDTH="30" />
<String CONTENT="A" HEIGHT="37" HPOS="1423" VPOS="3862" WIDTH="41" />
<SP HEIGHT="37" HPOS="1465" VPOS="3862" WIDTH="26" />
<String CONTENT="75824:" HEIGHT="38" HPOS="1492" VPOS="3861" WIDTH="167" />
<SP HEIGHT="38" HPOS="1660" VPOS="3861" WIDTH="32" />
<String CONTENT="Universal" HEIGHT="40" HPOS="1693" VPOS="3859" WIDTH="253" />
<SP HEIGHT="36" HPOS="1947" VPOS="3860" WIDTH="29" />
<String CONTENT="religious" HEIGHT="49" HPOS="1977" VPOS="3856" WIDTH="229" />
</TextLine>
<TextLine CS="1" HEIGHT="51" HPOS="282" VPOS="3911" WIDTH="1148">
<String CONTENT="foundation," HEIGHT="41" HPOS="282" VPOS="3911" WIDTH="302" />
<SP HEIGHT="40" HPOS="585" VPOS="3912" WIDTH="29" />
<String CONTENT="inc.," CS="1" HEIGHT="40" HPOS="615" VPOS="3912" WIDTH="75" />
<SP HEIGHT="39" HPOS="718" VPOS="3914" WIDTH="29" />
<String CONTENT="Washington." HEIGHT="46" HPOS="748" VPOS="3914" WIDTH="332" />
<SP HEIGHT="40" HPOS="1081" VPOS="3922" WIDTH="71" />
<String CONTENT="(34-39189)" HEIGHT="46" HPOS="1153" VPOS="3916" WIDTH="277" />
</TextLine>
</TextBlock>
</PrintSpace>
</Page>
</Layout>
</alto>