2350 4196
1120 4086 98 49 411

179 431 257 63 Nogales
465 450 38 45 y
530 433 259 63 Mendez,
817 432 210 52 Rafael
1058 433 86 62 de,
1176 430 171 53 1879-

180 509 1975 132 Silk hat and spurs, by Rafael de Nogales … with an introduction
448 588 1732 67 by Viscount Allenby … [London-! Wright & Brown
183 669 171 64 [1934]

256 741 49 38 xi
331 752 55 36 p.,
414 741 23 38 1
499 771 8 16 l.,
533 739 85 41 302
644 751 40 36 p.
715 740 106 40 inch
849 739 189 41 facsim.
1092 739 163 41 front.,
1284 740 170 46 plates,
1483 741 149 46 ports.
1688 738 54 40 23
1747 741 43 20 cm
1796 772 7 7 .

186 805 1993 51 © 1c. Mar. 8, 1934; A ad int. 18757; pubd. Jan. 12; Rafael de Nogales,
255 867 115 37 New
400 868 141 38 York.
614 866 249 48 (34-8194)

178 966 194 54 North
418 972 238 50 eastern
704 969 201 68 digest,
951 970 266 67 covering
1262 971 76 51 all
1383 985 150 37 cases
1576 969 265 66 reported
1887 970 61 50 in
1992 968 188 52 North

248 1052 220 46 eastern
521 1052 273 64 reporter,
848 1048 138 51 with
1040 1053 228 49 current
1319 1047 343 53 cumulative
1716 1047 204 67 pocket
1970 1046 211 52 service

245 1124 1936 70 keeping the digest always to date … By the publisher's
249 1202 265 53 editorial
553 1201 151 56 staff,
780 1222 48 35 v.
872 1208 79 48 35.
1029 1205 176 51 Table
1246 1204 63 52 of
1350 1222 150 35 cases
1539 1204 272 67 digested.
1892 1203 81 55 St.
2014 1205 166 66 Paul,

247 1281 1080 70 Minn., West publishing co. [ c 1934]
249 1354 61 49 vi,
341 1354 117 42 1088
485 1366 41 37 p.
588 1355 58 40 26c
663 1358 27 20 m
696 1388 7 8 .

182 1409 1911 52 © Mar. 26. 1934 ; 2c. Apr. 20 ; aff. Apr. 25 ; A 72172 ; West pub. co.
179 1568 193 54 North
410 1576 255 49 western
704 1572 200 68 digest.
983 1575 132 48 1933
1155 1572 344 55 cumulative
1537 1574 211 50 annual
1785 1571 203 68 pocket
2021 1576 160 62 parts

308 1649 1867 69 … [for] vols. 1-40 … St. Paul, West publishing co. [ c 1934]
247 1723 58 39 40
330 1734 39 28 v.
432 1722 54 41 25
491 1726 42 20 cm
540 1754 6 7 .

250 1780 154 39 These
434 1781 272 46 pamphlets
738 1791 82 29 are
853 1782 47 38 to
932 1782 55 38 be
1018 1780 138 40 fitted
1189 1780 101 40 into
1325 1780 81 40 the
1437 1780 197 48 pockets
1666 1782 49 38 at
1750 1779 80 40 the
1860 1780 123 39 back
2015 1778 51 39 of
2099 1779 81 40 the

179 1837 215 39 volumes
423 1837 49 38 of
499 1837 80 39 the
608 1840 71 36 set
707 1840 47 37 to
784 1838 157 38 which
971 1838 111 45 they
1110 1837 183 46 belong.

183 1889 51 51 ©
263 1894 120 39 Mar.
412 1892 68 43 29,
510 1892 112 40 1934
642 1905 7 34 ;
680 1893 66 40 2c.
775 1895 119 38 each
919 1894 112 46 Apr.
1061 1892 81 48 20;
1173 1893 80 40 aff.
1282 1893 112 47 Apr.
1425 1892 55 39 25
1500 1903 7 36 ;
1540 1893 40 38 A
1610 1892 169 47 71401;
1811 1893 133 39 West
1974 1891 109 48 pub.
2113 1900 65 31 co.

178 2051 166 54 Ohio.
422 2054 206 53 Courts
661 2054 62 66 of
753 2053 249 68 appeals.

248 2130 1933 69 Reports of cases argued and determined … Reported by
178 2210 55 54 J.
270 2211 63 52 L.
371 2211 87 53 W.
496 2211 262 65 Henney,
796 2215 161 48 court
992 2210 62 52 of
1092 2212 231 65 appeals
1360 2214 273 63 reporter,
1671 2209 235 56 Clinton
1945 2208 236 68 Collins,

178 2289 76 52 H.
289 2290 63 50 L.
390 2288 264 55 Connett,
689 2288 270 52 assistant
992 2294 268 61 reporter,
1337 2307 51 33 v.
1422 2292 81 49 43.
1543 2285 216 57 Official
1797 2308 83 33 ed.

178 2289 1978 145 Columbus,
325 2368 120 52 The
472 2368 63 51 F.
564 2368 52 53 J.
643 2368 154 51 Heer
823 2367 263 68 printing
1112 2385 96 50 co.,
1238 2370 147 51 1933.

249 2440 135 48 xlvii,
409 2440 88 40 658
519 2451 40 37 p.
621 2440 85 42 224
709 2443 44 20 cm
760 2474 7 7 .

183 2493 51 51 ©
264 2498 115 38 Nov.
412 2497 68 46 20,
511 2495 140 43 1933;
683 2497 66 40 2c.
780 2498 93 38 and
904 2496 78 39 aff.
1014 2497 110 47 Apr.
1158 2496 66 41 25.
1256 2496 140 44 1934;
1431 2496 39 39 A
1500 2495 146 41 72149
1663 2507 7 36 ;
1704 2497 42 39 J.
1778 2496 49 38 L.
1862 2497 67 39 W.
1962 2496 216 47 Henney,

248 2554 79 39 for
359 2556 80 38 the
469 2555 128 40 state
629 2553 50 40 of
711 2553 136 48 Ohio,
880 2553 275 47 Columbus,
1188 2553 51 40 O.

981 2602 12 14 ♦

178 2654 167 54 Ohio.
419 2657 279 66 Supreme
729 2661 173 48 court.

248 2733 1932 69 Reports of cases argued and determined … Reported by
178 2813 55 51 J.
272 2815 63 51 L.
372 2814 90 54 W.
501 2814 261 65 Henney,
803 2813 274 67 Supreme
1117 2818 160 47 court
1314 2817 270 63 reporter.
1662 2814 137 51 New
1839 2812 186 65 series,
177 2815 1979 128 volume
528 2934 9 8 CXXVI.

615 2890 326 56 Columbus,
979 2892 119 51 The
1136 2893 63 52 F.
1239 2893 54 54 J.
1331 2893 155 51 Heer
1523 2891 265 68 printing
1823 2908 96 43 co.,
1957 2894 151 49 1933.

248 2964 136 48 lxvii,
411 2964 83 40 763
521 2976 42 36 p.
624 2966 120 45 port.
807 2963 55 40 22½
895 2966 43 21 cm
945 2997 7 7 .

183 3018 54 51 ©
263 3022 117 38 Nov.
410 3020 69 49 20,
508 3019 139 43 1933;
680 3020 66 40 2c.
776 3022 95 38 and
900 3020 81 40 aff.
1013 3021 112 47 Apr.
1156 3020 68 47 25,
1256 3020 139 46 1934;
1428 3021 40 38 A
1499 3019 142 41 72152
1661 3032 7 30 ;
1702 3020 41 40 J.
1776 3021 51 39 L.
1856 3021 69 39 W.
1960 3021 216 47 Henney.

250 3077 77 39 for
360 3080 79 37 the
471 3079 127 38 state
631 3077 50 40 of
712 3076 135 48 Ohio,
881 3075 274 49 Columbus,
1188 3077 51 40 O.

183 3180 453 63 Pennsylvania.
713 3179 366 65 University.
1161 3179 331 62 University
1526 3198 271 35 museum.

251 3256 272 52 Luristan
560 3256 233 52 bronzes
831 3256 59 51 in
926 3256 97 52 the
1057 3256 339 69 University
1432 3274 254 34 museum
1731 3256 92 69 [by]
1883 3257 156 52 Leon

181 3256 1975 146 Legrain.
428 3334 426 67 Philadelphia,
881 3333 338 70 University
1245 3352 271 50 museum,
1544 3334 339 68 University
1912 3333 63 54 of
181 3336 1974 142 Pennsylvania
478 3445 12 32 [
496 3417 16 21 C
519 3414 149 64 1934]

184 3481 1982 108 20 p., 1 l. xxv pl. 29½ cm . [Its The Museum journal. Catalogue supplement, no. 1]
184 3594 51 51 ©
269 3598 108 39 Feb.
410 3599 38 44 6,
481 3598 113 41 1934
613 3610 8 30 ;
655 3598 64 41 2c.
755 3600 118 38 Mar.
909 3600 51 47 8;
997 3599 79 40 aff.
1112 3601 120 39 Mar.
1263 3601 52 45 7;
1351 3599 40 39 A
1421 3598 170 49 70578;
1628 3599 282 48 University
1943 3610 232 29 museum.

262 3653 249 49 (34-7615)

178 3757 283 64 Pertwee,
493 3758 242 55 Roland.

248 3834 275 53 Morosco.
604 3835 387 65 [Instalments
1031 3840 45 62 1,
1114 3840 31 47 2]

264 3909 84 47 (In
373 3905 200 43 London
601 3906 145 51 Daily
776 3906 194 50 mirror,
999 3906 119 52 Apr.
1148 3908 70 50 30,
1248 3907 116 51 May
1396 3908 39 49 1,
1467 3908 143 49 1934)

185 3961 1988 53 © 1c. each May 11, 1934; A ad int. 18940 ; pubd. Apr. 30, May 1; R.
253 4021 229 47 Pertwee,
518 4022 212 40 London.
