2350 4296
1088 3994 99 48 209

152 356 236 62 Abbott,
418 354 239 55 Austin.

145 431 1969 132 Abbott New York digest … Consolidated ed. 1933 cumulative
360 509 1777 68 annual pocket parts for vols. 1-40 … Rochester and
145 587 137 51 New
321 588 162 51 York
519 587 132 67 city,
689 590 68 51 N.
797 590 90 64 Y.,
923 588 121 52 The
1079 589 267 65 Lawyers
1384 589 383 66 co-operative
1805 590 335 68 publishing

145 683 306 49 company;
499 666 81 54 St.
622 667 164 65 Paul,
826 666 202 67 Minn.,
1067 668 161 53 West
1266 666 337 67 publishing
1645 685 107 48 co.;
1796 668 138 51 New
1977 669 161 51 York

144 742 132 68 city,
303 745 68 52 N.
403 746 87 64 Y.,
520 744 205 67 Baker,
754 743 246 55 Voorhis
1029 760 278 51 company
1341 778 12 33 [
1360 750 16 20 c
1382 746 135 49 1934
1521 778 11 32 ]

210 818 59 37 40
296 829 41 27 v.
394 817 55 38 25
453 819 43 21 cm
504 850 6 7 .

212 873 295 41 Cover-title.

213 931 155 39 These
396 932 274 46 pamphlets
701 942 83 28 are
817 933 47 37 to
896 932 54 38 be
982 930 137 40 fitted
1152 931 100 39 into
1286 931 80 39 the
1398 931 196 47 pockets
1627 934 50 36 at
1710 932 81 38 the
1823 932 121 39 back
1977 933 49 39 of
2060 932 80 41 the

143 989 217 37 volumes
385 988 49 38 of
461 989 80 37 the
569 991 73 36 set
669 992 46 35 to
745 987 157 39 which
930 988 114 46 they
1071 988 180 46 belong.

145 1040 50 51 ©
226 1044 108 40 Jan.
364 1044 68 46 23,
462 1043 139 41 1934;
633 1043 65 39 2c.
730 1044 116 39 each
877 1045 94 37 and
1002 1043 81 40 aff.
1115 1044 107 39 Feb.
1253 1044 82 40 23:
1368 1044 40 38 A
1437 1043 144 41 69589;
1641 1045 135 38 West
1806 1043 108 48 pub.
1947 1056 65 28 co.
2043 1047 95 37 and

214 1102 226 46 Lawyers
472 1100 321 47 co-operative
824 1101 108 47 pub.
964 1111 65 29 co.

143 1206 166 52 Aldis,
356 1208 138 51 Mrs.
525 1205 288 64 Dorothy.

212 1283 154 67 Hop,
400 1283 128 67 skip
562 1285 111 51 and
708 1284 180 66 jump,
923 1284 74 65 by
1029 1283 264 67 Dorothy
1326 1283 197 66 Aldis;
1562 1283 140 53 with
1740 1282 289 68 drawings
2064 1284 74 66 by

140 1361 294 68 Margaret
467 1363 292 51 Freeman.
835 1361 139 52 New
1008 1362 178 65 York,
1218 1362 246 65 Minton,
1499 1362 181 52 Balch
1715 1362 112 52 and
1859 1379 278 49 company

146 1473 12 32 [
164 1445 17 21 c
186 1443 135 49 1934
323 1474 14 31 ]

215 1510 1171 49 xii p., 2 l., 3-95 p. inch front., illus. 19½ cm .
214 1568 174 40 Verses
419 1568 78 39 for
527 1569 232 39 children.

145 1622 50 51 ©
226 1627 108 39 Feb.
362 1626 68 46 23,
459 1626 140 45 1934;
630 1626 65 39 2c.
725 1627 94 38 and
848 1626 81 39 aff.
959 1627 118 38 Mar.
1108 1626 51 45 2;
1190 1626 40 38 A
1258 1625 142 40 70432;
1509 1658 6 7 D.
1545 1626 150 46 Aldis,
1727 1626 224 48 Chicago.

224 1684 249 47 (34-4343)

143 1785 186 66 Allen,
359 1787 257 64 Hervey,
651 1789 170 49 1889-

209 1864 244 51 Toward
480 1863 95 52 the
600 1863 190 67 flame;
822 1883 31 33 a
879 1882 117 33 war
1023 1863 182 68 diary,
1230 1864 74 67 by
1329 1864 232 66 Hervey
1586 1863 200 65 Allen;
1816 1864 324 53 illustrated

138 1941 73 68 by
243 1941 143 68 Lyle
417 1941 201 54 Justis.
693 1941 139 52 New
868 1941 178 68 York,
1080 1942 215 51 Farrar
1329 1944 45 49 &
1407 1941 298 67 Rinehart,
1740 1942 399 67 incorporated

143 2053 12 33 [
160 2026 18 20 c
184 2023 135 48 1934
322 2053 13 33 ]

207 2093 103 47 xiii,
345 2093 87 40 282
464 2104 43 37 p.
567 2092 128 41 illus.
756 2093 56 39 22
813 2095 46 21 cm
865 2125 8 9 .

208 2151 288 39 Illustrated
528 2150 362 48 lining-papers.

146 2204 1993 51 © Feb. 28, 1934; 2c. Feb. 27: aff. Mar. 1: A 69646; H. Allen, Oxford, Md.
215 2262 67 52 [©
313 2276 104 29 new
447 2265 195 48 preface
673 2267 94 37 and
799 2264 343 48 illustrations]
1219 2263 250 48 (34-4704)

144 2356 185 63 Allen,
358 2356 268 53 Leonard
655 2357 65 54 L.

207 2432 1871 69 History of New York state grange, by Leonard L. Allen …
139 2511 368 64 Watertown,
547 2511 69 51 N.
659 2511 88 66 Y.,
786 2509 711 69 Hurigerford-Holbrook
1535 2529 97 47 co.,
1674 2513 149 52 1934.

208 2585 96 46 xvi,
337 2584 204 49 [17]-217
568 2595 42 37 p.
641 2584 108 40 incl.
780 2586 148 46 ports.
989 2585 53 37 21
1048 2586 43 20 cm
1097 2616 8 7 .

212 2642 126 39 “The
366 2641 232 39 National
625 2651 178 38 grange
832 2642 94 38 and
954 2641 64 39 its
1047 2639 195 41 record”:
1300 2651 40 37 p.
1374 2640 187 50 [17]-38.

146 2695 50 51 ©
235 2699 108 39 Feb.
381 2699 38 45 6,
458 2699 139 46 1934;
637 2699 66 39 2c.
743 2699 108 38 Feb.
891 2699 80 44 14;
1012 2698 80 40 aff.
1132 2698 110 40 Feb.
1279 2699 81 40 15;
1401 2699 35 37 A
1479 2699 169 45 70237;
1689 2699 116 38 New
1843 2699 130 38 York
2012 2699 126 38 state

214 2764 192 40 grange,
436 2758 162 37 Evans
628 2756 144 40 Mills,
801 2756 56 39 N.
885 2756 53 37 Y.
1011 2754 249 49 (34-4078)

145 2847 313 53 American
484 2845 358 55 association
869 2846 96 52 for
992 2846 165 54 adult
1185 2846 331 55 education.

140 2923 1971 144 Handbook of adult education in the United States … compiled
320 3002 180 52 under
526 3001 96 52 the
652 3001 253 66 auspices
935 3000 64 52 of
1024 3001 96 52 the
1149 3000 305 53 American
1485 3000 337 53 association
1852 3000 92 52 for
1974 3002 163 51 adult

143 3079 315 51 education.
537 3081 149 49 1934.
763 3078 137 53 New
933 3078 178 62 York,
1142 3080 306 51 American
1481 3078 338 54 association
1851 3078 95 53 for
1978 3079 163 51 adult

143 3156 299 53 education
486 3190 12 33 [
504 3163 17 21 c
526 3160 136 49 1934
666 3190 12 32 ]

214 3230 61 46 vi,
319 3231 56 47 [4],
404 3230 82 40 384
516 3240 40 37 p.
613 3230 143 39 23½cm.

145 3286 170 40 Editor:
373 3286 128 47 1934,
530 3286 221 47 Dorothy
783 3287 227 39 Rowden.

214 3342 225 41 Includes
466 3342 392 48 bibliographies.

147 3395 49 52 ©
225 3401 120 38 Mar.
374 3400 39 46 5,
441 3400 139 40 1934;
610 3400 66 39 2c.
706 3401 119 37 Mar.
857 3401 23 38 7;
938 3399 81 41 aff.
1049 3401 120 38 Mar.
1199 3399 51 41 8;
1280 3400 40 38 A
1349 3399 170 47 69772;
1550 3399 156 40 Amer.
1739 3409 125 29 assn,
1894 3400 80 38 for
2001 3398 138 40 adult

213 3458 269 39 education.
554 3456 279 47 (34-27011)

149 3547 311 53 American
488 3547 224 53 bureau
741 3547 62 52 of
832 3546 297 65 shipping,
1156 3549 139 51 New
1326 3547 176 52 York.

215 3624 221 52 Record
486 3624 62 52 of
598 3625 95 51 the
742 3625 306 51 American
1097 3625 212 51 bureau
1359 3623 64 52 of
1472 3624 277 67 shipping
1799 3623 337 53 “American

145 3700 247 67 Lloyds”
421 3702 341 52 established
793 3701 134 53 1867
952 3707 59 46 to
1038 3703 239 66 provide
1307 3721 27 32 a
1363 3702 278 52 standard
1667 3702 305 52 American

145 3703 1992 145 classification of vessels, 1934 … [Chicago, R. R. Donnelley & sons
147 3875 95 48 co.,
272 3866 16 20 c
294 3861 150 62 1934]

215 3930 658 48 xxix, 754 p. diagrs. 27 cm.
