2350 4196
1127 4003 97 50 801

174 357 313 64 McIntosh,
519 357 208 54 Daniel
758 357 175 65 Cobb,
966 359 170 50 1882-
1347 355 83 53 ed.

236 434 371 68 Agriculture
657 435 93 53 for
797 434 309 66 secondary
1155 433 246 67 schools;
1455 433 262 53 authors:
1766 433 126 67 Roy
1942 432 224 53 Arthur

172 510 1995 72 Ballinger … James Arthur Beall … [and others] Editors
169 588 1998 59 and authors: Daniel Cobb McIntosh … and Don Mathis Orr
175 668 1991 148 … with an introduction by Henry Garland Bennett … New York, Cincinnati
763 754 136 61 [etc.]
943 747 304 53 American
1285 747 146 53 book
1469 763 281 50 company
1794 779 12 34 [
1812 751 18 22 c
1835 748 152 65 1934]

246 821 62 48 ix,
341 824 70 48 [1],
437 822 88 40 485
551 833 40 37 p.
619 822 109 41 incl.
756 822 164 47 front.,
947 820 144 48 illus.,
1120 821 178 47 diagrs.
1356 822 122 46 port.
1536 819 56 40 22½c
1611 822 28 21 m
1647 851 7 10 .

244 879 71 41 On
368 889 167 30 cover:
589 880 100 41 The
742 878 320 48 agricultural
1114 877 203 48 faculty,
1373 876 270 42 Oklahoma
1697 874 321 50 agricultural
2072 876 97 40 and

177 936 294 40 mechanical
500 937 193 47 college.

247 992 347 41 “References”
622 995 51 38 at
700 995 90 38 end
818 992 51 41 of
895 993 117 39 each
1040 992 199 47 chapter
1265 993 170 45 except
1462 991 202 47 chapter
1692 991 93 40 ten.

178 1060 51 51 ©
258 1065 112 46 May
396 1064 69 47 29,
493 1064 140 45 1984;
663 1064 66 39 2c.
758 1065 94 38 and
881 1062 81 41 aff.
991 1062 126 39 June
1143 1062 51 46 2;
1226 1062 41 38 A
1294 1061 169 46 71917;
1494 1061 157 39 Amer.
1681 1060 123 40 book
1832 1070 68 30 co.

257 1121 279 48 (34-17679)

174 1223 338 65 McKibben,
545 1224 198 52 Frank
777 1224 357 63 Melbourne,
1170 1226 169 49 1889-

174 1297 1972 151 Improving your teaching, by Frank M. McKibben … Philadelphia,
452 1381 216 52 Boston
719 1386 119 60 [etc.]
874 1380 119 52 The
1021 1379 224 54 Judson
1273 1396 157 51 press
1462 1381 172 64 [1934]

243 1453 57 40 64
330 1464 44 38 p.
464 1452 27 40 19½
523 1455 45 21 cm
572 1486 8 9 .

236 1512 66 37 “A
347 1511 170 48 simple
562 1512 96 38 and
704 1511 237 48 practical
987 1512 262 38 treatment
1294 1509 51 41 of
1389 1520 129 30 some
1565 1510 50 40 of
1658 1510 82 40 the
1785 1509 239 49 problems
181 1520 1974 89 confronted
402 1569 59 47 by

493 1569 221 39 teachers
743 1569 95 39 and
869 1567 182 41 officers
1082 1568 48 38 in
1159 1568 180 39 church
1369 1568 187 39 schools
1647 1566 360 42 …”—Foreword.

179 1622 50 52 ©
261 1628 113 46 May
402 1626 39 46 9,
472 1625 140 47 1934;
645 1626 66 40 2c.
741 1627 95 39 and
867 1624 79 41 aff.
980 1625 124 39 June
1134 1624 80 47 15;
1246 1625 41 38 A
1317 1624 171 47 72800;
1522 1625 188 40 Judson
1740 1635 150 38 press.
260 1684 279 48 (34-17636)

175 1789 220 64 Marsh,
426 1788 258 54 Richard
716 1787 276 64 Oglesby.

244 1866 195 53 White
467 1865 241 53 Indians
735 1864 64 54 of
827 1864 233 68 Darien,
1087 1865 73 67 by
1188 1864 255 53 Richard
1474 1863 252 69 Oglesby
1753 1864 216 52 Marsh.
2033 1864 135 52 New
187 1944 167 67 York,
384 1942 69 55 G.

482 1944 64 52 P.
578 1942 296 54 Putnam’s
904 1959 128 36 sons
1066 1975 13 35 [
1084 1947 18 22 c
1107 1945 151 64 1934]

249 2019 25 39 6
301 2029 39 37 p.
404 2048 8 16 l.,
439 2017 144 41 3-276
606 2027 43 37 p.
704 2017 163 46 front.,
895 2017 171 47 plates,
1093 2018 147 46 ports.
1297 2016 55 39 22
1356 2018 44 21 cm
1404 2048 8 7 .

250 2076 137 47 Maps
418 2085 61 29 on
508 2073 364 48 lining-papers.

182 2128 50 52 ©
272 2133 125 39 June
434 2132 68 46 22,
539 2130 114 40 1934;
720 2130 64 40 2c.
825 2130 126 40 June
986 2130 82 46 27;
1110 2129 80 41 aff.
1229 2130 126 39 June
1392 2130 82 46 26;
1515 2131 41 38 A
1593 2129 170 48 73234;
1806 2131 53 39 R.
1901 2131 51 40 O.
1993 2132 181 48 Marsh,

248 2188 334 48 Washington.
654 2187 279 48 (34-17362)

181 2292 213 64 Meyer,
427 2290 244 55 Charles
702 2290 308 66 Harrison,
1046 2294 169 49 1892-

247 2371 120 51 The
396 2368 305 56 Securities
729 2368 285 68 exchange
1042 2375 92 46 act
1159 2367 62 53 of
1252 2371 150 65 1934,
1430 2366 273 70 analyzed
1734 2370 111 52 and
1874 2369 303 69 explained

182 2446 1993 71 [by] Charles H. Meyer … New York, N. Y., F. E. Fitch, inc.
183 2561 12 34 [
199 2534 18 21 c
224 2530 150 63 1934]

248 2601 84 40 251
370 2611 43 38 p.
472 2599 56 41 23½c
578 2601 28 21 m
611 2630 9 10 .

251 2657 144 40 “This
425 2657 123 39 book
577 2654 207 42 consists
815 2655 51 40 of
896 2655 95 39 two
1020 2656 161 46 parts:
1214 2658 112 45 part
1376 2686 8 17 I,
1415 2657 82 39 the
1529 2655 263 43 Securities
1823 2658 246 48 exchange
2097 2662 81 37 act

178 2716 51 40 of
263 2715 114 40 1934
421 2712 504 50 (Fletcher-Rayburn
960 2709 125 50 act),
1119 2714 109 45 part
1306 2744 8 15 II,
1350 2713 81 39 the
1467 2712 263 42 Securities
1764 2716 79 38 act
1877 2714 51 40 of
1961 2713 127 50 1933,
2123 2726 55 30 as

178 2773 235 40 amended
441 2770 52 40 in
521 2768 264 49 1934.”—p.
815 2769 39 39 5.

186 2826 50 52 ©
263 2831 128 39 June
412 2829 69 47 20,
507 2827 115 40 1934;
676 2827 66 39 2c.
769 2827 94 38 and
889 2825 81 40 aff.
998 2826 128 39 June
1148 2826 80 47 21;
1257 2827 41 38 A
1322 2827 171 47 73142;
1523 2827 49 41 C.
1600 2828 59 39 H.
1688 2830 177 47 Meyer,
1891 2829 117 41 New
2033 2829 145 43 York.

262 2885 280 50 (34-17603)

182 2992 212 63 Moore,
425 2990 152 54 Cecil
607 2987 226 65 Albert,
867 2989 170 51 1879-
1248 2989 83 52 ed.

254 3069 364 53 Restoration
661 3066 322 66 literature;
1033 3072 198 62 poetry
1278 3068 112 52 and
1436 3086 181 49 prose,
1665 3071 325 65 1660-1700,
2038 3071 138 51 with

184 3147 265 53 editorial
483 3150 323 61 comments,
843 3145 236 66 literary
1114 3145 110 52 and
1258 3144 221 54 critical
1513 3150 176 63 notes,
1723 3148 112 51 and

187 3147 1965 146 bibliographies,
403 3226 281 66 prepared
722 3224 75 66 by
835 3223 96 51 the
970 3221 200 68 editor,
1211 3223 153 55 Cecil
1403 3225 69 51 A.
1516 3225 211 52 Moore.
1804 3226 121 52 The
1967 3231 84 48 1st
2091 3228 81 53 ed.

187 3303 133 53 New
347 3303 178 66 York,
552 3304 65 52 F.
649 3302 54 54 S.
735 3300 215 66 Crofts,
981 3305 148 50 1934.

259 3385 42 34 x.
330 3376 83 40 604
441 3387 42 36 p.
545 3375 53 39 23½
632 3376 43 21 cm
681 3406 7 7 .

259 3432 373 48 Bibliography:
665 3442 42 37 p.
738 3430 213 39 599-604.

190 3487 50 52 ©
267 3492 127 39 June
418 3490 69 46 25,
515 3489 113 40 1934;
686 3488 65 39 2c.
781 3488 95 39 and
904 3487 79 39 aff.
1014 3487 126 40 June
1166 3487 81 47 28;
1278 3488 41 38 A
1346 3488 170 48 73242;
1549 3489 51 41 F.
1632 3489 43 41 S.
1706 3489 165 42 Crofts
1900 3490 38 41 &
1964 3501 81 37 co.,
2073 3492 105 47 inc.,

254 3549 115 39 New
397 3547 144 40 York.
613 3544 279 49 (34-17691)

187 3654 140 51 New
367 3652 161 52 York
571 3650 210 51 annual
823 3647 202 68 digest,
1066 3648 266 68 covering
1373 3650 76 51 all
1490 3650 265 66 reported
1799 3650 276 54 decisions
2117 3652 63 52 of

254 3730 94 52 the
381 3734 187 49 courts
602 3726 63 53 of
698 3727 138 52 New
871 3725 175 53 York.
1123 3725 166 68 June,
1326 3729 149 63 1934,
1510 3728 344 52 cumulative
1888 3732 293 66 quarterly

253 3804 1865 71 pamphlet, with cumulative table of cases digested …
255 3886 306 52 Rochester
605 3882 111 54 and
760 3883 138 52 New
943 3881 161 54 York
1148 3882 131 67 city,
1324 3884 121 52 The
1487 3885 267 65 Lawyers
1799 3887 381 67 co-operative
