<alto xmlns="http://www.loc.gov/standards/alto/ns-v3#" xmlns:xlink="http://www.w3.org/1999/xlink" xmlns:xsi="http://www.w3.org/2001/XMLSchema-instance" xsi:schemaLocation="http://www.loc.gov/standards/alto/ns-v3# http://www.loc.gov/alto/v3/alto-3-0.xsd"><Description>
<MeasurementUnit>pixel</MeasurementUnit>
<sourceImageInformation>
<fileName>1934_v1_Part1.pdf</fileName>
</sourceImageInformation>
<OCRProcessing ID="IdOcr">
<ocrProcessingStep>
<processingDateTime>2019-01-10</processingDateTime>
<processingSoftware>
<softwareCreator>ABBYY</softwareCreator>
<softwareName>ABBYY Recognition Server</softwareName>
<softwareVersion>4.0</softwareVersion>
</processingSoftware>
</ocrProcessingStep>
</OCRProcessing>
</Description>
<Styles>
<ParagraphStyle ID="StyleId-FFFFFFFF-FFFF-FFFF-FFFF-FFFFFFFFFFFF-" ALIGN="Left" LEFT="0." RIGHT="0." FIRSTLINE="0."/>
<ParagraphStyle ID="StyleId-521E1FC6-FE7E-43A4-90E6-A9B61626A263-" ALIGN="Right" LEFT="0." RIGHT="0." FIRSTLINE="0." LINESPACE="13.30000019"/>
<ParagraphStyle ID="StyleId-639B624E-F6F5-47B6-BB1D-34E64B53022F-" ALIGN="Left" LEFT="0." RIGHT="0." FIRSTLINE="-27." LINESPACE="13.43999958"/>
<ParagraphStyle ID="StyleId-100905F9-D385-406B-A5BD-ED5B8FD85431-" ALIGN="Left" LEFT="0." RIGHT="0." FIRSTLINE="0."/>
<ParagraphStyle ID="StyleId-7C9F9BA2-EF3A-4B7F-8486-CCC7B7F49B39-" ALIGN="Left" LEFT="0." RIGHT="0." FIRSTLINE="-27." LINESPACE="18.71999931"/>
<ParagraphStyle ID="StyleId-350780E3-60F2-4605-88F5-BB54F9B87091-" ALIGN="Block" LEFT="0." RIGHT="0." FIRSTLINE="-27." LINESPACE="18.71999931"/>
<ParagraphStyle ID="StyleId-90B16C58-D795-4C77-9B89-30378C515D40-" ALIGN="Left" LEFT="0." RIGHT="0." FIRSTLINE="0." LINESPACE="14.39999962"/>
<ParagraphStyle ID="StyleId-17090E09-AFAF-4086-BD9B-4E99FAE6B057-" ALIGN="Right" LEFT="0." RIGHT="0." FIRSTLINE="-27." LINESPACE="14.39999962"/>
<ParagraphStyle ID="StyleId-8B87B633-89DB-4D72-B1FC-26E4ABD680BC-" ALIGN="Left" LEFT="0." RIGHT="0." FIRSTLINE="-27." LINESPACE="18.47999954"/>
<ParagraphStyle ID="StyleId-42DA7417-CA90-4D71-A57B-06556C38D752-" ALIGN="Left" LEFT="0." RIGHT="0." FIRSTLINE="0." LINESPACE="13.30000019"/>
<ParagraphStyle ID="StyleId-D8EE2A7E-42AE-4E35-98DB-F0F935637AA0-" ALIGN="Block" LEFT="0." RIGHT="0." FIRSTLINE="0." LINESPACE="6.599999905"/>
<ParagraphStyle ID="StyleId-33CD3121-D4F5-43B6-BA96-6382D166E6B8-" ALIGN="Left" LEFT="0." RIGHT="0." FIRSTLINE="0." LINESPACE="15.5"/>
<ParagraphStyle ID="StyleId-1CE52AFA-C319-4DD9-B4B1-F0EBFA2B3F0B-" ALIGN="Block" LEFT="0." RIGHT="0." FIRSTLINE="-21." LINESPACE="18.71999931"/>
<ParagraphStyle ID="StyleId-B74F1B65-92F1-49C5-A5FA-D20442F031F2-" ALIGN="Left" LEFT="0." RIGHT="0." FIRSTLINE="0." LINESPACE="17.70006076"/>
<ParagraphStyle ID="StyleId-79E2924A-215C-40B7-B577-7236BFBAA25E-" ALIGN="Center" LEFT="0." RIGHT="0." FIRSTLINE="0." LINESPACE="7.199999809"/>
</Styles>
<Layout>
<Page ID="Page828" PHYSICAL_IMG_NR="828" HEIGHT="4196" WIDTH="2350">
<TopMargin HEIGHT="378" WIDTH="2350" VPOS="0" HPOS="0">
</TopMargin>
<LeftMargin HEIGHT="3681" WIDTH="228" VPOS="378" HPOS="0">
</LeftMargin>
<RightMargin HEIGHT="3681" WIDTH="116" VPOS="378" HPOS="2234">
</RightMargin>
<BottomMargin HEIGHT="137" WIDTH="2350" VPOS="4059" HPOS="0">
</BottomMargin>
<PrintSpace HEIGHT="3681" WIDTH="2006" VPOS="378" HPOS="228">
<TextBlock ID="Page828_Block1" HEIGHT="61" WIDTH="109" VPOS="3998" HPOS="1172" LANG="en-US" STYLEREFS="StyleId-DC7CBCFE-DBE6-41FE-BC31-0D4B5BB77535-">
<TextLine HEIGHT="49" WIDTH="97" VPOS="4004" HPOS="1178">
<String CONTENT="828" HEIGHT="49" WIDTH="97" VPOS="4004" HPOS="1178"/>
</TextLine>
</TextBlock>
<TextBlock ID="Page828_Block2" HEIGHT="3621" WIDTH="2006" VPOS="378" HPOS="228" CS="1" STYLEREFS="StyleId-2378B865-2D44-4DA0-9F1D-E8E47EA6431C-">
<TextLine HEIGHT="51" WIDTH="1906" VPOS="456" HPOS="313" LANG="fr">
<String CONTENT="88," HEIGHT="47" WIDTH="68" VPOS="456" HPOS="313"/>
<SP HEIGHT="29" WIDTH="36" VPOS="476" HPOS="382"/>
<String CONTENT="[2]" HEIGHT="49" WIDTH="54" VPOS="456" HPOS="419"/>
<SP HEIGHT="38" WIDTH="35" VPOS="467" HPOS="474"/>
<String CONTENT="p." HEIGHT="36" WIDTH="41" VPOS="467" HPOS="510"/>
<SP HEIGHT="39" WIDTH="33" VPOS="457" HPOS="552"/>
<String LANG="en-US" CONTENT="in" HEIGHT="38" WIDTH="47" VPOS="457" HPOS="586"/>
<String CONTENT="cl." HEIGHT="37" WIDTH="53" VPOS="459" HPOS="640"/>
<SP HEIGHT="39" WIDTH="34" VPOS="457" HPOS="694"/>
<String CONTENT="illus." HEIGHT="39" WIDTH="127" VPOS="457" HPOS="729"/>
<SP HEIGHT="46" WIDTH="27" VPOS="457" HPOS="857"/>
<String LANG="en-US" CONTENT="(maps)" HEIGHT="48" WIDTH="184" VPOS="457" HPOS="885"/>
<SP HEIGHT="46" WIDTH="41" VPOS="458" HPOS="1070"/>
<String CONTENT="tables," HEIGHT="46" WIDTH="168" VPOS="459" HPOS="1112"/>
<SP HEIGHT="45" WIDTH="34" VPOS="460" HPOS="1281"/>
<String CONTENT="diagrs." HEIGHT="47" WIDTH="177" VPOS="458" HPOS="1316"/>
<SP HEIGHT="37" WIDTH="62" VPOS="459" HPOS="1494"/>
<String CONTENT="21" HEIGHT="38" WIDTH="51" VPOS="458" HPOS="1557"/>
<String STYLE="superscript" CONTENT="cm" HEIGHT="20" WIDTH="43" VPOS="461" HPOS="1615"/>
<String CONTENT="." HEIGHT="6" WIDTH="7" VPOS="491" HPOS="1664"/>
<SP HEIGHT="45" WIDTH="72" VPOS="460" HPOS="1672"/>
<String CONTENT="(Das" HEIGHT="45" WIDTH="122" VPOS="460" HPOS="1745"/>
<SP HEIGHT="30" WIDTH="31" VPOS="469" HPOS="1868"/>
<String CONTENT="neue" HEIGHT="30" WIDTH="122" VPOS="469" HPOS="1900"/>
<SP HEIGHT="38" WIDTH="33" VPOS="461" HPOS="2023"/>
<String CONTENT="Reich," HEIGHT="46" WIDTH="162" VPOS="461" HPOS="2057"/>
</TextLine>
<TextLine HEIGHT="48" WIDTH="962" VPOS="513" HPOS="244" LANG="fr">
<String CONTENT="hrsg." HEIGHT="47" WIDTH="125" VPOS="513" HPOS="244"/>
<SP HEIGHT="27" WIDTH="27" VPOS="525" HPOS="370"/>
<String CONTENT="von" HEIGHT="28" WIDTH="91" VPOS="524" HPOS="398"/>
<SP HEIGHT="38" WIDTH="28" VPOS="515" HPOS="490"/>
<String CONTENT="der" HEIGHT="38" WIDTH="86" VPOS="515" HPOS="519"/>
<SP HEIGHT="38" WIDTH="21" VPOS="515" HPOS="606"/>
<String CONTENT="Deutschen" HEIGHT="39" WIDTH="277" VPOS="515" HPOS="628"/>
<SP HEIGHT="29" WIDTH="25" VPOS="525" HPOS="906"/>
<String CONTENT="akademie)" HEIGHT="48" WIDTH="274" VPOS="513" HPOS="932"/>
</TextLine>
<TextLine HEIGHT="52" WIDTH="1977" VPOS="570" HPOS="245" CS="1">
<String LANG="fr" CONTENT="&#169;" HEIGHT="50" WIDTH="50" VPOS="570" HPOS="245"/>
<SP HEIGHT="50" WIDTH="29" VPOS="570" HPOS="296"/>
<String LANG="fr" CONTENT="Jan." HEIGHT="39" WIDTH="107" VPOS="575" HPOS="326"/>
<SP HEIGHT="39" WIDTH="28" VPOS="575" HPOS="434"/>
<String LANG="fr" CONTENT="19," HEIGHT="48" WIDTH="68" VPOS="573" HPOS="463"/>
<SP HEIGHT="45" WIDTH="28" VPOS="576" HPOS="532"/>
<String LANG="fr" CONTENT="1934;" HEIGHT="46" WIDTH="138" VPOS="574" HPOS="561"/>
<SP/>
<String LANG="fr" CS="1" CONTENT="1c."/>
<SP/>
<String LANG="fr" CONTENT="Mar." HEIGHT="38" WIDTH="118" VPOS="576" HPOS="825"/>
<SP HEIGHT="38" WIDTH="29" VPOS="576" HPOS="944"/>
<String LANG="fr" CS="1" CONTENT="30;" HEIGHT="40" WIDTH="54" VPOS="574" HPOS="974"/>
<SP HEIGHT="45" WIDTH="30" VPOS="575" HPOS="1056"/>
<!-- cceid C244CB5E-6C64-1014-8713-889FF4349C01 --><String LANG="fr" CONTENT="A-" HEIGHT="37" WIDTH="99" VPOS="575" HPOS="1087"/>
<String LANG="en-US" CONTENT="Foreign" HEIGHT="46" WIDTH="204" VPOS="573" HPOS="1190"/>
<SP HEIGHT="38" WIDTH="27" VPOS="574" HPOS="1395"/>
<String LANG="fr" CONTENT="24282;" HEIGHT="46" WIDTH="169" VPOS="574" HPOS="1423"/>
<SP HEIGHT="46" WIDTH="33" VPOS="574" HPOS="1593"/>
<String LANG="en-US" CONTENT="Georg" HEIGHT="48" WIDTH="155" VPOS="574" HPOS="1627"/>
<SP HEIGHT="46" WIDTH="25" VPOS="576" HPOS="1783"/>
<String LANG="fr" CONTENT="D." HEIGHT="40" WIDTH="58" VPOS="576" HPOS="1809"/>
<SP HEIGHT="40" WIDTH="26" VPOS="576" HPOS="1868"/>
<String LANG="fr" CONTENT="W." HEIGHT="39" WIDTH="71" VPOS="576" HPOS="1895"/>
<SP HEIGHT="40" WIDTH="30" VPOS="576" HPOS="1967"/>
<String LANG="fr" CONTENT="Callwey." HEIGHT="46" WIDTH="224" VPOS="576" HPOS="1998"/>
</TextLine>
<TextLine HEIGHT="47" WIDTH="277" VPOS="630" HPOS="321" LANG="fr">
<String CONTENT="(34-18682)" HEIGHT="47" WIDTH="277" VPOS="630" HPOS="321"/>
</TextLine>
<TextLine HEIGHT="64" WIDTH="569" VPOS="720" HPOS="239" STYLEREFS="StyleId-CD2F3AA4-3CE6-43E7-A955-F87ABB750EB8-" LANG="fr">
<String CONTENT="Cazanave," HEIGHT="64" WIDTH="320" VPOS="720" HPOS="239"/>
<SP HEIGHT="63" WIDTH="28" VPOS="721" HPOS="560"/>
<String CONTENT="Andr&#233;." HEIGHT="56" WIDTH="219" VPOS="720" HPOS="589"/>
</TextLine>
<TextLine HEIGHT="69" WIDTH="1782" VPOS="795" HPOS="368" STYLEREFS="StyleId-28A25484-2646-4428-A1CC-9D7F0D8701F5-" LANG="fr" CS="1">
<String CS="1" CONTENT="&#8230;"/>
<SP HEIGHT="52" WIDTH="33" VPOS="797" HPOS="368"/>
<String CONTENT="La" HEIGHT="51" WIDTH="84" VPOS="797" HPOS="402"/>
<SP HEIGHT="45" WIDTH="27" VPOS="804" HPOS="487"/>
<String CONTENT="terreur" HEIGHT="45" WIDTH="217" VPOS="804" HPOS="515"/>
<SP HEIGHT="51" WIDTH="29" VPOS="798" HPOS="733"/>
<String CONTENT="de" HEIGHT="51" WIDTH="66" VPOS="798" HPOS="763"/>
<SP HEIGHT="51" WIDTH="30" VPOS="798" HPOS="830"/>
<String CONTENT="l&#8217;amour," HEIGHT="66" WIDTH="253" VPOS="797" HPOS="861"/>
<SP HEIGHT="46" WIDTH="30" VPOS="817" HPOS="1115"/>
<String CONTENT="roman." HEIGHT="35" WIDTH="209" VPOS="813" HPOS="1146"/>
<SP HEIGHT="50" WIDTH="79" VPOS="797" HPOS="1356"/>
<String CONTENT="Paris," HEIGHT="68" WIDTH="180" VPOS="795" HPOS="1436"/>
<SP HEIGHT="66" WIDTH="30" VPOS="797" HPOS="1617"/>
<String CONTENT="Fasquelle" HEIGHT="68" WIDTH="296" VPOS="796" HPOS="1648"/>
<SP HEIGHT="48" WIDTH="34" VPOS="815" HPOS="1945"/>
<String CONTENT="[1938]" HEIGHT="64" WIDTH="170" VPOS="800" HPOS="1980"/>
</TextLine>
<TextLine HEIGHT="49" WIDTH="564" VPOS="870" HPOS="308" LANG="fr" CS="1">
<String CONTENT="2" HEIGHT="39" WIDTH="26" VPOS="870" HPOS="308"/>
<SP HEIGHT="48" WIDTH="26" VPOS="870" HPOS="335"/>
<String CONTENT="p." HEIGHT="37" WIDTH="42" VPOS="881" HPOS="362"/>
<SP HEIGHT="39" WIDTH="29" VPOS="871" HPOS="405"/>
<String CS="1" CONTENT="l.,"/>
<SP HEIGHT="30" WIDTH="32" VPOS="889" HPOS="479"/>
<String CONTENT="[7]-230" HEIGHT="49" WIDTH="173" VPOS="870" HPOS="512"/>
<SP HEIGHT="48" WIDTH="28" VPOS="870" HPOS="686"/>
<String CONTENT="p." HEIGHT="37" WIDTH="42" VPOS="881" HPOS="715"/>
<SP HEIGHT="40" WIDTH="58" VPOS="871" HPOS="758"/>
<String CS="1" CONTENT="18&#189;cm." HEIGHT="40" WIDTH="55" VPOS="870" HPOS="817"/>
</TextLine>
<TextLine HEIGHT="49" WIDTH="746" VPOS="925" HPOS="311" LANG="fr">
<String CONTENT="&#8220;Biblioth&#232;que-Charpentier.&#8221;" HEIGHT="49" WIDTH="746" VPOS="925" HPOS="311"/>
</TextLine>
<TextLine HEIGHT="51" WIDTH="1980" VPOS="980" HPOS="246" LANG="fr" CS="1">
<String CONTENT="&#169;" HEIGHT="51" WIDTH="51" VPOS="980" HPOS="246"/>
<SP HEIGHT="51" WIDTH="24" VPOS="980" HPOS="298"/>
<String CONTENT="Nov." HEIGHT="39" WIDTH="117" VPOS="985" HPOS="323"/>
<SP HEIGHT="38" WIDTH="24" VPOS="986" HPOS="441"/>
<String CONTENT="7," HEIGHT="45" WIDTH="38" VPOS="986" HPOS="466"/>
<SP HEIGHT="44" WIDTH="25" VPOS="987" HPOS="505"/>
<String CONTENT="1933;" HEIGHT="45" WIDTH="138" VPOS="985" HPOS="531"/>
<SP/>
<String CS="1" CONTENT="1c."/>
<SP/>
<String CONTENT="Jan." HEIGHT="39" WIDTH="107" VPOS="985" HPOS="789"/>
<SP HEIGHT="39" WIDTH="25" VPOS="985" HPOS="897"/>
<String CONTENT="23," HEIGHT="41" WIDTH="67" VPOS="985" HPOS="923"/>
<SP HEIGHT="41" WIDTH="26" VPOS="985" HPOS="991"/>
<String CONTENT="1934;" HEIGHT="41" WIDTH="138" VPOS="984" HPOS="1018"/>
<SP HEIGHT="41" WIDTH="27" VPOS="984" HPOS="1157"/>
<!-- cceid C2452C53-6C64-1014-8713-889FF4349C01 --><String CONTENT="A-" HEIGHT="38" WIDTH="101" VPOS="984" HPOS="1185"/>
<String LANG="en-US" CONTENT="Foreign" HEIGHT="46" WIDTH="207" VPOS="984" HPOS="1288"/>
<SP HEIGHT="38" WIDTH="22" VPOS="984" HPOS="1496"/>
<String CONTENT="23493;" HEIGHT="46" WIDTH="169" VPOS="984" HPOS="1519"/>
<SP HEIGHT="45" WIDTH="29" VPOS="985" HPOS="1689"/>
<String CONTENT="Fasquelle" HEIGHT="46" WIDTH="254" VPOS="985" HPOS="1719"/>
<SP HEIGHT="39" WIDTH="23" VPOS="984" HPOS="1974"/>
<String CONTENT="&#233;diteurs." HEIGHT="40" WIDTH="228" VPOS="984" HPOS="1998"/>
</TextLine>
<TextLine HEIGHT="48" WIDTH="277" VPOS="1041" HPOS="328" LANG="fr">
<String CONTENT="(34-18670)" HEIGHT="48" WIDTH="277" VPOS="1041" HPOS="328"/>
</TextLine>
<TextLine HEIGHT="69" WIDTH="1535" VPOS="1126" HPOS="239" STYLEREFS="StyleId-28A25484-2646-4428-A1CC-9D7F0D8701F5-" LANG="fr">
<String CONTENT="Champion," HEIGHT="69" WIDTH="340" VPOS="1126" HPOS="239"/>
<SP HEIGHT="63" WIDTH="28" VPOS="1132" HPOS="580"/>
<String CONTENT="Pierre" HEIGHT="52" WIDTH="200" VPOS="1132" HPOS="609"/>
<SP HEIGHT="51" WIDTH="28" VPOS="1133" HPOS="810"/>
<String CONTENT="Honor&#233;" HEIGHT="52" WIDTH="236" VPOS="1131" HPOS="839"/>
<SP HEIGHT="53" WIDTH="28" VPOS="1131" HPOS="1076"/>
<String CONTENT="Jean" HEIGHT="52" WIDTH="144" VPOS="1132" HPOS="1105"/>
<SP HEIGHT="52" WIDTH="30" VPOS="1131" HPOS="1250"/>
<String CONTENT="Baptiste," HEIGHT="63" WIDTH="290" VPOS="1131" HPOS="1281"/>
<SP HEIGHT="60" WIDTH="33" VPOS="1134" HPOS="1572"/>
<String CONTENT="1880-" HEIGHT="50" WIDTH="168" VPOS="1133" HPOS="1606"/>
</TextLine>
<TextLine HEIGHT="69" WIDTH="1858" VPOS="1206" HPOS="370" STYLEREFS="StyleId-28A25484-2646-4428-A1CC-9D7F0D8701F5-" LANG="fr" CS="1">
<String CS="1" CONTENT="&#8230;"/>
<SP HEIGHT="55" WIDTH="38" VPOS="1207" HPOS="370"/>
<String CONTENT="Splendeurs" HEIGHT="68" WIDTH="345" VPOS="1207" HPOS="409"/>
<SP HEIGHT="34" WIDTH="31" VPOS="1227" HPOS="755"/>
<String CONTENT="et" HEIGHT="45" WIDTH="53" VPOS="1214" HPOS="787"/>
<SP HEIGHT="46" WIDTH="29" VPOS="1214" HPOS="841"/>
<String CONTENT="mis&#232;res" HEIGHT="52" WIDTH="227" VPOS="1208" HPOS="871"/>
<SP HEIGHT="51" WIDTH="31" VPOS="1209" HPOS="1099"/>
<String CONTENT="de" HEIGHT="51" WIDTH="64" VPOS="1209" HPOS="1131"/>
<SP HEIGHT="50" WIDTH="33" VPOS="1209" HPOS="1196"/>
<String CONTENT="Paris" HEIGHT="54" WIDTH="165" VPOS="1206" HPOS="1230"/>
<SP HEIGHT="67" WIDTH="42" VPOS="1207" HPOS="1396"/>
<String CS="1" CONTENT="(XIV" HEIGHT="67" WIDTH="17" VPOS="1207" HPOS="1439"/>
<String STYLE="superscript" CONTENT="e" HEIGHT="21" WIDTH="18" VPOS="1213" HPOS="1568"/>
<String CS="1" CONTENT="-XV" HEIGHT="4" WIDTH="36" VPOS="1240" HPOS="1586"/>
<String STYLE="superscript" CONTENT="e" HEIGHT="21" WIDTH="18" VPOS="1213" HPOS="1701"/>
<SP HEIGHT="47" WIDTH="27" VPOS="1213" HPOS="1720"/>
<String CONTENT="si&#232;cles)" HEIGHT="69" WIDTH="218" VPOS="1206" HPOS="1748"/>
<SP HEIGHT="68" WIDTH="76" VPOS="1207" HPOS="1967"/>
<String CONTENT="Paris," HEIGHT="68" WIDTH="184" VPOS="1207" HPOS="2044"/>
</TextLine>
<TextLine HEIGHT="68" WIDTH="661" VPOS="1286" HPOS="240" STYLEREFS="StyleId-28A25484-2646-4428-A1CC-9D7F0D8701F5-" LANG="fr">
<String CONTENT="Calmann-L&#233;vy," HEIGHT="68" WIDTH="479" VPOS="1286" HPOS="240"/>
<SP HEIGHT="63" WIDTH="33" VPOS="1290" HPOS="720"/>
<String CONTENT="1934." HEIGHT="49" WIDTH="147" VPOS="1289" HPOS="754"/>
</TextLine>
<TextLine HEIGHT="49" WIDTH="1916" VPOS="1358" HPOS="310" LANG="fr" CS="1">
<String CONTENT="2" HEIGHT="38" WIDTH="25" VPOS="1360" HPOS="310"/>
<SP HEIGHT="47" WIDTH="26" VPOS="1360" HPOS="336"/>
<String CONTENT="p." HEIGHT="37" WIDTH="43" VPOS="1370" HPOS="363"/>
<SP HEIGHT="37" WIDTH="26" VPOS="1362" HPOS="407"/>
<String CS="1" CONTENT="l.,"/>
<SP HEIGHT="47" WIDTH="28" VPOS="1360" HPOS="478"/>
<String CONTENT="287" HEIGHT="39" WIDTH="85" VPOS="1360" HPOS="507"/>
<SP HEIGHT="46" WIDTH="26" VPOS="1361" HPOS="593"/>
<String CS="1" CONTENT="p.,"/>
<SP/>
<String CS="1" CONTENT="2"/>
<SP/>
<String CS="1" CONTENT="l."/>
<SP HEIGHT="39" WIDTH="58" VPOS="1359" HPOS="788"/>
<String LANG="en-US" CONTENT="fold." HEIGHT="41" WIDTH="118" VPOS="1359" HPOS="847"/>
<SP HEIGHT="36" WIDTH="28" VPOS="1371" HPOS="966"/>
<String CONTENT="plan." HEIGHT="45" WIDTH="126" VPOS="1362" HPOS="995"/>
<SP HEIGHT="39" WIDTH="59" VPOS="1359" HPOS="1122"/>
<String CONTENT="19" HEIGHT="39" WIDTH="53" VPOS="1358" HPOS="1182"/>
<String STYLE="superscript" CONTENT="cm" HEIGHT="21" WIDTH="46" VPOS="1359" HPOS="1237"/>
<String CONTENT="." HEIGHT="6" WIDTH="7" VPOS="1390" HPOS="1288"/>
<SP/>
<String CONTENT="(His" HEIGHT="47" WIDTH="115" VPOS="1358" HPOS="1367"/>
<SP HEIGHT="38" WIDTH="27" VPOS="1359" HPOS="1483"/>
<String CONTENT="La" HEIGHT="38" WIDTH="64" VPOS="1359" HPOS="1511"/>
<SP HEIGHT="29" WIDTH="29" VPOS="1369" HPOS="1576"/>
<String CONTENT="vie" HEIGHT="40" WIDTH="75" VPOS="1358" HPOS="1606"/>
<SP HEIGHT="38" WIDTH="28" VPOS="1360" HPOS="1682"/>
<String CONTENT="de" HEIGHT="38" WIDTH="57" VPOS="1360" HPOS="1711"/>
<SP HEIGHT="38" WIDTH="27" VPOS="1360" HPOS="1769"/>
<String CONTENT="Paris" HEIGHT="40" WIDTH="139" VPOS="1358" HPOS="1797"/>
<SP HEIGHT="28" WIDTH="29" VPOS="1370" HPOS="1937"/>
<String CONTENT="au" HEIGHT="28" WIDTH="61" VPOS="1370" HPOS="1967"/>
<SP HEIGHT="28" WIDTH="28" VPOS="1370" HPOS="2029"/>
<String CONTENT="moyen" HEIGHT="37" WIDTH="168" VPOS="1370" HPOS="2058"/>
</TextLine>
<TextLine HEIGHT="48" WIDTH="110" VPOS="1416" HPOS="241" LANG="fr">
<String CONTENT="&#226;ge)" HEIGHT="48" WIDTH="110" VPOS="1416" HPOS="241"/>
</TextLine>
<TextLine HEIGHT="48" WIDTH="957" VPOS="1471" HPOS="309" LANG="en-US" CS="1">
<String CONTENT="At" HEIGHT="40" WIDTH="66" VPOS="1473" HPOS="309"/>
<SP HEIGHT="40" WIDTH="23" VPOS="1473" HPOS="376"/>
<String CONTENT="head" HEIGHT="39" WIDTH="123" VPOS="1473" HPOS="400"/>
<SP HEIGHT="38" WIDTH="27" VPOS="1474" HPOS="524"/>
<String CONTENT="of" HEIGHT="40" WIDTH="52" VPOS="1472" HPOS="552"/>
<SP HEIGHT="40" WIDTH="24" VPOS="1472" HPOS="605"/>
<String CS="1" CONTENT="title:" HEIGHT="39" WIDTH="107" VPOS="1473" HPOS="630"/>
<SP HEIGHT="39" WIDTH="29" VPOS="1473" HPOS="765"/>
<String CONTENT="Pierre" HEIGHT="41" WIDTH="164" VPOS="1471" HPOS="795"/>
<SP HEIGHT="40" WIDTH="28" VPOS="1472" HPOS="960"/>
<String CONTENT="Champion." HEIGHT="47" WIDTH="277" VPOS="1472" HPOS="989"/>
</TextLine>
<TextLine HEIGHT="50" WIDTH="1915" VPOS="1527" HPOS="312" LANG="en-US" CS="1">
<String CONTENT="On" HEIGHT="40" WIDTH="72" VPOS="1529" HPOS="312"/>
<SP HEIGHT="29" WIDTH="35" VPOS="1540" HPOS="385"/>
<String CS="1" CONTENT="cover:" HEIGHT="30" WIDTH="139" VPOS="1539" HPOS="421"/>
<SP HEIGHT="39" WIDTH="37" VPOS="1530" HPOS="587"/>
<String CONTENT="Notre" HEIGHT="39" WIDTH="149" VPOS="1530" HPOS="625"/>
<SP HEIGHT="29" WIDTH="35" VPOS="1540" HPOS="775"/>
<String LANG="fr" CONTENT="vieux" HEIGHT="40" WIDTH="143" VPOS="1529" HPOS="811"/>
<SP HEIGHT="37" WIDTH="36" VPOS="1530" HPOS="955"/>
<String CONTENT="Paris." HEIGHT="39" WIDTH="153" VPOS="1529" HPOS="992"/>
<SP HEIGHT="30" WIDTH="61" VPOS="1547" HPOS="1146"/>
<String CONTENT="[Collection" HEIGHT="49" WIDTH="279" VPOS="1528" HPOS="1208"/>
<SP HEIGHT="37" WIDTH="32" VPOS="1539" HPOS="1488"/>
<String CONTENT="pub." HEIGHT="48" WIDTH="108" VPOS="1528" HPOS="1521"/>
<SP HEIGHT="29" WIDTH="36" VPOS="1538" HPOS="1630"/>
<String CONTENT="sous" HEIGHT="30" WIDTH="111" VPOS="1538" HPOS="1667"/>
<SP HEIGHT="38" WIDTH="35" VPOS="1530" HPOS="1779"/>
<String CONTENT="la" HEIGHT="38" WIDTH="47" VPOS="1530" HPOS="1815"/>
<SP HEIGHT="39" WIDTH="33" VPOS="1529" HPOS="1863"/>
<String CONTENT="direction" HEIGHT="41" WIDTH="234" VPOS="1527" HPOS="1897"/>
<SP HEIGHT="39" WIDTH="35" VPOS="1530" HPOS="2132"/>
<String LANG="fr" CONTENT="de" HEIGHT="39" WIDTH="59" VPOS="1530" HPOS="2168"/>
</TextLine>
<TextLine HEIGHT="40" WIDTH="342" VPOS="1586" HPOS="242" LANG="fr" CS="1">
<String LANG="en-US" CONTENT="M." HEIGHT="40" WIDTH="60" VPOS="1586" HPOS="242"/>
<SP HEIGHT="40" WIDTH="32" VPOS="1586" HPOS="303"/>
<String CS="1" CONTENT="Thi&#233;baut]" HEIGHT="40" WIDTH="248" VPOS="1586" HPOS="336"/>
</TextLine>
<TextLine HEIGHT="50" WIDTH="1810" VPOS="1641" HPOS="247" CS="1">
<String LANG="en-US" CONTENT="&#169;" HEIGHT="50" WIDTH="50" VPOS="1641" HPOS="247"/>
<SP HEIGHT="50" WIDTH="33" VPOS="1641" HPOS="298"/>
<String LANG="en-US" CONTENT="Jan." HEIGHT="38" WIDTH="107" VPOS="1646" HPOS="332"/>
<SP HEIGHT="39" WIDTH="32" VPOS="1644" HPOS="440"/>
<String LANG="en-US" CONTENT="26." HEIGHT="40" WIDTH="67" VPOS="1644" HPOS="473"/>
<SP HEIGHT="38" WIDTH="33" VPOS="1646" HPOS="541"/>
<String LANG="en-US" CS="1" CONTENT="1934;"/>
<SP/>
<String LANG="en-US" CS="1" CONTENT="1c."/>
<SP/>
<String LANG="en-US" CONTENT="Apr." HEIGHT="47" WIDTH="112" VPOS="1643" HPOS="847"/>
<SP HEIGHT="39" WIDTH="33" VPOS="1643" HPOS="960"/>
<String LANG="en-US" CS="1" CONTENT="20;" HEIGHT="38" WIDTH="55" VPOS="1643" HPOS="994"/>
<SP HEIGHT="40" WIDTH="34" VPOS="1643" HPOS="1076"/>
<!-- cceid C245934B-6C64-1014-8713-889FF4349C01 --><String LANG="en-US" CONTENT="A-Foreign" HEIGHT="47" WIDTH="307" VPOS="1642" HPOS="1111"/>
<SP HEIGHT="38" WIDTH="31" VPOS="1642" HPOS="1419"/>
<String LANG="en-US" CS="1" CONTENT="24635:" HEIGHT="40" WIDTH="142" VPOS="1642" HPOS="1451"/>
<SP HEIGHT="40" WIDTH="37" VPOS="1643" HPOS="1621"/>
<String LANG="fr" CONTENT="Calmann-L&#233;vy." HEIGHT="47" WIDTH="398" VPOS="1642" HPOS="1659"/>
</TextLine>
<TextLine HEIGHT="48" WIDTH="277" VPOS="1700" HPOS="326" LANG="en-US">
<String CONTENT="(34-18661)" HEIGHT="48" WIDTH="277" VPOS="1700" HPOS="326"/>
</TextLine>
<TextLine HEIGHT="67" WIDTH="967" VPOS="1790" HPOS="239" STYLEREFS="StyleId-B6226692-6AC7-4824-85AA-0C44B57D13BD-" LANG="en-US">
<String CONTENT="Colorado." HEIGHT="55" WIDTH="298" VPOS="1790" HPOS="239"/>
<SP HEIGHT="52" WIDTH="72" VPOS="1793" HPOS="538"/>
<String CONTENT="Laws," HEIGHT="64" WIDTH="181" VPOS="1793" HPOS="611"/>
<SP HEIGHT="46" WIDTH="29" VPOS="1811" HPOS="793"/>
<String CONTENT="statutes," HEIGHT="61" WIDTH="255" VPOS="1795" HPOS="823"/>
<SP HEIGHT="46" WIDTH="29" VPOS="1810" HPOS="1079"/>
<String CONTENT="etc." HEIGHT="48" WIDTH="97" VPOS="1797" HPOS="1109"/>
</TextLine>
<TextLine HEIGHT="144" WIDTH="1962" VPOS="1867" HPOS="240" STYLEREFS="StyleId-28A25484-2646-4428-A1CC-9D7F0D8701F5-" LANG="en-US" CS="1">
<String CONTENT="Courtright&#8217;s" HEIGHT="68" WIDTH="383" VPOS="1867" HPOS="311"/>
<SP HEIGHT="51" WIDTH="45" VPOS="1869" HPOS="695"/>
<String CONTENT="Mills" HEIGHT="52" WIDTH="158" VPOS="1869" HPOS="741"/>
<SP HEIGHT="54" WIDTH="47" VPOS="1869" HPOS="900"/>
<String CONTENT="Colorado" HEIGHT="55" WIDTH="280" VPOS="1868" HPOS="948"/>
<SP HEIGHT="33" WIDTH="48" VPOS="1886" HPOS="1229"/>
<String CONTENT="annotated" HEIGHT="51" WIDTH="306" VPOS="1868" HPOS="1278"/>
<SP HEIGHT="51" WIDTH="46" VPOS="1868" HPOS="1585"/>
<String CONTENT="code" HEIGHT="51" WIDTH="131" VPOS="1868" HPOS="1632"/>
<SP HEIGHT="33" WIDTH="46" VPOS="1887" HPOS="1764"/>
<String CONTENT="of" HEIGHT="53" WIDTH="62" VPOS="1867" HPOS="1811"/>
<SP HEIGHT="52" WIDTH="45" VPOS="1867" HPOS="1874"/>
<String CONTENT="civil" HEIGHT="52" WIDTH="132" VPOS="1867" HPOS="1920"/>
<SP HEIGHT="67" WIDTH="44" VPOS="1868" HPOS="2053"/>
<String CONTENT="procedure," HEIGHT="125" WIDTH="1962" VPOS="1886" HPOS="240"/>
</TextLine>
<TextLine HEIGHT="69" WIDTH="1726" VPOS="1944" HPOS="499" STYLEREFS="StyleId-28A25484-2646-4428-A1CC-9D7F0D8701F5-" LANG="en-US" CS="1">
<String CS="1" CONTENT="1933;" HEIGHT="50" WIDTH="131" VPOS="1949" HPOS="499"/>
<SP HEIGHT="47" WIDTH="40" VPOS="1964" HPOS="660"/>
<String CONTENT="containing" HEIGHT="69" WIDTH="331" VPOS="1944" HPOS="701"/>
<SP HEIGHT="62" WIDTH="35" VPOS="1951" HPOS="1033"/>
<String CONTENT="the" HEIGHT="51" WIDTH="93" VPOS="1946" HPOS="1069"/>
<SP HEIGHT="47" WIDTH="40" VPOS="1950" HPOS="1163"/>
<String CONTENT="1887" HEIGHT="52" WIDTH="132" VPOS="1945" HPOS="1204"/>
<SP HEIGHT="53" WIDTH="38" VPOS="1945" HPOS="1337"/>
<String CONTENT="code" HEIGHT="52" WIDTH="132" VPOS="1946" HPOS="1376"/>
<SP HEIGHT="33" WIDTH="38" VPOS="1964" HPOS="1509"/>
<String CONTENT="of" HEIGHT="51" WIDTH="61" VPOS="1945" HPOS="1548"/>
<SP HEIGHT="51" WIDTH="38" VPOS="1945" HPOS="1610"/>
<String CONTENT="civil" HEIGHT="52" WIDTH="133" VPOS="1945" HPOS="1649"/>
<SP HEIGHT="64" WIDTH="35" VPOS="1948" HPOS="1783"/>
<String CONTENT="procedure" HEIGHT="66" WIDTH="307" VPOS="1946" HPOS="1819"/>
<SP HEIGHT="34" WIDTH="40" VPOS="1964" HPOS="2127"/>
<String CONTENT="as" HEIGHT="34" WIDTH="57" VPOS="1964" HPOS="2168"/>
</TextLine>
<TextLine HEIGHT="68" WIDTH="1983" VPOS="2023" HPOS="242" STYLEREFS="StyleId-28A25484-2646-4428-A1CC-9D7F0D8701F5-" LANG="en-US">
<String CONTENT="amended" HEIGHT="52" WIDTH="272" VPOS="2023" HPOS="242"/>
<SP HEIGHT="51" WIDTH="39" VPOS="2024" HPOS="515"/>
<String CONTENT="by" HEIGHT="66" WIDTH="74" VPOS="2024" HPOS="555"/>
<SP HEIGHT="60" WIDTH="41" VPOS="2030" HPOS="630"/>
<String CONTENT="the" HEIGHT="52" WIDTH="93" VPOS="2024" HPOS="672"/>
<SP HEIGHT="54" WIDTH="43" VPOS="2024" HPOS="766"/>
<String CONTENT="General" HEIGHT="54" WIDTH="244" VPOS="2024" HPOS="810"/>
<SP HEIGHT="49" WIDTH="42" VPOS="2026" HPOS="1055"/>
<String CONTENT="assembly" HEIGHT="67" WIDTH="274" VPOS="2024" HPOS="1098"/>
<SP HEIGHT="49" WIDTH="40" VPOS="2042" HPOS="1373"/>
<String CONTENT="up" HEIGHT="48" WIDTH="77" VPOS="2042" HPOS="1414"/>
<SP HEIGHT="61" WIDTH="43" VPOS="2029" HPOS="1492"/>
<String CONTENT="to" HEIGHT="46" WIDTH="57" VPOS="2029" HPOS="1536"/>
<SP HEIGHT="33" WIDTH="43" VPOS="2042" HPOS="1594"/>
<String CONTENT="and" HEIGHT="50" WIDTH="111" VPOS="2025" HPOS="1638"/>
<SP HEIGHT="51" WIDTH="41" VPOS="2025" HPOS="1750"/>
<String CONTENT="including" HEIGHT="68" WIDTH="297" VPOS="2023" HPOS="1792"/>
<SP HEIGHT="61" WIDTH="41" VPOS="2030" HPOS="2090"/>
<String CONTENT="the" HEIGHT="50" WIDTH="93" VPOS="2025" HPOS="2132"/>
</TextLine>
<TextLine HEIGHT="144" WIDTH="1961" VPOS="2101" HPOS="239" STYLEREFS="StyleId-28A25484-2646-4428-A1CC-9D7F0D8701F5-" LANG="en-US" CS="1">
<String CONTENT="1933" HEIGHT="49" WIDTH="132" VPOS="2104" HPOS="241"/>
<SP HEIGHT="49" WIDTH="47" VPOS="2104" HPOS="374"/>
<String CONTENT="session." HEIGHT="52" WIDTH="224" VPOS="2101" HPOS="422"/>
<SP HEIGHT="51" WIDTH="73" VPOS="2101" HPOS="647"/>
<String CONTENT="Annotated" HEIGHT="52" WIDTH="328" VPOS="2101" HPOS="721"/>
<SP HEIGHT="51" WIDTH="49" VPOS="2102" HPOS="1050"/>
<String CONTENT="with" HEIGHT="52" WIDTH="137" VPOS="2101" HPOS="1100"/>
<SP HEIGHT="53" WIDTH="49" VPOS="2102" HPOS="1238"/>
<String CONTENT="all" HEIGHT="54" WIDTH="77" VPOS="2101" HPOS="1288"/>
<SP HEIGHT="54" WIDTH="47" VPOS="2103" HPOS="1366"/>
<String CONTENT="Colorado" HEIGHT="55" WIDTH="281" VPOS="2102" HPOS="1414"/>
<SP HEIGHT="52" WIDTH="48" VPOS="2102" HPOS="1696"/>
<String CONTENT="decisions." HEIGHT="54" WIDTH="290" VPOS="2101" HPOS="1745"/>
<SP HEIGHT="51" WIDTH="83" VPOS="2104" HPOS="2036"/>
<String CS="1" CONTENT="Revised," HEIGHT="123" WIDTH="1961" VPOS="2122" HPOS="239"/>
</TextLine>
<TextLine HEIGHT="69" WIDTH="1756" VPOS="2179" HPOS="468" STYLEREFS="StyleId-28A25484-2646-4428-A1CC-9D7F0D8701F5-" LANG="en-US">
<String CONTENT="annotated" HEIGHT="52" WIDTH="306" VPOS="2179" HPOS="468"/>
<SP HEIGHT="51" WIDTH="53" VPOS="2179" HPOS="775"/>
<String CONTENT="and" HEIGHT="51" WIDTH="110" VPOS="2179" HPOS="829"/>
<SP HEIGHT="51" WIDTH="52" VPOS="2179" HPOS="940"/>
<String CONTENT="indexed," HEIGHT="67" WIDTH="256" VPOS="2179" HPOS="993"/>
<SP HEIGHT="66" WIDTH="51" VPOS="2180" HPOS="1250"/>
<String CONTENT="by" HEIGHT="66" WIDTH="74" VPOS="2180" HPOS="1302"/>
<SP HEIGHT="64" WIDTH="49" VPOS="2182" HPOS="1377"/>
<String CONTENT="William" HEIGHT="54" WIDTH="259" VPOS="2179" HPOS="1427"/>
<SP HEIGHT="50" WIDTH="52" VPOS="2182" HPOS="1687"/>
<String CONTENT="H" HEIGHT="50" WIDTH="58" VPOS="2182" HPOS="1740"/>
<SP HEIGHT="54" WIDTH="72" VPOS="2181" HPOS="1799"/>
<String CONTENT="Courtright." HEIGHT="68" WIDTH="352" VPOS="2180" HPOS="1872"/>
</TextLine>
<TextLine HEIGHT="68" WIDTH="1908" VPOS="2257" HPOS="246" STYLEREFS="StyleId-28A25484-2646-4428-A1CC-9D7F0D8701F5-" LANG="en-US">
<String CONTENT="Denver," HEIGHT="65" WIDTH="237" VPOS="2257" HPOS="246"/>
<SP HEIGHT="64" WIDTH="35" VPOS="2258" HPOS="484"/>
<String CONTENT="Col.," HEIGHT="63" WIDTH="137" VPOS="2258" HPOS="520"/>
<SP HEIGHT="62" WIDTH="32" VPOS="2259" HPOS="658"/>
<String CONTENT="W." HEIGHT="51" WIDTH="88" VPOS="2259" HPOS="691"/>
<SP HEIGHT="50" WIDTH="36" VPOS="2259" HPOS="780"/>
<String CONTENT="H." HEIGHT="50" WIDTH="75" VPOS="2259" HPOS="817"/>
<SP HEIGHT="53" WIDTH="39" VPOS="2258" HPOS="893"/>
<String CONTENT="Courtright" HEIGHT="67" WIDTH="334" VPOS="2257" HPOS="933"/>
<SP HEIGHT="59" WIDTH="36" VPOS="2265" HPOS="1268"/>
<String CONTENT="publishing" HEIGHT="68" WIDTH="334" VPOS="2257" HPOS="1305"/>
<SP HEIGHT="48" WIDTH="34" VPOS="2277" HPOS="1640"/>
<String CONTENT="company," HEIGHT="49" WIDTH="294" VPOS="2276" HPOS="1675"/>
<SP HEIGHT="60" WIDTH="36" VPOS="2264" HPOS="1970"/>
<String CONTENT="1933." HEIGHT="49" WIDTH="147" VPOS="2262" HPOS="2007"/>
</TextLine>
<TextLine HEIGHT="47" WIDTH="272" VPOS="2330" HPOS="315" LANG="en-US" CS="1">
<String CONTENT="743" HEIGHT="38" WIDTH="82" VPOS="2332" HPOS="315"/>
<SP HEIGHT="45" WIDTH="30" VPOS="2332" HPOS="398"/>
<String CONTENT="p." HEIGHT="36" WIDTH="41" VPOS="2341" HPOS="429"/>
<SP HEIGHT="37" WIDTH="58" VPOS="2331" HPOS="471"/>
<String CS="1" CONTENT="26&#189;cm." HEIGHT="39" WIDTH="57" VPOS="2330" HPOS="530"/>
</TextLine>
<TextLine HEIGHT="50" WIDTH="1906" VPOS="2385" HPOS="319" LANG="en-US">
<String CONTENT="&#8220;The" HEIGHT="39" WIDTH="128" VPOS="2387" HPOS="319"/>
<SP HEIGHT="29" WIDTH="24" VPOS="2397" HPOS="448"/>
<String CONTENT="matter" HEIGHT="37" WIDTH="179" VPOS="2389" HPOS="473"/>
<SP HEIGHT="29" WIDTH="26" VPOS="2397" HPOS="653"/>
<String CONTENT="contained" HEIGHT="41" WIDTH="256" VPOS="2385" HPOS="680"/>
<SP HEIGHT="38" WIDTH="26" VPOS="2388" HPOS="937"/>
<String CONTENT="in" HEIGHT="36" WIDTH="50" VPOS="2390" HPOS="964"/>
<SP HEIGHT="39" WIDTH="28" VPOS="2387" HPOS="1015"/>
<String CONTENT="Mills'" HEIGHT="41" WIDTH="142" VPOS="2385" HPOS="1044"/>
<SP HEIGHT="41" WIDTH="29" VPOS="2385" HPOS="1187"/>
<String CONTENT="annotated" HEIGHT="39" WIDTH="265" VPOS="2388" HPOS="1217"/>
<SP HEIGHT="42" WIDTH="28" VPOS="2386" HPOS="1483"/>
<String CONTENT="Code," HEIGHT="48" WIDTH="140" VPOS="2386" HPOS="1512"/>
<SP HEIGHT="46" WIDTH="29" VPOS="2388" HPOS="1653"/>
<String CONTENT="by" HEIGHT="47" WIDTH="59" VPOS="2388" HPOS="1683"/>
<SP HEIGHT="48" WIDTH="29" VPOS="2387" HPOS="1743"/>
<String CONTENT="J." HEIGHT="40" WIDTH="42" VPOS="2387" HPOS="1773"/>
<SP HEIGHT="40" WIDTH="30" VPOS="2387" HPOS="1816"/>
<String CONTENT="Warner" HEIGHT="40" WIDTH="204" VPOS="2387" HPOS="1847"/>
<SP HEIGHT="38" WIDTH="30" VPOS="2388" HPOS="2052"/>
<String CONTENT="Mills," HEIGHT="40" WIDTH="142" VPOS="2387" HPOS="2083"/>
</TextLine>
<TextLine HEIGHT="48" WIDTH="1981" VPOS="2442" HPOS="245" LANG="en-US">
<String CONTENT="and" HEIGHT="38" WIDTH="95" VPOS="2445" HPOS="245"/>
<SP HEIGHT="40" WIDTH="33" VPOS="2444" HPOS="341"/>
<String CONTENT="Colorado" HEIGHT="40" WIDTH="236" VPOS="2444" HPOS="375"/>
<SP HEIGHT="40" WIDTH="34" VPOS="2443" HPOS="612"/>
<String CONTENT="Code" HEIGHT="41" WIDTH="125" VPOS="2442" HPOS="647"/>
<SP HEIGHT="29" WIDTH="35" VPOS="2454" HPOS="773"/>
<String CONTENT="annotated," HEIGHT="46" WIDTH="277" VPOS="2444" HPOS="809"/>
<SP HEIGHT="47" WIDTH="36" VPOS="2443" HPOS="1087"/>
<String CONTENT="by" HEIGHT="47" WIDTH="59" VPOS="2443" HPOS="1124"/>
<SP HEIGHT="47" WIDTH="34" VPOS="2443" HPOS="1184"/>
<String LANG="fr" CONTENT="R." HEIGHT="40" WIDTH="55" VPOS="2443" HPOS="1219"/>
<SP HEIGHT="41" WIDTH="38" VPOS="2443" HPOS="1275"/>
<String CONTENT="S." HEIGHT="41" WIDTH="42" VPOS="2443" HPOS="1314"/>
<SP HEIGHT="39" WIDTH="37" VPOS="2444" HPOS="1357"/>
<String CONTENT="Morrison" HEIGHT="41" WIDTH="243" VPOS="2443" HPOS="1395"/>
<SP HEIGHT="30" WIDTH="33" VPOS="2454" HPOS="1639"/>
<String CONTENT="and" HEIGHT="39" WIDTH="96" VPOS="2445" HPOS="1673"/>
<SP HEIGHT="39" WIDTH="35" VPOS="2444" HPOS="1770"/>
<String CONTENT="E." HEIGHT="39" WIDTH="53" VPOS="2444" HPOS="1806"/>
<SP HEIGHT="39" WIDTH="35" VPOS="2444" HPOS="1860"/>
<String LANG="fr" CONTENT="D." HEIGHT="39" WIDTH="56" VPOS="2444" HPOS="1896"/>
<SP HEIGHT="39" WIDTH="37" VPOS="2444" HPOS="1953"/>
<String LANG="fr" CONTENT="De" HEIGHT="40" WIDTH="71" VPOS="2444" HPOS="1991"/>
<SP HEIGHT="40" WIDTH="35" VPOS="2444" HPOS="2063"/>
<String CONTENT="Soto," HEIGHT="46" WIDTH="127" VPOS="2444" HPOS="2099"/>
</TextLine>
<TextLine HEIGHT="50" WIDTH="1896" VPOS="2498" HPOS="246" LANG="en-US">
<String CONTENT="was" HEIGHT="30" WIDTH="98" VPOS="2509" HPOS="246"/>
<SP HEIGHT="30" WIDTH="30" VPOS="2510" HPOS="345"/>
<String CONTENT="consulted" HEIGHT="40" WIDTH="249" VPOS="2500" HPOS="376"/>
<SP HEIGHT="39" WIDTH="29" VPOS="2500" HPOS="626"/>
<String CONTENT="and" HEIGHT="38" WIDTH="96" VPOS="2500" HPOS="656"/>
<SP HEIGHT="38" WIDTH="29" VPOS="2500" HPOS="753"/>
<String CONTENT="used" HEIGHT="38" WIDTH="118" VPOS="2501" HPOS="783"/>
<SP HEIGHT="38" WIDTH="30" VPOS="2501" HPOS="902"/>
<String CONTENT="as" HEIGHT="29" WIDTH="53" VPOS="2510" HPOS="933"/>
<SP HEIGHT="39" WIDTH="29" VPOS="2500" HPOS="987"/>
<String CONTENT="far" HEIGHT="38" WIDTH="80" VPOS="2500" HPOS="1017"/>
<SP HEIGHT="29" WIDTH="33" VPOS="2509" HPOS="1098"/>
<String CONTENT="as" HEIGHT="30" WIDTH="51" VPOS="2509" HPOS="1132"/>
<SP HEIGHT="37" WIDTH="29" VPOS="2509" HPOS="1184"/>
<String CONTENT="practicable" HEIGHT="47" WIDTH="297" VPOS="2499" HPOS="1214"/>
<SP HEIGHT="39" WIDTH="28" VPOS="2501" HPOS="1512"/>
<String CONTENT="by" HEIGHT="47" WIDTH="61" VPOS="2501" HPOS="1541"/>
<SP HEIGHT="45" WIDTH="32" VPOS="2503" HPOS="1603"/>
<String CONTENT="the" HEIGHT="40" WIDTH="81" VPOS="2501" HPOS="1636"/>
<SP HEIGHT="30" WIDTH="31" VPOS="2510" HPOS="1718"/>
<String CONTENT="editor.&#8221;&#8212;Pref." HEIGHT="42" WIDTH="392" VPOS="2498" HPOS="1750"/>
</TextLine>
<TextLine HEIGHT="50" WIDTH="1977" VPOS="2554" HPOS="248" LANG="en-US" CS="1">
<String CONTENT="&#169;" HEIGHT="50" WIDTH="50" VPOS="2554" HPOS="248"/>
<SP HEIGHT="50" WIDTH="31" VPOS="2554" HPOS="299"/>
<String CONTENT="Jan." HEIGHT="39" WIDTH="107" VPOS="2557" HPOS="331"/>
<SP HEIGHT="39" WIDTH="31" VPOS="2557" HPOS="439"/>
<String CONTENT="5," HEIGHT="46" WIDTH="37" VPOS="2557" HPOS="471"/>
<SP HEIGHT="46" WIDTH="31" VPOS="2557" HPOS="509"/>
<String CS="1" CONTENT="1934;" HEIGHT="40" WIDTH="113" VPOS="2556" HPOS="541"/>
<SP HEIGHT="46" WIDTH="29" VPOS="2556" HPOS="681"/>
<String CONTENT="2c." HEIGHT="40" WIDTH="66" VPOS="2556" HPOS="711"/>
<SP HEIGHT="29" WIDTH="32" VPOS="2567" HPOS="778"/>
<String CONTENT="and" HEIGHT="39" WIDTH="94" VPOS="2556" HPOS="811"/>
<SP HEIGHT="39" WIDTH="30" VPOS="2556" HPOS="906"/>
<String CS="1" CONTENT="aff."/>
<SP HEIGHT="39" WIDTH="34" VPOS="2556" HPOS="1017"/>
<String CONTENT="July" HEIGHT="47" WIDTH="116" VPOS="2556" HPOS="1052"/>
<SP HEIGHT="46" WIDTH="26" VPOS="2557" HPOS="1169"/>
<String CS="1" CONTENT="23;" HEIGHT="39" WIDTH="54" VPOS="2557" HPOS="1196"/>
<SP HEIGHT="40" WIDTH="33" VPOS="2557" HPOS="1278"/>
<!-- cceid C24600EF-6C64-1014-8713-889FF4349C01 --><String CONTENT="A" HEIGHT="38" WIDTH="40" VPOS="2557" HPOS="1312"/>
<SP HEIGHT="39" WIDTH="29" VPOS="2557" HPOS="1353"/>
<String CS="1" CONTENT="73566;" HEIGHT="39" WIDTH="147" VPOS="2557" HPOS="1383"/>
<SP HEIGHT="45" WIDTH="32" VPOS="2558" HPOS="1554"/>
<String CONTENT="William" HEIGHT="40" WIDTH="215" VPOS="2557" HPOS="1587"/>
<SP HEIGHT="38" WIDTH="30" VPOS="2558" HPOS="1803"/>
<String CONTENT="H." HEIGHT="38" WIDTH="59" VPOS="2558" HPOS="1834"/>
<SP HEIGHT="40" WIDTH="35" VPOS="2557" HPOS="1894"/>
<String CONTENT="Courtright," HEIGHT="49" WIDTH="295" VPOS="2555" HPOS="1930"/>
</TextLine>
<TextLine HEIGHT="48" WIDTH="552" VPOS="2612" HPOS="314" LANG="en-US">
<String CONTENT="Denver." HEIGHT="39" WIDTH="201" VPOS="2614" HPOS="314"/>
<SP HEIGHT="47" WIDTH="72" VPOS="2613" HPOS="516"/>
<String CONTENT="(34-20927)" HEIGHT="48" WIDTH="277" VPOS="2612" HPOS="589"/>
</TextLine>
<TextLine HEIGHT="64" WIDTH="739" VPOS="2688" HPOS="242" STYLEREFS="StyleId-CD2F3AA4-3CE6-43E7-A955-F87ABB750EB8-">
<String LANG="fr" CONTENT="Comn&#232;ne," HEIGHT="64" WIDTH="309" VPOS="2688" HPOS="242"/>
<SP HEIGHT="62" WIDTH="26" VPOS="2690" HPOS="552"/>
<String LANG="en-US" CONTENT="Marie" HEIGHT="53" WIDTH="185" VPOS="2688" HPOS="579"/>
<SP HEIGHT="51" WIDTH="28" VPOS="2689" HPOS="765"/>
<String LANG="en-US" CONTENT="Anne." HEIGHT="53" WIDTH="187" VPOS="2689" HPOS="794"/>
</TextLine>
<TextLine HEIGHT="71" WIDTH="1367" VPOS="2762" HPOS="377" STYLEREFS="StyleId-28A25484-2646-4428-A1CC-9D7F0D8701F5-" CS="1">
<String LANG="en-US" CS="1" CONTENT="&#8230;"/>
<SP HEIGHT="52" WIDTH="35" VPOS="2765" HPOS="377"/>
<String LANG="fr" CONTENT="L&#8217;ange" HEIGHT="66" WIDTH="210" VPOS="2765" HPOS="413"/>
<SP HEIGHT="51" WIDTH="29" VPOS="2764" HPOS="624"/>
<String LANG="fr" CONTENT="de" HEIGHT="51" WIDTH="64" VPOS="2764" HPOS="654"/>
<SP HEIGHT="33" WIDTH="30" VPOS="2782" HPOS="719"/>
<String LANG="fr" CONTENT="midi." HEIGHT="53" WIDTH="156" VPOS="2762" HPOS="750"/>
<SP HEIGHT="33" WIDTH="72" VPOS="2798" HPOS="907"/>
<String LANG="en-US" CONTENT="[Paris]" HEIGHT="67" WIDTH="198" VPOS="2764" HPOS="980"/>
<SP HEIGHT="67" WIDTH="35" VPOS="2764" HPOS="1179"/>
<String LANG="fr" CONTENT="Gallimard" HEIGHT="53" WIDTH="320" VPOS="2764" HPOS="1215"/>
<SP HEIGHT="69" WIDTH="35" VPOS="2764" HPOS="1536"/>
<String STYLE="subscript" LANG="en-US" CONTENT="[" HEIGHT="33" WIDTH="12" VPOS="2800" HPOS="1572"/>
<String STYLE="superscript" LANG="en-US" CONTENT="c" HEIGHT="21" WIDTH="18" VPOS="2771" HPOS="1589"/>
<String LANG="en-US" CS="1" CONTENT="1934]" HEIGHT="50" WIDTH="131" VPOS="2766" HPOS="1613"/>
</TextLine>
<TextLine HEIGHT="48" WIDTH="757" VPOS="2835" HPOS="317" CS="1">
<String LANG="en-US" CONTENT="2" HEIGHT="37" WIDTH="26" VPOS="2836" HPOS="317"/>
<SP HEIGHT="47" WIDTH="27" VPOS="2836" HPOS="344"/>
<String LANG="fr" CONTENT="p." HEIGHT="37" WIDTH="42" VPOS="2846" HPOS="372"/>
<SP HEIGHT="39" WIDTH="26" VPOS="2836" HPOS="415"/>
<String LANG="en-US" CS="1" CONTENT="l.,"/>
<SP HEIGHT="29" WIDTH="32" VPOS="2854" HPOS="488"/>
<String LANG="en-US" CONTENT="[7]-288" HEIGHT="48" WIDTH="174" VPOS="2835" HPOS="521"/>
<SP HEIGHT="46" WIDTH="29" VPOS="2836" HPOS="696"/>
<String LANG="fr" CS="1" CONTENT="p.,"/>
<SP/>
<String LANG="fr" CS="1" CONTENT="1"/>
<SP/>
<String LANG="fr" CS="1" CONTENT="l."/>
<SP HEIGHT="39" WIDTH="59" VPOS="2836" HPOS="900"/>
<String LANG="en-US" CONTENT="19" HEIGHT="40" WIDTH="56" VPOS="2835" HPOS="960"/>
<String STYLE="superscript" LANG="en-US" CONTENT="cm" HEIGHT="21" WIDTH="45" VPOS="2838" HPOS="1016"/>
<String LANG="en-US" CONTENT="." HEIGHT="8" WIDTH="8" VPOS="2867" HPOS="1066"/>
</TextLine>
<TextLine HEIGHT="51" WIDTH="1978" VPOS="2906" HPOS="248" CS="1">
<String LANG="en-US" CONTENT="&#169;" HEIGHT="50" WIDTH="50" VPOS="2906" HPOS="248"/>
<SP HEIGHT="50" WIDTH="34" VPOS="2906" HPOS="299"/>
<String LANG="en-US" CONTENT="Mar." HEIGHT="38" WIDTH="119" VPOS="2911" HPOS="334"/>
<SP HEIGHT="39" WIDTH="32" VPOS="2910" HPOS="454"/>
<String LANG="en-US" CONTENT="20," HEIGHT="45" WIDTH="68" VPOS="2910" HPOS="487"/>
<SP HEIGHT="44" WIDTH="31" VPOS="2911" HPOS="556"/>
<String LANG="en-US" CS="1" CONTENT="1934;" HEIGHT="40" WIDTH="113" VPOS="2909" HPOS="588"/>
<SP/>
<String LANG="en-US" CS="1" CONTENT="1c."/>
<SP/>
<String LANG="en-US" CONTENT="May" HEIGHT="45" WIDTH="112" VPOS="2911" HPOS="863"/>
<SP HEIGHT="45" WIDTH="30" VPOS="2911" HPOS="976"/>
<String LANG="en-US" CS="1" CONTENT="15;" HEIGHT="38" WIDTH="54" VPOS="2910" HPOS="1007"/>
<SP HEIGHT="45" WIDTH="34" VPOS="2910" HPOS="1089"/>
<!-- cceid C2466063-6C64-1014-8713-889FF4349C01 --><String LANG="en-US" CONTENT="A-Foreign" HEIGHT="47" WIDTH="307" VPOS="2910" HPOS="1124"/>
<SP HEIGHT="37" WIDTH="31" VPOS="2912" HPOS="1432"/>
<String LANG="en-US" CS="1" CONTENT="24652;" HEIGHT="40" WIDTH="143" VPOS="2910" HPOS="1464"/>
<SP HEIGHT="46" WIDTH="36" VPOS="2911" HPOS="1635"/>
<String LANG="fr" CONTENT="Librairie" HEIGHT="41" WIDTH="239" VPOS="2909" HPOS="1672"/>
<SP HEIGHT="40" WIDTH="31" VPOS="2910" HPOS="1912"/>
<String LANG="fr" CONTENT="Gallimard." HEIGHT="41" WIDTH="282" VPOS="2909" HPOS="1944"/>
</TextLine>
<TextLine HEIGHT="48" WIDTH="278" VPOS="2966" HPOS="325" LANG="en-US">
<String CONTENT="(34-18678)" HEIGHT="48" WIDTH="278" VPOS="2966" HPOS="325"/>
</TextLine>
<TextLine HEIGHT="67" WIDTH="939" VPOS="3038" HPOS="242" STYLEREFS="StyleId-CD2F3AA4-3CE6-43E7-A955-F87ABB750EB8-" LANG="en-US">
<String CONTENT="Corliss," HEIGHT="67" WIDTH="236" VPOS="3038" HPOS="242"/>
<SP HEIGHT="63" WIDTH="27" VPOS="3042" HPOS="479"/>
<String CONTENT="John" HEIGHT="53" WIDTH="153" VPOS="3041" HPOS="507"/>
<SP HEIGHT="53" WIDTH="26" VPOS="3041" HPOS="661"/>
<String CONTENT="Blaisdell," HEIGHT="65" WIDTH="293" VPOS="3040" HPOS="688"/>
<SP HEIGHT="61" WIDTH="30" VPOS="3044" HPOS="982"/>
<String CONTENT="1877-" HEIGHT="53" WIDTH="168" VPOS="3041" HPOS="1013"/>
</TextLine>
<TextLine HEIGHT="73" WIDTH="1915" VPOS="3114" HPOS="311" STYLEREFS="StyleId-28A25484-2646-4428-A1CC-9D7F0D8701F5-" LANG="en-US">
<String CONTENT="Back" HEIGHT="53" WIDTH="157" VPOS="3117" HPOS="311"/>
<SP HEIGHT="52" WIDTH="26" VPOS="3117" HPOS="469"/>
<String CONTENT="to" HEIGHT="46" WIDTH="57" VPOS="3124" HPOS="496"/>
<SP HEIGHT="34" WIDTH="29" VPOS="3136" HPOS="554"/>
<String CONTENT="a" HEIGHT="33" WIDTH="27" VPOS="3136" HPOS="584"/>
<SP HEIGHT="33" WIDTH="29" VPOS="3136" HPOS="612"/>
<String CONTENT="cash" HEIGHT="51" WIDTH="130" VPOS="3118" HPOS="642"/>
<SP HEIGHT="51" WIDTH="25" VPOS="3118" HPOS="773"/>
<String CONTENT="basis," HEIGHT="66" WIDTH="166" VPOS="3118" HPOS="799"/>
<SP HEIGHT="65" WIDTH="25" VPOS="3119" HPOS="966"/>
<String CONTENT="by" HEIGHT="66" WIDTH="75" VPOS="3119" HPOS="992"/>
<SP HEIGHT="66" WIDTH="26" VPOS="3119" HPOS="1068"/>
<String CONTENT="John" HEIGHT="54" WIDTH="152" VPOS="3118" HPOS="1095"/>
<SP HEIGHT="50" WIDTH="30" VPOS="3120" HPOS="1248"/>
<String CONTENT="B." HEIGHT="51" WIDTH="65" VPOS="3120" HPOS="1279"/>
<SP HEIGHT="53" WIDTH="31" VPOS="3121" HPOS="1345"/>
<String CONTENT="Corliss," HEIGHT="69" WIDTH="230" VPOS="3117" HPOS="1377"/>
<SP HEIGHT="68" WIDTH="26" VPOS="3119" HPOS="1608"/>
<String CONTENT="jr." HEIGHT="68" WIDTH="69" VPOS="3119" HPOS="1635"/>
<SP HEIGHT="51" WIDTH="74" VPOS="3119" HPOS="1705"/>
<String CONTENT="Detroit," HEIGHT="70" WIDTH="243" VPOS="3114" HPOS="1780"/>
<SP HEIGHT="67" WIDTH="27" VPOS="3117" HPOS="2024"/>
<String CONTENT="Mich." HEIGHT="54" WIDTH="174" VPOS="3116" HPOS="2052"/>
</TextLine>
<TextLine HEIGHT="64" WIDTH="191" VPOS="3199" HPOS="246" STYLEREFS="StyleId-28A25484-2646-4428-A1CC-9D7F0D8701F5-" LANG="en-US">
<String CONTENT="[" HEIGHT="34" WIDTH="13" VPOS="3229" HPOS="246"/>
<String STYLE="superscript" CONTENT="c" HEIGHT="21" WIDTH="18" VPOS="3202" HPOS="264"/>
<String CONTENT="1933]" HEIGHT="63" WIDTH="150" VPOS="3199" HPOS="287"/>
</TextLine>
<TextLine HEIGHT="51" WIDTH="339" VPOS="3268" HPOS="316" LANG="en-US">
<String CONTENT="[48]" HEIGHT="50" WIDTH="83" VPOS="3269" HPOS="316"/>
<SP HEIGHT="38" WIDTH="36" VPOS="3279" HPOS="400"/>
<String CONTENT="p." HEIGHT="38" WIDTH="42" VPOS="3279" HPOS="437"/>
<SP HEIGHT="40" WIDTH="58" VPOS="3268" HPOS="480"/>
<String CONTENT="23" HEIGHT="41" WIDTH="55" VPOS="3268" HPOS="539"/>
<String STYLE="superscript" CONTENT="cm" HEIGHT="21" WIDTH="44" VPOS="3271" HPOS="598"/>
<String CONTENT="." HEIGHT="9" WIDTH="8" VPOS="3300" HPOS="647"/>
</TextLine>
<TextLine HEIGHT="50" WIDTH="1974" VPOS="3323" HPOS="251" LANG="en-US" CS="1">
<String CONTENT="&#169;" HEIGHT="50" WIDTH="50" VPOS="3323" HPOS="251"/>
<SP HEIGHT="50" WIDTH="37" VPOS="3323" HPOS="302"/>
<String CONTENT="Oct." HEIGHT="39" WIDTH="100" VPOS="3328" HPOS="340"/>
<SP HEIGHT="37" WIDTH="35" VPOS="3328" HPOS="441"/>
<String CONTENT="10," HEIGHT="44" WIDTH="67" VPOS="3327" HPOS="477"/>
<SP HEIGHT="43" WIDTH="35" VPOS="3328" HPOS="545"/>
<String CONTENT="1933;" HEIGHT="46" WIDTH="139" VPOS="3325" HPOS="581"/>
<SP HEIGHT="45" WIDTH="36" VPOS="3326" HPOS="721"/>
<String CONTENT="2c." HEIGHT="39" WIDTH="66" VPOS="3326" HPOS="758"/>
<SP HEIGHT="39" WIDTH="34" VPOS="3326" HPOS="825"/>
<String CONTENT="Oct." HEIGHT="39" WIDTH="99" VPOS="3326" HPOS="860"/>
<SP HEIGHT="37" WIDTH="36" VPOS="3328" HPOS="960"/>
<String CONTENT="7;" HEIGHT="39" WIDTH="51" VPOS="3328" HPOS="997"/>
<SP HEIGHT="30" WIDTH="38" VPOS="3337" HPOS="1049"/>
<String CS="1" CONTENT="aff."/>
<SP HEIGHT="39" WIDTH="37" VPOS="3327" HPOS="1169"/>
<String CONTENT="Oct." HEIGHT="39" WIDTH="98" VPOS="3327" HPOS="1207"/>
<SP HEIGHT="38" WIDTH="37" VPOS="3327" HPOS="1306"/>
<String CONTENT="21;" HEIGHT="46" WIDTH="81" VPOS="3327" HPOS="1344"/>
<SP HEIGHT="45" WIDTH="38" VPOS="3328" HPOS="1426"/>
<!-- cceid C246C104-6C64-1014-8713-889FF4349C01 --><String CONTENT="A" HEIGHT="38" WIDTH="40" VPOS="3328" HPOS="1465"/>
<SP HEIGHT="38" WIDTH="33" VPOS="3328" HPOS="1506"/>
<String CONTENT="66730;" HEIGHT="41" WIDTH="168" VPOS="3328" HPOS="1540"/>
<SP HEIGHT="40" WIDTH="38" VPOS="3329" HPOS="1709"/>
<String LANG="fr" CONTENT="J." HEIGHT="38" WIDTH="41" VPOS="3329" HPOS="1748"/>
<SP HEIGHT="37" WIDTH="37" VPOS="3329" HPOS="1790"/>
<String CONTENT="B." HEIGHT="37" WIDTH="51" VPOS="3329" HPOS="1828"/>
<SP HEIGHT="40" WIDTH="40" VPOS="3326" HPOS="1880"/>
<String CONTENT="Corliss," HEIGHT="47" WIDTH="193" VPOS="3325" HPOS="1921"/>
<SP HEIGHT="47" WIDTH="35" VPOS="3325" HPOS="2115"/>
<String CONTENT="jr.," HEIGHT="48" WIDTH="74" VPOS="3325" HPOS="2151"/>
</TextLine>
<TextLine HEIGHT="48" WIDTH="551" VPOS="3382" HPOS="316" LANG="en-US">
<String CONTENT="Detroit." HEIGHT="40" WIDTH="203" VPOS="3383" HPOS="316"/>
<SP HEIGHT="47" WIDTH="70" VPOS="3383" HPOS="520"/>
<String CONTENT="(34-18365)" HEIGHT="48" WIDTH="276" VPOS="3382" HPOS="591"/>
</TextLine>
<TextLine HEIGHT="67" WIDTH="1107" VPOS="3456" HPOS="243" STYLEREFS="StyleId-28A25484-2646-4428-A1CC-9D7F0D8701F5-" LANG="en-US">
<String CONTENT="Courtright," HEIGHT="65" WIDTH="365" VPOS="3456" HPOS="243"/>
<SP HEIGHT="61" WIDTH="30" VPOS="3460" HPOS="609"/>
<String CONTENT="William" HEIGHT="55" WIDTH="247" VPOS="3456" HPOS="640"/>
<SP HEIGHT="50" WIDTH="33" VPOS="3459" HPOS="888"/>
<String CONTENT="Hiram," HEIGHT="67" WIDTH="225" VPOS="3456" HPOS="922"/>
<SP HEIGHT="60" WIDTH="31" VPOS="3463" HPOS="1148"/>
<String CONTENT="1879-" HEIGHT="52" WIDTH="170" VPOS="3459" HPOS="1180"/>
</TextLine>
<TextLine HEIGHT="71" WIDTH="1913" VPOS="3533" HPOS="313" STYLEREFS="StyleId-28A25484-2646-4428-A1CC-9D7F0D8701F5-" LANG="en-US">
<String CONTENT="Courtright&#8217;s" HEIGHT="68" WIDTH="381" VPOS="3533" HPOS="313"/>
<SP HEIGHT="53" WIDTH="36" VPOS="3536" HPOS="695"/>
<String CONTENT="Colorado" HEIGHT="54" WIDTH="279" VPOS="3535" HPOS="732"/>
<SP HEIGHT="51" WIDTH="33" VPOS="3536" HPOS="1012"/>
<String CONTENT="digest." HEIGHT="67" WIDTH="198" VPOS="3535" HPOS="1046"/>
<SP HEIGHT="54" WIDTH="71" VPOS="3537" HPOS="1245"/>
<String CONTENT="Supplement." HEIGHT="67" WIDTH="390" VPOS="3537" HPOS="1317"/>
<SP HEIGHT="52" WIDTH="34" VPOS="3540" HPOS="1708"/>
<String CONTENT="1933;" HEIGHT="57" WIDTH="159" VPOS="3539" HPOS="1743"/>
<SP HEIGHT="60" WIDTH="36" VPOS="3536" HPOS="1903"/>
<String CONTENT="digesting" HEIGHT="68" WIDTH="286" VPOS="3534" HPOS="1940"/>
</TextLine>
<TextLine HEIGHT="70" WIDTH="1816" VPOS="3611" HPOS="244" STYLEREFS="StyleId-28A25484-2646-4428-A1CC-9D7F0D8701F5-" LANG="en-US" CS="1">
<String CONTENT="all" HEIGHT="51" WIDTH="76" VPOS="3613" HPOS="244"/>
<SP HEIGHT="54" WIDTH="35" VPOS="3613" HPOS="321"/>
<String CONTENT="Colorado" HEIGHT="55" WIDTH="279" VPOS="3612" HPOS="357"/>
<SP HEIGHT="52" WIDTH="35" VPOS="3612" HPOS="637"/>
<String CONTENT="decisions" HEIGHT="53" WIDTH="272" VPOS="3611" HPOS="673"/>
<SP HEIGHT="32" WIDTH="34" VPOS="3632" HPOS="946"/>
<String CONTENT="since" HEIGHT="51" WIDTH="147" VPOS="3614" HPOS="981"/>
<SP HEIGHT="46" WIDTH="35" VPOS="3619" HPOS="1129"/>
<String CONTENT="the" HEIGHT="53" WIDTH="92" VPOS="3614" HPOS="1165"/>
<SP HEIGHT="48" WIDTH="38" VPOS="3619" HPOS="1258"/>
<String CONTENT="1928" HEIGHT="48" WIDTH="132" VPOS="3618" HPOS="1297"/>
<SP HEIGHT="48" WIDTH="36" VPOS="3619" HPOS="1430"/>
<String CONTENT="supplement," HEIGHT="65" WIDTH="372" VPOS="3616" HPOS="1467"/>
<SP HEIGHT="46" WIDTH="36" VPOS="3633" HPOS="1840"/>
<String CONTENT="which" HEIGHT="50" WIDTH="183" VPOS="3614" HPOS="1877"/>
</TextLine>
<TextLine HEIGHT="128" WIDTH="1957" VPOS="3631" HPOS="242" STYLEREFS="StyleId-28A25484-2646-4428-A1CC-9D7F0D8701F5-" LANG="en-US" CS="1">
<String CONTENT="supplemented" HEIGHT="125" WIDTH="1957" VPOS="3631" HPOS="242"/>
<SP HEIGHT="51" WIDTH="37" VPOS="3690" HPOS="562"/>
<String CONTENT="the" HEIGHT="51" WIDTH="93" VPOS="3690" HPOS="600"/>
<SP HEIGHT="32" WIDTH="39" VPOS="3709" HPOS="694"/>
<String CONTENT="original" HEIGHT="68" WIDTH="245" VPOS="3689" HPOS="734"/>
<SP HEIGHT="53" WIDTH="40" VPOS="3690" HPOS="980"/>
<String CONTENT="Courtright&#8217;s" HEIGHT="69" WIDTH="381" VPOS="3690" HPOS="1021"/>
<SP HEIGHT="54" WIDTH="41" VPOS="3693" HPOS="1403"/>
<String CONTENT="Colorado" HEIGHT="54" WIDTH="281" VPOS="3693" HPOS="1445"/>
<SP HEIGHT="52" WIDTH="39" VPOS="3692" HPOS="1727"/>
<String CONTENT="digest." HEIGHT="66" WIDTH="198" VPOS="3692" HPOS="1767"/>
</TextLine>
<TextLine HEIGHT="145" WIDTH="1982" VPOS="3692" HPOS="243" STYLEREFS="StyleId-28A25484-2646-4428-A1CC-9D7F0D8701F5-" LANG="en-US" CS="1">
<String CONTENT="Interlocking" HEIGHT="143" WIDTH="1958" VPOS="3692" HPOS="243"/>
<SP HEIGHT="50" WIDTH="37" VPOS="3785" HPOS="472"/>
<String CONTENT="with" HEIGHT="51" WIDTH="138" VPOS="3766" HPOS="510"/>
<SP HEIGHT="52" WIDTH="35" VPOS="3767" HPOS="649"/>
<String CONTENT="the" HEIGHT="52" WIDTH="99" VPOS="3767" HPOS="685"/>
<SP HEIGHT="47" WIDTH="40" VPOS="3771" HPOS="785"/>
<String CONTENT="1915" HEIGHT="49" WIDTH="130" VPOS="3770" HPOS="826"/>
<SP HEIGHT="51" WIDTH="42" VPOS="3768" HPOS="957"/>
<String CONTENT="digest" HEIGHT="67" WIDTH="186" VPOS="3768" HPOS="1000"/>
<SP HEIGHT="46" WIDTH="38" VPOS="3774" HPOS="1187"/>
<String CONTENT="and" HEIGHT="51" WIDTH="111" VPOS="3770" HPOS="1226"/>
<SP HEIGHT="51" WIDTH="39" VPOS="3770" HPOS="1338"/>
<String CONTENT="the" HEIGHT="52" WIDTH="92" VPOS="3771" HPOS="1378"/>
<SP HEIGHT="48" WIDTH="44" VPOS="3775" HPOS="1471"/>
<String CONTENT="1928" HEIGHT="49" WIDTH="131" VPOS="3773" HPOS="1516"/>
<SP HEIGHT="48" WIDTH="40" VPOS="3774" HPOS="1648"/>
<String CONTENT="supplement." HEIGHT="67" WIDTH="372" VPOS="3770" HPOS="1689"/>
<SP HEIGHT="50" WIDTH="73" VPOS="3770" HPOS="2062"/>
<String CONTENT="By" HEIGHT="63" WIDTH="89" VPOS="3770" HPOS="2136"/>
</TextLine>
<TextLine HEIGHT="70" WIDTH="1983" VPOS="3844" HPOS="241" STYLEREFS="StyleId-28A25484-2646-4428-A1CC-9D7F0D8701F5-" LANG="en-US" CS="1">
<String CONTENT="William" HEIGHT="52" WIDTH="256" VPOS="3844" HPOS="241"/>
<SP HEIGHT="50" WIDTH="39" VPOS="3847" HPOS="498"/>
<String CONTENT="H." HEIGHT="52" WIDTH="74" VPOS="3847" HPOS="538"/>
<SP HEIGHT="54" WIDTH="43" VPOS="3845" HPOS="613"/>
<String CONTENT="Courtright" HEIGHT="68" WIDTH="340" VPOS="3844" HPOS="657"/>
<SP HEIGHT="46" WIDTH="43" VPOS="3850" HPOS="998"/>
<String CS="1" CONTENT="&#8230;"/>
<SP HEIGHT="50" WIDTH="79" VPOS="3848" HPOS="1096"/>
<String CONTENT="Denver," HEIGHT="65" WIDTH="241" VPOS="3848" HPOS="1176"/>
<SP HEIGHT="64" WIDTH="43" VPOS="3849" HPOS="1418"/>
<String CONTENT="Col.," HEIGHT="53" WIDTH="137" VPOS="3849" HPOS="1462"/>
<SP HEIGHT="51" WIDTH="36" VPOS="3850" HPOS="1600"/>
<String CONTENT="W." HEIGHT="51" WIDTH="88" VPOS="3850" HPOS="1637"/>
<SP HEIGHT="51" WIDTH="41" VPOS="3849" HPOS="1726"/>
<String CONTENT="H." HEIGHT="51" WIDTH="75" VPOS="3849" HPOS="1768"/>
<SP HEIGHT="54" WIDTH="44" VPOS="3847" HPOS="1844"/>
<String CONTENT="Courtright" HEIGHT="69" WIDTH="335" VPOS="3845" HPOS="1889"/>
</TextLine>
<TextLine HEIGHT="72" WIDTH="834" VPOS="3921" HPOS="240" STYLEREFS="StyleId-28A25484-2646-4428-A1CC-9D7F0D8701F5-" LANG="en-US">
<String CONTENT="publishing" HEIGHT="72" WIDTH="331" VPOS="3921" HPOS="240"/>
<SP HEIGHT="51" WIDTH="28" VPOS="3941" HPOS="572"/>
<String CONTENT="company," HEIGHT="50" WIDTH="294" VPOS="3940" HPOS="601"/>
<SP HEIGHT="64" WIDTH="31" VPOS="3925" HPOS="896"/>
<String CONTENT="1933." HEIGHT="49" WIDTH="146" VPOS="3925" HPOS="928"/>
</TextLine>
</TextBlock>
</PrintSpace>
</Page>
</Layout>
</alto>