2350 4196
1115 3987 131 49 1885

175 388 240 68 Gibran,
443 392 217 67 Kahlil,
691 398 325 52 1883-1931.

246 466 175 56 Prose
451 487 208 52 poems,
689 473 75 66 by
792 469 202 55 Kahlil
1024 472 247 64 Gibran;
1304 472 315 53 translated
1652 473 150 52 from
1833 473 97 51 the
1958 472 211 53 Arabic

179 543 91 54 for
292 546 95 53 the
409 547 125 53 first
555 548 136 53 time
713 550 35 51 by
807 550 253 52 Andrew
1085 548 287 69 Ghareeb;
1399 550 140 52 with
1563 569 31 33 a
1620 549 285 54 foreword
1926 551 75 66 by
180 552 1966 124 Barbara

342 625 226 68 Young.
643 629 139 51 New
809 627 179 63 York,
1015 629 69 53 A.
1111 628 68 53 A.
1207 628 224 66 Knopf,
1460 632 148 49 1934.

249 709 51 39 ix
326 718 58 39 p.,
410 710 27 40 3
460 710 45 48 1,
532 711 128 48 3-77,
690 713 55 49 [1]
774 723 42 37 p.
877 713 171 47 plates.
1109 711 54 38 21½
1195 713 44 22 cm
1244 744 9 8 .

253 777 127 41 “The
417 778 90 41 five
544 780 328 41 illustrations
908 782 47 38 in
992 782 98 40 this
1126 782 188 40 volume
1351 793 81 28 are
1471 782 292 48 reproduced
1802 782 126 39 from
1965 782 203 49 original

178 835 247 47 drawings
450 836 61 47 by
538 837 80 40 the
648 839 220 40 author.”

250 891 162 41 “First
441 893 226 42 edition.”

181 958 54 52 ©
270 963 99 40 Oct.
405 963 38 47 8,
480 963 114 41 1934
612 976 7 35 ;
657 965 65 40 2c.
762 966 99 40 Oct.
899 965 80 47 10;
1020 966 80 39 aff.
1138 967 115 38 Nov.
1290 966 81 46 23;
1411 967 38 37 A
1486 966 169 47 77423;
1694 967 171 39 Alfred
1904 968 51 38 A.
1994 965 179 50 Knopf,

248 1020 88 40 inc.
409 1019 250 50 (35-2233)

180 1121 128 65 Gill,
336 1124 205 53 James
564 1125 260 65 Presley,
854 1131 171 49 1894-

254 1200 1917 69 Tool steels, by James P. Gill … a series of five educational
183 1278 237 53 lectures
462 1297 71 34 on
575 1281 96 51 the
711 1280 282 68 selection,
1035 1282 316 66 properties
1396 1284 110 51 and
1549 1301 122 34 uses
1714 1283 63 51 of
1819 1283 354 52 commercial

184 1357 141 51 tools
363 1359 164 51 steels
563 1361 296 63 presented
893 1365 58 47 to
985 1359 273 55 members
1294 1359 64 51 of
1390 1361 94 50 the
1519 1361 69 52 A.
1627 1360 55 55 S.
1719 1360 77 53 M.
1833 1360 211 67 during
2078 1362 95 50 the

184 1435 130 50 16th
347 1434 289 53 National
652 1439 171 50 metal
859 1456 261 49 congress
1154 1438 111 51 and
1300 1437 338 67 exposition,
1671 1439 139 51 New
1846 1439 163 52 York
2041 1439 132 67 city,

184 1511 123 56 Oct.
341 1519 26 48 1
394 1520 58 48 to
481 1520 46 59 5,
557 1518 148 49 1934.
787 1515 345 66 [Cleveland,
1162 1519 150 63 1934]

253 1599 959 50 1 p. l. , 136 p. illus., diagrs. 22] cm .
184 1667 51 52 ©
271 1672 126 47 Sept.
427 1671 69 47 27,
528 1670 114 41 1934
660 1682 8 37 ;
701 1672 65 39 2c.
799 1674 95 38 and
926 1671 61 40 aff.
1042 1671 101 40 Oct.
1174 1671 82 47 22:;
1290 1671 40 39 A
1362 1671 169 42 78031;
1566 1672 157 39 Amer.
1753 1683 93 29 soc.
1879 1672 78 38 for
1988 1673 188 47 metals,

250 1728 273 40 Cleveland.
596 1728 248 48 (35-2592)

179 1831 302 66 Goebbels,
510 1833 238 65 Joseph,
780 1833 170 55 1897-

251 1908 236 69 Signale
544 1911 98 51 der
698 1929 178 33 neuen
935 1910 137 67 zeit;
1132 1913 63 49 25
1256 1911 384 67 ausgewählte
1695 1912 170 51 reden
1923 1928 110 34 von
2092 1911 85 52 dr.

177 1988 216 67 Joseph
438 1988 293 55 Goebbels.
814 1989 304 66 Munchen,
1164 1989 427 67 Zentralverlag
1636 1989 98 51 der
1778 1988 287 68 NSDAP,
2111 1991 65 51 F.

186 2066 147 52 Eher
360 2066 212 68 nachf.,
602 2070 150 51 1934.

250 2153 88 40 362
360 2164 42 37 p.
462 2154 170 46 plates.
695 2151 54 40 19
751 2155 45 24 cm
802 2184 7 8 .

186 2221 1992 51 © Sept. 12, 1934; 1c. Dec. 19; A-Foreign 26455; Frz. Eher nachf.,
253 2293 39 36 g.
375 2314 7 7 m.
411 2282 40 39 b.
480 2282 44 38 h.
596 2279 250 48 (35-2860)

182 2384 250 66 Gottler,
460 2383 303 66 Heinrich,
794 2387 172 50 1890-

317 2458 1858 71 … Hans im glück; bekenntnis, erlebnis, gleichnis, wagnis;
183 2539 356 67 kampfbuch
563 2560 96 33 um
682 2538 92 54 die
795 2540 265 51 deutsche
1083 2539 155 64 seele,
1262 2558 96 33 um
1381 2539 91 51 ein
1494 2540 135 51 volk
1653 2557 91 33 am
1767 2539 406 66 scheidewege!

234 2622 120 52 1.—10.
381 2618 254 53 tausend.
711 2617 156 51 Lahr
892 2617 59 51 in
979 2616 215 67 Baden,
1219 2617 69 52 R.
1314 2617 226 65 Keutel,
1568 2620 150 50 1933.

254 2705 87 40 419
368 2717 42 37 p.
472 2705 86 39 col.
585 2703 136 39 front.
764 2701 171 48 (port.)
1005 2702 54 39 17
1063 2703 43 21 cm
1112 2733 7 8 .

187 2772 1826 54 © June 26, 1933 ; 1c. Oct. 17 ; A-Foreign 22460; Richard Keutel.
265 2834 253 49 (35-2431)

182 2938 208 65 Green,
419 2937 250 64 Russell,
700 2940 172 50 1893-

316 3012 1865 70 … Prophet without honour, by Russell Green. London,
184 3094 138 52 New
356 3093 163 52 York
555 3097 136 61 [etc.]
729 3091 64 53 T.
827 3091 210 51 Nelson
1072 3090 110 51 and
1212 3108 146 49 sons,
1389 3090 103 52 ltd.
1553 3092 150 63 [1934]

256 3182 30 38 2
309 3192 42 40 p.
415 3210 8 17 l.,
448 3179 89 40 382
560 3188 41 37 p.
663 3176 58 40 19
721 3178 43 21 cm
769 3206 7 7 .

255 3253 68 40 At
347 3252 124 39 head
503 3249 50 40 of
582 3249 135 39 title:
749 3248 178 38 Nelson
958 3248 192 37 novels:
1183 3247 206 38 selected
1422 3246 60 46 by
1513 3246 49 37 L.
1596 3245 52 38 A.
1683 3244 50 40 G.
1770 3245 186 47 Strong.

189 3315 1991 58 © 1c. Dec. 17, 1934; A ad int 19751; pubd. Oct. 22:; R. Green, London.
267 3379 249 51 (35-3431)

184 3484 200 63 Greer,
412 3480 220 64 Joseph
660 3480 92 63 H.,
783 3482 170 49 1851-

187 3550 1972 158 The evolution of life; plates illustrating the sexual organs and the laws of reproduction, by Joseph H. Greer …
194 3716 288 67 [Chicago]
519 3715 148 49 1934.

258 3803 58 41 94
346 3813 45 38 p.
449 3800 129 40 illus.
637 3797 58 42 20
695 3800 18 23 cm
746 3829 10 10 .

192 3872 51 51 ©
273 3876 109 38 Dec.
414 3872 68 47 22,
513 3870 140 44 1934;
686 3870 66 39 2c.
783 3869 94 38 and
908 3866 80 40 aff.
1021 3867 110 38 Dec.
1162 3864 55 40 29
1235 3876 8 35 ;
1278 3865 39 38 A
1347 3863 169 42 77921;
1551 3866 115 38 Max
1700 3866 146 44 Stein,
1879 3867 220 46 Chicago.

271 3929 250 51 (35-2194)
