2350 4196
1103 4041 124 47 1231

181 397 151 64 Hall,
362 397 211 54 Mabel.

255 480 119 52 The
403 479 275 68 skipping
706 480 227 66 Hiliies,
962 480 71 66 by
1064 478 188 52 Mabel
1284 478 167 66 Hall;
1488 477 316 52 illustrated
1840 478 71 65 by
1945 477 234 68 Stanley

185 554 1403 70 Leland. Boston, B. Humphries, inc. [ c 1933]
262 630 83 41 143
374 641 41 37 p.
447 631 106 38 incl.
584 630 163 44 front.,
777 632 168 46 plates.
1009 628 54 40 19½
1095 631 42 21 cm
1146 663 6 5 .

243 699 1942 52 © Dec. 9, 1933; 2c. Sept. 27, 1934; aff. Sept. 25; A 75518; Bruce
257 759 311 47 Humphries,
606 759 89 40 inc.
768 758 278 47 (34-31986)

182 860 214 67 Haller,
433 861 269 65 William,
738 865 167 49 1885-
1148 861 84 54 ed.

255 944 201 53 Tracts
506 961 71 34 on
628 944 208 69 liberty
894 945 59 50 in
1008 943 94 53 the
1160 941 246 54 Puritan
1463 940 339 69 revolution,
1860 941 327 65 1638-1647,

183 1022 207 67 edited,
417 1021 140 53 with
586 1040 31 34 a
646 1026 403 64 commentary,
1077 1021 75 67 by
1176 1019 264 55 William
1466 1018 208 54 Haller
1708 1062 54 10 ...
1833 1018 139 54 New
2004 1017 180 69 York,

185 1097 299 55 Columbia
517 1099 318 69 university
868 1117 175 50 press,
1077 1100 150 51 1934.

184 1169 1983 100 3 v. fronts. (ports.: v. 2-3) plates, facsim. 23 ½ cm . (Half-title; Records of civilization;
772 1239 193 30 sources
1000 1230 92 38 and
1126 1228 197 47 studies,
1357 1228 71 40 ed.
1463 1228 155 39 under
1649 1227 81 40 the
1765 1226 222 48 auspiçes
2020 1227 52 40 of
2103 1226 80 40 the

186 1284 123 48 Dept.
351 1286 53 40 of
428 1286 202 46 history,
662 1284 251 43 Columbia
945 1285 269 46 university
1251 1317 44 7 ...
1360 1295 73 28 no.
1606 1285 12 45 XVIII)

254 1341 1928 48 “The text of each tract in volumes II and III has been reproduced by
184 1400 81 40 the
287 1398 314 49 photo-offset
624 1407 194 40 process
845 1398 207 42 without
1079 1398 326 48 enlargement
1435 1409 53 29 or
1520 1397 499 47 reduction.”—Pref.,
2049 1409 40 37 p.
2121 1398 60 39 ix.

529 1463 91 33 CONTENTS.—I.
653 1455 354 49 Commentary.
1068 1456 344 47 Bibliography
1456 1461 64 42 (p.
1557 1455 477 50 [141]-145)—II-III.
181 1455 1984 99 Facsimiles.

237 1581 1942 53 © Sept. 15. 1934; 2c. and aff. Sept. 19; A 74974; Columbia univ. press.
262 1643 279 44 (34-31959)

178 1746 701 65 Hasltmd-Christensen,
915 1747 294 63 Henning.

252 1827 175 54 Tents
463 1828 60 52 in
559 1828 297 69 Mongolia
905 1827 338 70 (Yabonah)
1291 1827 341 53 adventures
1672 1829 113 52 and
1826 1827 356 69 experiences

179 1921 208 53 among
429 1906 94 52 the
568 1907 236 52 nomads
848 1905 64 54 of
956 1905 232 55 Central
1232 1905 160 68 Asia,
1437 1905 74 69 by
1557 1905 278 70 Henning
1879 1905 266 53 Haslund;

181 1984 312 53 translated
523 1984 151 51 from
701 1984 94 52 the
826 1984 257 54 Swedish
1112 1984 71 67 by
1211 1983 301 53 Elizabeth
1542 1983 250 69 Sprigge
1820 1984 110 53 and
1964 1983 214 55 Claude

182 2061 242 68 Napier;
454 2062 136 52 with
621 2065 67 49 64
714 2063 182 66 plates
922 2062 108 53 and
1060 2081 26 33 a
1117 2080 147 49 map.
1326 2062 136 52 New
1492 2061 181 69 York,
1701 2062 66 53 E.
1795 2063 63 51 P.
1889 2063 220 52 Dutton
2137 2064 39 50 &

179 2156 99 53 со.,
305 2141 107 53 inc.
448 2173 14 35 [
466 2146 18 22 c
489 2142 153 65 1934]

249 2212 1931 50 3 p. l., , ix-xvi, 366 p. front., ilius. (inch music) plates, ports., maps
192 2271 40 45 (1
270 2271 195 45 double)
535 2269 56 40 24½
625 2272 14 20 cm
673 2303 7 8 .

253 2326 161 41 “First
443 2326 225 41 edition.”

183 2396 50 51 ©
264 2400 127 47 Sept.
419 2401 68 38 26.
514 2399 113 39 1934;
684 2400 64 38 2c.
777 2401 93 38 and
900 2399 79 41 aff.
1012 2400 123 46 Sept.
1166 2400 53 38 27;
1275 2400 41 38 A
1343 2399 142 40 75533;
1543 2402 51 37 E.
1623 2401 50 39 P.
1702 2402 185 38 Dutton
1917 2401 38 40 &
1979 2412 81 35 со.,
2087 2402 91 40 inc.

261 2456 278 48 (34-31958)

178 2560 214 67 Heard,
425 2562 232 64 Gerald,
692 2565 168 49 1889-

248 2637 177 53 These
462 2637 282 69 hurrying
776 2656 190 50 years;
1007 2656 68 34 an
1112 2638 291 53 historical
1443 2639 234 67 outline,
1716 2640 307 51 1900-1933
2065 2671 14 34 [
2083 2638 73 70 by]

180 2713 211 55 Gerald
427 2716 214 52 Heard.
712 2715 136 52 New
886 2716 178 66 York,
1100 2715 227 55 Oxford
1364 2716 320 69 university
1717 2734 174 51 press,
1928 2720 149 48 1934.

249 2788 651 49 viii p., 1 l., , 363 p. 22cm.
184 2858 50 51 ©
265 2863 126 46 Sept.
419 2862 38 40 6.
482 2863 113 37 1934;
651 2862 65 39 2c.
745 2863 94 37 and
867 2861 80 40 aff.
979 2861 125 47 Sept.
1134 2862 46 37 21;
1244 2863 38 37 A
1310 2862 142 40 76028;
1511 2862 186 41 Oxford
1726 2863 127 38 univ.
1885 2872 149 38 press,
2063 2864 116 39 New

254 2920 141 41 York.
426 2920 89 38 inc.
590 2917 279 48 (34-31952)

176 3022 240 64 Hediey,
448 3023 227 63 George
705 3024 63 52 P.

252 3101 48 49 A
344 3099 293 55 Christian
680 3117 150 49 year,
869 3101 73 66 by
981 3100 219 68 George
1239 3102 65 51 P.
1344 3087 128 75 Sped
1481 3103 105 65 ley.
1662 3102 138 51 New
1839 3101 178 51 York.
2056 3100 121 51 The

181 3177 328 53 Macmillan
544 3196 297 49 company,
876 3181 148 49 1934.

283 3248 610 48 x p., 1 l., 254 p. 19½ cm .
184 3319 49 51 ©
266 3324 124 47 Sept.
419 3324 66 40 18,
515 3324 111 37 1934;
687 3324 64 39 2c.
781 3324 93 37 and
904 3323 78 38 aff.
1016 3324 126 45 Sept.
1172 3324 51 37 19;
1283 3325 38 37 A
1351 3323 142 40 74985;
1553 3325 281 38 Macmillan
1863 3334 64 29 со.

260 3380 278 48 (34-31771)

174 3481 189 66 Heim,
401 3484 161 64 Karl,
600 3483 170 52 1874-

250 3559 117 52 Der
412 3559 388 67 evangelische
847 3559 203 68 glaube
1100 3560 110 52 und
1258 3560 100 52 das
1405 3560 219 53 denken
1673 3560 99 52 der
1819 3566 331 63 gegenwart;

177 3638 330 66 grundzüge
533 3637 152 51 einer
709 3636 364 53 christlichen
1100 3637 578 69 lebensanschauung,
1704 3655 109 36 von
1842 3639 54 52 d.
1923 3638 85 54 dr.
2030 3638 147 53 Karl

181 3714 1833 71 Heim ... 1. bd. Berlin. Furohe-verlag g. m. b. h. [ 1934]
250 3789 355 49 250 p. 22 ½ cm .
256 3847 427 46 “Anmerkungen”
730 3847 64 47 (v.
831 3846 48 40 1)
927 3847 215 39 includes
1178 3847 397 48 bibliographical
1615 3847 241 41 material.

185 3913 1988 55 © Mar. 22, 1934; 1c. June 14; A -Foreign 24840; Furche-verlag. g. m.
253 3975 39 38 b.
321 3976 42 38 b.
435 3975 278 47 (34-31437)
