2350 4296
0 0 0 0 1481
154 356 209 67 Baker,
397 359 325 64 Margaret,
755 362 170 49 1890-

219 434 185 54 Pollie
429 434 127 53 who
584 435 100 53 did
713 454 59 35 as
800 436 96 52 she
925 454 112 34 was
1066 435 136 67 told,
1229 434 73 66 by
1330 434 297 67 Margaret
1655 434 191 52 Baker;
1908 430 243 70 pictures

152 515 70 65 by
250 512 170 68 Mary
453 512 204 52 Baker.
757 513 139 52 [New
926 511 179 68 York]
1141 512 190 67 Dodd,
1361 512 170 52 Mead
1562 514 45 49 &
1639 528 278 50 company
1972 514 174 64 [c1934]

224 586 112 50 [100]
368 597 42 37 p.
440 586 108 40 incl.
580 587 162 46 front.,
771 586 128 40 illus.
960 585 237 41 16×21cm.

223 643 287 40 Illustrated
545 643 362 47 lining-papers.

155 708 51 51 ©
233 712 115 40 Nov.
407 742 7 16 1,
443 711 139 43 1934;
611 712 66 41 2c.
705 713 118 39 Nov.
850 713 52 40 5:
933 723 80 28 aff.
1042 713 117 39 Nov.
1187 711 51 42 9;
1270 713 39 36 A
1335 709 169 42 76995;
1536 712 153 41 Dodd,
1717 713 142 38 Mead
1886 712 39 40 &
1951 721 80 36 co.,
2061 711 90 40 inc.

232 769 279 48 (34-37246)

153 872 324 65 Boulestin,
510 874 69 55 X.
612 876 236 53 Marcel.

223 948 238 68 Having
502 952 220 50 crossed
764 951 94 52 the
901 951 238 51 channel…
1302 951 73 64 by
1418 950 76 51 X.
1534 950 80 51 M.
1656 952 315 61 Boulestin,
2012 950 138 52 with

151 1026 380 55 illustrations
579 1027 73 66 by
700 1028 56 53 J.
804 1028 68 52 E.
919 1027 346 53 Laboureur.
1347 1027 258 63 London,
1652 1027 90 54 W.
1789 1026 362 53 Heinemann

150 1105 103 52 ltd.
294 1107 172 63 [1934]

219 1175 1025 50 4 p. l., 188 p. col. front., illus. 19cm.
222 1233 66 38 “A
319 1231 128 43 little
478 1233 254 41 collection
763 1233 52 41 of
846 1243 177 38 scenes,
1056 1233 327 49 impressions,
1415 1233 296 47 excursions,
1744 1234 282 41 itineraries
2054 1235 93 39 and

154 1288 159 42 useful
355 1289 319 41 information
716 1291 148 40 about
905 1290 150 40 meals
1098 1291 49 38 in
1188 1291 139 39 those
1367 1292 139 46 parts
1547 1290 51 40 of
1642 1290 184 41 France
1868 1292 159 40 where
2069 1291 81 42 the

154 1345 110 41 food
295 1347 96 39 and
426 1347 82 41 the
539 1347 149 40 wines
721 1358 84 30 are
840 1348 117 45 best,
989 1347 103 39 also
1125 1346 147 41 about
1304 1348 188 38 several
1527 1348 160 47 places
153 1347 1981 99 abroad.”—Foreword.

154 1468 1996 57 © 1c. Nov. 1. 1934; A ad int. 19520; pubd. Sept. 3; X. M. Boulestin,
221 1532 211 41 London.
504 1531 280 49 (34-37620)

149 1633 140 68 Bye,
321 1637 310 62 Raymond
661 1636 234 64 Taylor,
929 1638 170 49 1892-

217 1709 1934 73 Principles of economics, by Raymond T. Bye … 3d ed.
151 1789 136 54 New
314 1790 180 68 York,
517 1791 67 52 F.
611 1789 56 56 S.
698 1789 199 56 Crofts
924 1793 47 50 &
995 1808 98 50 co.,
1122 1791 150 52 1934.

221 1863 80 44 vii,
332 1863 85 41 508
445 1874 44 37 p.
550 1863 181 47 diagrs.
793 1862 147 42 23½cm·

220 1916 1931 54 “First printing, November, 1924 … Twelfth printing, August, 1934.”
221 1974 344 52 “Suggestions
595 1976 80 42 for
703 1977 197 41 further
929 1976 229 48 reading”
1190 1978 51 37 at
1271 1977 91 40 end
1395 1976 51 40 of
1479 1977 116 39 each
1628 1977 213 47 chapter.

154 2046 50 51 ©
237 2050 131 49 Sept.
395 2050 68 42 13,
493 2049 141 47 1934;
667 2049 66 41 2c.
763 2049 101 41 Oct.
897 2050 51 40 5;
982 2048 81 42 aff.
1100 2048 126 49 Sept,
1256 2047 82 43 29;
1372 2049 39 38 A
1444 2048 169 40 76330:
1646 2050 50 37 F.
1732 2050 43 39 S.
1807 2049 165 41 Crofts
2004 2051 34 38 &
2070 2060 80 39 co.,

221 2107 87 40 inc.
382 2106 281 47 (34-37219)

150 2207 241 69 Chafee,
426 2209 344 65 Zechariah,
806 2214 170 50 1885-

218 2285 170 56 Cases
428 2304 72 35 on
540 2285 211 70 equity,
793 2285 368 69 jurisdiction
1201 2287 113 52 and
1354 2285 226 69 specific
1618 2284 417 71 performance,
2077 2285 74 69 by

149 2363 1977 135 Zechariah Chafee, jr. … and Sidney Post Simpson … Volume I.
408 2443 364 69 Cambridge,
799 2447 192 65 Mass.,
1021 2445 119 53 The
1170 2443 228 70 editors,
1429 2447 149 49 1934.

218 2519 102 48 xiii,
349 2519 83 39 870
459 2530 40 36 p.
556 2518 163 46 front.,
748 2520 170 46 plates,
948 2521 163 45 ports.,
1141 2527 148 40 maps.
1348 2518 116 40 24cm.

153 2585 54 51 ©
240 2588 128 50 Sept.
399 2589 38 41 5,
469 2588 140 47 1934;
644 2588 66 40 2c.
742 2589 95 39 and
870 2588 80 40 aff.
983 2589 118 41 Nov.
1134 2590 51 45 5;
1220 2590 43 38 A
1293 2588 170 48 76911;
1499 2590 47 39 Z.
1580 2590 197 40 Chafee.
1808 2590 75 46 jr.,
1919 2590 95 39 and
220 2589 1914 105 Sidney
347 2647 50 40 P.
436 2646 235 47 Simpson,
710 2646 301 48 Cambridge,
1049 2646 146 41 Mass.
1267 2646 280 47 (34-37224)

149 2746 151 68 Cole,
332 2750 226 64 George
589 2750 262 64 Douglas
880 2751 276 64 Howard,
1189 2753 169 49 1889-

215 2826 57 52 A
304 2825 170 70 guide
508 2825 253 69 through
795 2826 182 53 world
1011 2825 184 55 chaos.
1300 2826 107 54 〈Ed.
1441 2825 66 54 of
1542 2829 136 49 1934〉
1746 2826 73 69 by
1856 2826 67 55 G.
1961 2827 72 53 D.
2071 2827 76 53 H.

147 2901 1266 71 Cole … New York, A. A. Knopf, 1934.
221 2976 165 48 xxxvi,
413 2975 98 48 554,
540 2975 99 47 xix,
715 2995 11 29 [1]
753 2985 42 38 p.
856 2976 126 39 illus.
1014 2976 159 48 (map)
1209 2975 180 47 diagrs.
1445 2975 147 41 21½cm.

219 3032 67 40 “A
316 3034 137 39 short
480 3032 258 41 book-list”:
795 3041 43 40 p.
887 3032 234 41 [551]-554.

152 3103 50 51 ©
228 3106 100 41 Oct.
355 3108 39 45 1,
422 3105 113 41 1934;
592 3105 67 40 2c.
681 3107 97 38 and
805 3105 81 39 aff.
916 3104 100 41 Oct.
1045 3106 24 38 5;
1127 3107 39 38 A
1192 3105 143 40 76374;
1393 3105 50 40 G.
1474 3107 54 37 D.
1558 3107 58 37 H.
1648 3106 124 46 Cole,
1800 3107 215 40 London.

228 3162 281 50 (34-37218)

149 3266 220 65 Colvin,
396 3267 103 52 Ian
528 3267 264 54 Duncan.

281 3341 1869 72 … The life of Lord Carson, by Ian Colvin. [v. 2] London,
203 3422 145 54 Victor
374 3422 292 67 Gollancz,
692 3423 123 67 ltd.,
845 3426 149 50 1934.

216 3495 84 42 446
329 3507 42 36 p.
427 3496 163 40 front.,
620 3498 170 45 plates,
819 3498 123 46 port.
1000 3495 145 42 22½crn.

152 3560 1997 57 © 1c. Dec. 11, 1934: A ad int. 19723; pubd. Oct. 15; Macmillan co., New
220 3625 143 40 York.

150 3725 208 68 Cooke,
388 3729 204 53 James
622 3727 264 62 Francis,
920 3729 171 54 1875-

212 3804 244 56 Musical
484 3809 375 64 travelogues,
886 3806 75 66 by
987 3805 194 54 James
1207 3804 240 54 Francis
1476 3805 214 65 Cooke;
1723 3805 147 52 little
1898 3805 163 53 visits
2089 3810 57 48 to

148 3881 1823 71 European musical shrines for the casual traveler, the music
