2350 4196
1092 4003 97 51 917

143 361 336 64 Merriman,
512 361 194 62 Roger
733 358 277 65 Bigelow.

211 438 121 51 The
373 438 108 51 rise
523 435 63 53 of
625 438 95 50 the
764 435 247 68 Spanish
1054 434 213 67 empire
1307 435 60 50 in
1408 434 97 50 the
1545 433 115 54 Old
1702 432 179 53 world
1925 432 111 50 and
2077 433 59 51 in

140 509 1996 73 the New, by Roger Bigelow Merriman … Volume IV. Philip
140 594 94 52 the
277 593 274 53 Prudent.
628 593 137 51 New
811 591 179 67 York,
1034 591 119 51 The
1197 588 333 54 Macmillan
1573 606 297 48 company,
1917 590 147 48 1934.

212 668 129 45 xxiv,
373 666 87 40 780
489 677 42 36 p.
591 666 135 39 front.
769 664 236 49 (facsim.)
1046 674 149 36 maps,
1229 663 155 39 tables
1413 662 137 48 (part
1579 662 143 47 fold.)
1791 661 55 38 22½
1880 662 43 20 cm
1930 692 8 8 .

147 719 50 51 ©
225 724 117 46 Aug.
367 724 68 45 14,
459 722 114 40 1934;
627 724 65 38 2c.
720 723 94 39 and
841 721 81 41 aff.
948 722 117 46 Aug.
1093 720 54 39 15;
1201 720 41 38 A
1268 719 143 40 73870;
1468 718 280 40 Macmillan
1777 727 67 30 co.

144 827 168 61 Metz,
340 827 174 63 Mary
543 826 186 65 Clare,
759 827 181 63 sister,
972 823 169 56 1907-

273 895 1866 74 … A flora of Bexar county, Texas … by Sister Mary Clare
142 974 1973 151 Metz … Washington, D. C., The Catholic university of America, 1934.
212 1125 1928 53 3 p. l., v-xiii, 214 p„ 1 L. incl. map. 23 cm . (Contribution from the
143 1185 262 49 Biological
441 1187 278 45 laboratory
750 1188 50 39 of
831 1189 80 38 the
947 1186 220 41 Catholic
1198 1184 271 47 university
1504 1185 50 39 of
1586 1184 224 40 America.
1884 1195 74 28 no.
1993 1183 80 48 16)

213 1244 64 40 At
300 1245 124 39 head
450 1244 51 39 of
526 1243 134 40 title:
687 1245 99 39 The
814 1243 220 40 Catholic
1061 1242 270 46 university
1359 1242 52 39 of
1436 1241 236 39 America.

213 1300 171 40 Thesis
422 1300 105 48 (PH.
586 1299 329 48 D.)—Catholic
942 1299 269 46 university
1240 1299 52 39 of
1318 1297 236 49 America,
1583 1296 127 42 1934.

214 1354 344 50 Biographical
591 1358 154 39 items.

149 1411 50 51 ©
230 1416 125 38 June
383 1416 67 46 27,
482 1415 138 41 1934;
653 1416 66 40 2c.
749 1417 95 38 and
875 1414 79 40 aff.
987 1415 115 47 July
1130 1414 51 47 9;
1212 1415 40 37 A
1284 1413 169 41 73366;
1487 1414 221 40 Catholic
1739 1412 128 41 univ.
1899 1413 52 40 of
219 1413 1906 99 America.
378 1471 280 49 (34-20583)

142 1576 217 64 Meyer,
395 1576 323 60 Wendelin,
757 1579 170 49 1882-

213 1650 223 70 Rosary
488 1652 276 68 thoughts
817 1651 92 53 for
964 1651 222 68 priests,
1241 1651 76 68 by
1373 1651 138 52 Rev.
1567 1650 305 54 Wendelin
1929 1650 215 69 Meyer,

181 1772 7 8 O.
256 1772 7 8 F.
350 1771 9 9 M.;
420 1730 142 52 done
588 1730 121 53 into
737 1730 245 68 English
1008 1730 76 68 by
1114 1728 86 55 Sr.
1228 1729 80 52 M.
1337 1729 258 68 Liguori.
1661 1728 179 55 Stella
1871 1728 274 68 Niagara,

144 1805 68 53 N.
243 1808 90 67 Y.,
362 1807 208 55 Sisters
601 1807 64 53 of
696 1807 82 55 St.
810 1808 238 53 Francis
1085 1841 12 33 [
1102 1813 18 22 c
1125 1810 150 64 1934]

219 1882 98 48 108,
364 1883 41 50 [2]
436 1894 58 37 p.,
524 1884 25 38 1
601 1915 7 8 l.
664 1894 61 37 pl.
785 1883 58 40 16
842 1885 44 21 cm
891 1913 7 9 .

151 1936 50 51 ©
241 1941 125 38 June
405 1940 37 46 8,
482 1940 140 40 1934;
664 1941 67 39 2c.
771 1940 125 40 June
936 1940 81 46 20;
1060 1939 80 41 aff.
1179 1940 126 39 June
1344 1939 82 48 26;
1468 1940 41 38 A
1547 1939 171 47 72997;
1764 1939 179 41 Sisters
1983 1939 52 40 of
2078 1940 66 40 St.

217 1996 216 41 Francis.
505 1997 279 47 (34-20730)

142 2098 268 66 Newton,
440 2100 100 55 Sir
567 2101 186 64 Isaac,
787 2098 325 55 1642-1727.

217 2174 95 55 Sir
342 2177 163 52 Isaac
535 2176 286 53 Newton’s
852 2176 432 52 Mathematical
1315 2175 312 69 principles
1662 2175 63 53 of
1753 2177 232 51 natural
146 2174 1974 148 philosophy
415 2255 113 52 and
560 2255 87 52 his
681 2253 226 70 System
939 2253 63 54 of
1031 2255 96 51 the
1160 2253 198 69 world,
1391 2253 318 54 translated
1742 2255 122 52 into
1898 2252 245 70 English

145 2329 74 69 by
247 2331 252 54 Andrew
527 2332 185 53 Motte
739 2333 60 51 in
831 2331 150 55 1729.
1047 2333 120 52 The
1197 2332 371 53 translations
1600 2332 238 67 revised,
1869 2333 114 53 and
149 2349 1970 126 supplied
329 2411 139 52 with
496 2429 72 33 an
593 2410 295 53 historical
917 2411 114 52 and
1058 2410 377 69 explanatory
1464 2410 310 69 appendix,
1802 2410 78 69 by
1906 2411 238 52 Florian

148 2485 1997 73 Cajori … Berkeley, Calif., University of California press,
148 2568 148 51 1934.

214 2649 145 39 xxxv,
389 2638 86 42 680
501 2649 44 37 p.
574 2640 108 39 incl.
710 2639 134 40 front.
888 2639 170 48 (port.)
1097 2640 201 47 facsim.,
1331 2639 178 48 diagrs.
1569 2639 57 40 26
1631 2641 42 21 cm
1678 2671 7 7 .

221 2694 134 42 With
395 2696 340 47 reproduction
775 2696 51 40 of
865 2696 82 40 the
986 2697 97 46 t.-p.
1124 2697 51 38 of
1212 2697 81 39 the
1333 2696 76 40 1st
1448 2695 183 41 edition
1672 2697 52 39 of
1763 2697 81 40 the
1884 2696 261 48 Principia,

149 2750 208 50 London,
385 2752 127 41 1687.

219 2808 240 41 “Editor’s
489 2810 111 39 note
632 2811 48 38 to
713 2810 84 40 the
827 2810 196 46 present
1057 2808 238 41 revision”
1330 2808 194 49 signed:
1558 2810 56 39 R.
1647 2809 51 40 T.
1735 2809 269 41 Crawford.

153 2864 53 51 ©
228 2868 124 39 June
377 2867 69 48 21,
471 2867 140 47 1934;
637 2869 67 38 2c.
731 2868 124 39 June
880 2867 82 45 27;
991 2866 80 41 aff.
1097 2868 114 47 July
1237 2867 52 47 9;
1317 2868 41 38 A
1382 2868 171 47 73371;
1582 2868 211 48 Regents
1819 2869 52 40 of
1896 2868 80 40 the
2005 2869 140 40 Univ.

220 2925 51 39 of
299 2923 286 48 California,
617 2925 249 47 Berkeley,
898 2924 160 41 Calif..
1116 2924 278 48 (34-20582)

145 3024 167 55 Ohio.
386 3027 278 67 Supreme
698 3034 174 50 court.

216 3103 1930 72 Reports of cases argued and determined … Reported by
147 3181 56 54 J.
240 3185 63 50 L.
342 3185 89 53 W.
470 3184 260 66 Henney,
772 3184 274 67 Supreme
1084 3190 162 46 court
1281 3191 271 60 reporter.
1628 3186 138 52 New
1804 3186 187 66 series,
147 3188 1972 125 volume
518 3305 9 9 CXXVIT.
605 3260 326 67 Columbus,
966 3262 119 52 The
1120 3264 62 50 F.
1217 3264 55 54 J.
1308 3264 155 51 Heer
1494 3263 265 67 printing
1791 3282 97 48 co.,
1924 3267 149 48 1934.

224 3334 122 47 xciv,
377 3335 84 39 712
493 3346 40 36 p.
593 3336 55 37 22
654 3337 42 20 cm
703 3368 6 6 .

155 3387 50 51 ©
231 3391 115 47 July
371 3391 68 47 18,
465 3391 138 46 1934;
630 3393 65 38 2c.
722 3392 119 47 Aug.
868 3391 80 47 18;
977 3391 80 41 aff.
1084 3392 116 47 Aug.
1228 3392 82 47 17;
1337 3393 41 38 A
1403 3393 141 40 74633;
1600 3393 128 40 John
1753 3394 50 39 L.
1830 3394 70 39 W.
1928 3393 216 48 Henney,

223 3448 79 39 for
327 3449 79 39 the
432 3451 127 37 state
585 3449 49 38 of
662 3448 135 48 Ohio,
825 3448 272 48 Columbus,
1125 3449 51 39 O.

152 3536 211 68 [Porte,
394 3539 129 63 Roy
552 3537 250 69 Trewin]
841 3538 171 54 1876-

226 3613 120 52 The
383 3614 204 67 golden
625 3632 102 50 age
764 3614 63 53 of
864 3614 275 69 printing.
1216 3614 125 54 Salt
1379 3614 154 53 Lake
1572 3614 151 70 City,
1760 3615 175 69 Utah,
1974 3615 171 54 Porte

155 3691 333 62 publishing
518 3710 294 43 company,
845 3695 148 51 1934.

230 3762 82 49 [62]
351 3774 43 36 p.
459 3763 59 40 16½
547 3766 45 21 cm
597 3795 7 7 .

227 3819 912 49 “Copyrighted … by R. T. Porte.”
157 3876 50 51 ©
237 3881 127 40 June
392 3882 39 47 1,
462 3881 140 47 1934;
635 3883 67 39 2c.
735 3882 95 39 and
861 3881 80 40 aff.
975 3882 115 47 July
1122 3882 80 47 16;
1236 3883 41 38 A
1307 3884 170 47 73472;
1513 3883 56 41 R.
1601 3884 51 40 T.
1685 3885 158 46 Porte,
1879 3884 107 41 Salt
2015 3884 134 40 Lake

225 3937 122 48 City.
417 3938 279 48 (34-20603)
