2350 4296
1134 4013 65 53 27

183 357 184 64 Miles,
447 401 13 12 O.
488 359 63 55 P.

249 435 283 67 Messages
559 441 56 44 to
645 435 95 51 the
768 434 227 67 people;
1029 452 30 33 a
1087 432 166 55 series
1283 433 63 51 of
1373 434 175 65 short,
1578 432 353 67 interesting,

183 427 1965 157 beautiful,
329 511 289 69 inspiring
660 529 186 50 essays
892 530 70 33 on
1006 512 211 52 human
1260 510 105 53 life
1409 513 111 50 and
1565 511 346 67 experience,
1952 511 75 65 by
2071 512 102 52 Dr.

180 591 65 52 O.
277 592 64 52 P.
372 590 195 66 Miles;
603 599 57 43 to
690 589 215 68 inspire
937 590 177 65 youth
1146 595 57 46 to
1233 587 205 68 higher
1468 588 196 65 ideals,
1696 588 112 51 and
1838 588 164 53 noble
2034 588 140 53 lives

178 668 62 51 of
267 666 331 57 usefulness.
674 668 135 53 And
839 675 57 44 to
924 666 210 68 supply
1163 667 210 52 themes
1402 667 112 51 and
1541 664 263 55 material
1834 665 93 53 for
1955 666 220 52 writers

179 747 109 51 and
324 746 280 67 speakers,
639 752 57 46 to
731 747 128 66 give
894 746 213 51 human
1141 744 233 53 interest
1407 745 112 51 and
1554 743 345 68 inspiration
1935 750 57 45 to
2027 744 146 51 their

180 824 379 67 productions.
637 823 219 66 Butler,
888 824 149 66 Ind.,
1070 823 119 53 The
1219 821 220 68 Higley
1471 820 262 69 printing
1764 839 77 34 co.
1880 854 13 33 [
1897 826 18 22 c
1922 825 132 49 1933
2064 855 9 32 ]

249 894 782 50 190 p. front. (port.) 20½ cm .
182 949 49 51 ©
258 955 110 37 Dec.
395 953 69 44 15,
490 953 141 45 1933;
660 954 67 39 2c.
754 954 111 39 Dec.
965 964 9 34 18;
1005 953 81 39 aff.
1115 953 105 40 Jan.
1250 952 39 44 2,
1318 951 140 45 1934;
1489 952 41 38 A
1555 950 171 47 67823;
1757 951 177 47 Higley
1962 950 217 47 printing

246 1020 65 28 co.
385 1008 247 48 (34-1009)

204 1097 279 65 [Mitchell,
510 1100 52 53 J.
589 1099 207 65 Leslie]

307 1168 1868 77 … Cloud howe. Garden City, N. Y., Doubleday, Doran &
178 1269 292 52 company,
514 1251 124 69 inc.,
685 1256 147 48 1934.

248 1325 24 38 7
308 1334 40 37 p.
419 1355 8 16 l.,
462 1324 144 40 3-308
641 1336 42 35 p.
745 1324 56 40 20
803 1326 43 21 cm
853 1357 8 7 .

248 1381 228 41 Author’s
506 1382 178 48 pseud.,
717 1382 155 40 Lewis
902 1382 197 41 Grassic
1130 1382 197 48 Gibbon,
1359 1388 50 35 at
1438 1383 124 41 bead
1591 1384 52 39 of
1670 1384 120 40 title.

247 1438 159 40 “First
445 1437 225 42 edition.”

181 1495 49 51 ©
260 1501 93 38 Jan
396 1499 67 43 16.
491 1500 139 40 1934;
660 1502 66 37 2c.
755 1500 95 40 and
879 1500 81 39 aff.
989 1500 110 40 Jan.
1126 1498 80 43 19;
1239 1501 39 37 A
1306 1500 170 47 69058;
1507 1500 299 47 Doubleday,
1837 1502 165 38 Doran
2032 1502 37 39 &
2097 1511 80 35 co.,

246 1556 89 39 inc.
408 1556 249 48 (34-1168)

180 1646 258 64 Moffatt,
466 1648 153 51 John
650 1648 272 63 Edward,
956 1651 164 48 1894-

250 1723 168 52 Taste
459 1723 111 54 and
611 1743 113 44 see;
766 1722 201 70 simple
1010 1723 309 57 reflections
1360 1744 70 33 on
1473 1743 102 35 our
1615 1725 157 70 daily
1813 1743 251 52 prayers,
2107 1727 69 68 by

174 1801 53 52 J.
259 1801 66 55 E.
353 1798 250 59 Moffatt,
662 1845 8 8 S.
736 1847 9 7 J.
801 1801 357 70 Milwaukee,
1184 1804 119 53 The
1332 1803 182 53 Bruce
1540 1804 336 69 publishing
1902 1823 275 51 company

181 1881 171 66 [1933]

246 1950 57 40 64
340 1961 43 38 p.
449 1951 56 41 17½
537 1954 44 21 cm
587 1984 7 7 .

180 2007 51 51 ©
258 2014 110 38 Dec.
397 2012 37 47 8,
462 2013 139 41 1933;
630 2014 65 38 2c.
724 2015 94 38 and
848 2013 79 39 aff.
955 2014 109 39 Jan.
1092 2014 40 47 2,
1160 2013 139 48 1934;
1330 2016 41 38 A
1398 2016 170 47 67812;
1598 2018 158 40 Bruce
1784 2019 108 46 pub.
1921 2029 66 29 co.

256 2069 249 49 (34-1085)

179 2159 232 63 Morris,
440 2159 268 55 Winfield
741 2162 185 55 Scott.

247 2235 182 67 Jesus,
473 2235 160 68 King
675 2238 61 49 of
777 2235 184 70 kings,
1003 2238 72 68 by
1119 2237 268 56 Winfield
1432 2240 161 55 Scott
1636 2242 226 53 Morris.
1945 2244 232 69 Boston,

177 2314 234 53 Meador
446 2313 333 70 publishing
811 2332 294 53 company,
1140 2319 149 51 1933.

247 2385 659 50 152 p. incl. front. 21c m .
180 2441 51 52 ©
266 2448 107 38 Jan.
407 2447 38 47 2,
479 2447 140 47 1934;
655 2448 67 40 2c.
758 2448 108 40 Jan.
901 2450 51 46 2;
991 2448 78 40 aff.
1106 2450 108 41 Jan.
1249 2453 52 45 3;
1338 2453 41 38 A
1413 2453 169 47 68744;
1621 2456 213 39 Edward
1868 2456 59 40 K.
1964 2458 213 45 Meador,

247 2504 195 39 Boston.
517 2504 250 46 (34-1089)

179 2592 321 66 Naismith,
532 2595 204 56 Grace.

246 2670 1622 78 Hagar’s child, by Grace Naismith … New York,
177 2679 1973 143 The Macaulay company [ c 1934]
249 2819 87 41 320
361 2832 43 37 p.
465 2821 56 41 19½
553 2825 43 21 cm
602 2855 9 7 .

182 2874 50 50 ©
261 2879 107 38 Jan.
398 2879 67 48 15,
495 2880 114 39 1934;
666 2881 66 39 2c.
763 2883 94 38 and
887 2882 81 40 aff.
998 2884 109 39 Jan.
1136 2884 81 47 17;
1248 2885 41 38 A
1318 2886 169 47 69031;
1521 2888 260 39 Macaulay
1811 2900 64 29 co.

256 2934 249 48 (34-1049)

179 3024 278 55 National
486 3028 317 52 industrial
830 3030 347 56 conference
1204 3033 202 55 board.

245 3101 335 55 Individual
613 3107 109 50 and
756 3107 288 54 collective
1075 3108 346 71 bargaining
1451 3113 180 52 under
1661 3115 95 52 the
1787 3117 69 51 N.
1888 3117 47 51 I.
2029 3162 8 7 R.
2073 3119 99 63 A.;

177 3199 27 31 a
240 3181 302 54 statistical
575 3184 169 66 study
781 3184 63 53 of
880 3191 226 62 present
1141 3188 263 68 practice,
1440 3191 335 66 November,
1813 3198 148 49 1933.
2038 3196 136 51 New

180 3257 173 62 York,
384 3259 272 54 National
684 3260 307 56 industrial
1020 3265 328 54 conference
1377 3268 197 58 board,
1605 3270 124 66 inc.,
1761 3275 148 50 1933.

251 3328 61 42 ix.
345 3332 54 39 37
430 3343 41 36 p.
533 3332 53 40 23
591 3335 42 21 cm
639 3366 8 7 .

251 3386 1925 57 “This monograph was prepared by Mr. Harold F. Browne … under
177 3443 305 46 supervision
515 3446 51 38 of
599 3447 80 39 the
712 3448 118 40 staff
861 3450 255 39 Economic
1149 3451 569 46 council.”—Foreword.

180 3496 50 50 ©
267 3502 110 39 Dec.
413 3501 69 46 20,
519 3502 140 48 1933;
698 3504 65 40 2c.
803 3507 94 39 and
934 3507 81 40 aff.
1054 3507 108 42 Jan.
1199 3510 38 46 2,
1276 3510 139 47 1934;
1457 3512 39 38 A
1533 3512 170 48 68666;
1743 3515 115 39 Natl.
1911 3515 266 41 industrial

246 3558 281 41 conference
559 3562 161 39 board,
754 3561 87 41 inc.
916 3563 220 49 (34-877)

179 3646 140 53 New
348 3649 161 53 York
571 3650 190 65 (State)
846 3653 182 69 Laws,
1057 3662 254 61 statutes,
1341 3665 100 48 etc.

242 3724 279 57 Medina’s
547 3730 137 51 New
712 3731 163 53 York
901 3733 134 53 civil
1061 3736 248 65 practice
1333 3740 250 66 manual,
1610 3742 139 51 with
1782 3747 133 49 1933

175 3740 1995 137 supplement, by Harold R. Medina … 3d ed. New York city,
175 3877 219 70 George
421 3883 199 69 Grady
648 3903 173 52 press,
851 3888 104 54 inc.
1012 3893 150 64 [1933]
