2350 4196
1136 4004 100 48 438

181 372 226 63 Sloane,
438 372 169 54 Ross.

317 446 1648 66 … Great lover. New York, W. Godwin, inc., 1934.
253 521 84 39 272
369 532 44 37 p.
475 520 144 40 19½cm.

257 579 63 39 At
346 579 123 39 head
496 578 50 40 of
571 577 108 40 title:
737 577 71 47 By
836 577 121 40 Ross
986 577 186 40 Sloane.

190 633 50 51 ©
270 638 111 46 Apr.
409 638 39 37 4.
477 636 139 45 1934;
647 636 66 39 2c.
742 636 111 46 Apr.
884 634 50 46 9;
966 634 79 39 aff.
1076 634 111 47 Apr.
1216 635 80 46 12;
1328 635 41 38 A
1396 635 169 45 71222;
1597 634 214 40 William
1841 634 214 48 Godwin,
2085 636 89 40 inc.

267 693 249 49 (34-8576)

184 795 152 65 Slye,
366 796 197 64 Maud,
596 794 171 53 1879-

259 872 183 69 Songs
470 872 112 52 and
607 873 225 65 solaces,
859 872 74 66 by
955 871 179 52 Maud
1161 870 149 69 Slye.
1373 873 232 65 Boston,
1631 871 189 67 Mass.,
1846 872 119 52 The

187 871 1968 132 Stratford
353 968 279 50 company
669 952 191 64 [c1934]

256 1021 625 51 3 p. l., x , 416 p. 20½cm.
191 1078 50 51 ©
276 1083 111 46 Apr.
421 1081 38 47 6,
493 1080 113 40 1934;
668 1081 65 39 2c.
768 1081 112 46 Apr.
915 1078 51 48 9;
1004 1080 80 41 aff.
1119 1081 111 47 Apr.
1265 1081 80 46 10;
1383 1082 39 37 A
1456 1081 169 47 71195;
1666 1082 249 41 Stratford
1950 1094 79 36 co.,
260 1083 1898 95 publishers.
520 1136 248 49 (34-8157)

185 1240 214 65 Smith,
430 1241 224 54 Walter
682 1241 253 56 Vernon.

258 1318 165 51 Tales
456 1316 63 52 of
550 1318 94 50 the
681 1316 249 68 Spanish
963 1316 321 69 southwest,
1318 1317 199 53 stories
1551 1317 64 53 of
1646 1318 96 53 the
1777 1317 248 69 Spanish
2059 1319 121 53 rule

188 1395 60 52 in
290 1394 341 67 California,
673 1395 137 51 New
849 1395 238 68 Mexico,
1127 1394 268 67 Arizona,
1438 1396 111 52 and
1588 1396 199 66 Texas,
1825 1396 171 54 based
2036 1416 72 35 on
2148 1417 31 34 a

188 1472 343 67 vocabulary
566 1472 63 52 of
663 1473 94 51 the
791 1475 137 49 2500
962 1473 184 52 words
1180 1472 63 52 of
1276 1477 246 64 greatest
1557 1473 324 68 frequency,
1916 1475 138 52 with

189 1494 1967 124 exercises and complete vocabulary, by Walter Vernon Smith …
190 1627 1990 68 and Raymond Leonard Grismer … New York, H. Holt and
189 1724 278 49 company
510 1708 191 63 [c1934]

295 1779 1323 48 xi, 181, L p. incl. front., illus., ports., map. 17½cm.
195 1832 50 51 ©
277 1838 119 38 Mar.
428 1837 68 39 26,
528 1836 114 40 1934;
702 1836 66 39 2c.
800 1837 121 39 Mar.
952 1835 56 41 30:
1069 1835 79 39 aff.
1179 1836 113 47 Apr.
1325 1837 27 39 6;
1410 1837 41 38 A
1482 1837 141 40 70946;
1686 1839 167 47 Henry
1884 1840 121 40 Holt
2035 1840 35 40 &
2100 1851 80 36 co.,

260 1894 90 39 inc.
421 1892 250 48 (34-8558)

189 1994 187 53 South
409 1998 237 50 eastern
678 2001 270 62 reporter.
1027 1995 165 53 Cases
1226 1998 213 66 argued
1473 1999 111 50 and
1617 1999 349 53 determined
1996 2001 59 52 in
2088 2003 94 51 the

263 2074 273 67 Supreme
572 2080 186 46 courts
794 2074 62 51 of
890 2075 232 67 appeals
1159 2075 61 50 of
1254 2076 269 66 Virginia
1559 2077 111 51 and

1703 2079 157 52 West
1898 2080 283 66 Virginia.

262 2150 274 69 Supreme
567 2156 185 50 courts
783 2153 61 52 of
875 2153 186 52 North
1094 2153 267 54 Carolina
1393 2155 112 51 and
1537 2155 181 53 South
1751 2157 286 67 Carolina,
2071 2160 110 51 and

264 2230 275 68 Supreme
573 2237 161 45 court
771 2232 109 50 and
920 2232 177 53 Court
1133 2230 62 52 of
1232 2233 231 66 appeals
1502 2233 61 51 of
1600 2233 263 68 Georgia,
1902 2235 137 53 with
2075 2237 107 67 key

258 2309 237 51 number
564 2308 377 52 annotations,
1058 2353 8 8 v.
1172 2309 79 51 171.
1328 2311 334 66 November,
1767 2315 416 56 1933-January,

297 2390 116 48 1934.
489 2387 82 54 St.
605 2389 165 63 Paul,
797 2388 156 52 West
986 2387 333 68 publishing
1351 2409 95 46 co.,
1482 2392 147 50 1934.

263 2462 95 40 xvi.
387 2460 113 40 1005
528 2472 40 36 p.
628 2461 149 47 diagr.
835 2461 116 40 26cm.

197 2514 55 52 ©
279 2520 118 37 Mar.
426 2517 69 40 19.
524 2517 113 40 1934;
695 2517 66 40 2c.
790 2518 112 46 Apr.
932 2517 80 40 20:
1045 2516 80 40 aff.
1154 2517 111 47 Apr.
1295 2518 81 45 25;
1407 2519 43 38 A
1477 2519 168 48 71391;
1678 2521 133 41 West
1841 2522 106 47 pub.
1978 2533 68 29 co.

192 2620 272 65 Spenser,
496 2622 291 63 Edmund,
823 2619 359 52 1552?-1599.

263 2699 120 51 The
421 2699 184 51 works
645 2698 65 51 of
746 2698 270 52 Edmund
1059 2698 256 66 Spenser.
1390 2699 57 50 A
1482 2697 290 52 variorum
1812 2697 83 51 ed.
1973 2697 210 52 Edited

192 2777 74 66 by
314 2777 208 50 Edwin
569 2777 314 54 Greenlaw.
933 2775 234 55 Charles
1213 2774 322 54 Grosvenor
1584 2775 246 66 Osgood,
1879 2775 306 52 Frederick

193 2856 245 66 Morgan
483 2854 334 53 Padelforcl.
923 2873 49 32 [v.
1020 2856 44 47 3.
1147 2853 117 51 The
1312 2854 201 51 Faerie
1555 2870 220 49 qveene,
1821 2853 145 52 book
2011 2854 172 53 three.

193 2932 308 53 Frederick
533 2935 244 65 Morgan
811 2931 334 65 Padelforcl,
1176 2932 209 65 special
1419 2932 200 64 editor]
1700 2932 331 58 Baltimore,
2067 2933 118 51 The

194 3012 183 54 Johns
403 3010 267 67 Hopkins
696 3029 174 48 press,
899 3012 148 49 1934.

270 3085 62 47 ix,
361 3085 85 39 432
475 3095 43 36 p.
575 3083 143 40 26½cm.

270 3142 130 38 Each
429 3143 188 37 volume
645 3141 89 38 has
763 3139 180 48 special
972 3142 95 43 t.-p.

271 3198 346 46 Bibliography:
678 3216 53 29 [v.
760 3197 56 47 3],
845 3207 43 36 p.
914 3194 216 41 431-32.

203 3247 1982 55 © May 3, 1934; 2c. and aff. May 8 ; A 71518; Johns Hopkins press. [©
267 3312 340 39 commentary,
638 3309 300 47 appendices,
970 3308 187 40 textual
1187 3308 253 46 appendix,
1462 3308 187 40 critical
1668 3311 149 45 notes,
1838 3308 348 49 bibliography]

195 3414 296 53 Standard
525 3412 222 53 brands
780 3411 423 64 incorporated.

268 3490 56 51 A
362 3489 229 51 treatise
629 3507 71 32 on
740 3489 134 51 cake
910 3488 261 66 making;
1211 3491 58 46 to
1309 3484 164 53 assist
1510 3485 95 50 the
1642 3481 173 53 baker
1853 3480 59 53 in
1951 3479 238 68 gaining

199 3568 94 51 the
337 3566 133 52 cake
513 3566 251 52 business
807 3566 184 51 which
1035 3563 201 53 should
1279 3561 219 68 rightly
1540 3561 66 52 be
1648 3560 103 52 his.
1828 3559 136 51 New
2010 3555 176 66 York,

200 3644 67 52 N.
298 3645 89 64 Y.,
416 3643 289 54 Standard
732 3641 210 54 brands
971 3640 395 67 incorporated
1415 3641 173 63 [c1933]

270 3717 97 45 375,
405 3717 54 48 [8]
494 3727 41 36 p.
594 3715 142 46 illus.,
773 3716 150 47 diagr.
985 3715 114 39 26cm.

272 3774 158 38 Blank
456 3783 145 37 pages
627 3772 77 39 for
733 3772 397 39 “Miscellaneous
1156 3768 162 41 notes”
1356 3767 139 49 ([6-8]
1525 3770 52 37 at
1602 3766 115 46 end)

273 3830 162 38 “First
469 3827 257 49 printing.”

207 3883 50 51 ©
286 3888 112 45 May
424 3887 37 45 5,
517 3885 82 40 1933;
656 3885 64 39 2c.
749 3886 93 38 and
870 3885 80 38 aff.
978 3885 111 46 Apr.
1118 3884 38 39 5.
1184 3882 113 40 1934;
1353 3881 40 38 A
1418 3881 141 39 71153;
1621 3879 242 41 Standard
1892 3878 178 39 brands
2097 3875 90 41 inc.

283 3943 249 48 (34-8333)
