2350 4196
1178 4007 132 49 1318

259 389 193 64 Milne,
486 389 152 54 Alan
674 389 348 64 Alexander,
1060 393 165 50 1882-

266 479 1959 132 … Peace with honour; with a special preface for the American edition.
727 558 137 53 New
899 559 178 58 York,
1113 560 64 51 E.
1214 560 63 50 P.
1314 559 222 52 Dutton
1568 561 46 50 &
1644 577 96 47 co.,
1775 559 104 51 inc.
1921 592 10 32 [
1938 566 17 20 c
1961 562 134 48 1934
2099 591 12 34 1

334 642 83 40 219
451 653 42 37 p.
586 641 25 40 19½c
662 644 26 20 m
694 674 8 7 .

336 714 64 38 At
425 713 124 39 head
579 713 52 39 of
657 714 133 39 title:
823 715 50 39 A.
903 715 53 39 A.
987 715 159 38 Milne.

338 770 162 39 “First
538 770 226 40 edition.”

269 842 50 50 ©
353 845 100 40 Oct.
485 845 37 40 8.
555 844 137 39 1934:
726 847 65 37 2c.
826 844 98 39 Oct.
957 844 81 40 10:
1073 844 79 39 aff.
1186 844 100 39 Oct.
1317 845 51 37 9:
1404 845 36 36 A
1472 843 168 41 76427:
1677 844 51 39 A.
1763 845 51 39 A.
1847 844 161 39 Milne.
2041 845 195 38 London

345 901 278 48 (34-33108)

263 1017 356 66 Montaigne,
652 1017 211 55 Michel
897 1018 266 62 Eyquem
1196 1020 87 61 de,
1319 1022 322 50 1533-1592.

335 1110 1917 67 The essays of Michel de Montaigne … Volume I. New
266 1189 178 53 York.
471 1190 71 52 A.
572 1191 71 52 A.
674 1189 222 67 Knopf,
930 1192 146 49 1934.

335 1276 730 48 xcix, [1], 434 p., 1 l. 23½ cm .
341 1344 316 42 “Translated
689 1345 94 40 and
809 1345 159 39 edited
998 1345 58 45 by
1084 1345 147 39 Jacob
1261 1344 215 39 Zeitlin."

340 1401 159 40 “First
531 1401 224 41 edition.”

269 1470 1871 51 © Oct. l. 1934: 2c. and aff. Oct. 5; A 76375: Alfred A. Knopf, inc.
346 1530 277 48 (34-33249)

268 1650 256 52 Nevada.
602 1652 180 63 Laws,
813 1656 254 59 statutes,
1099 1657 97 45 etc.

266 1738 1962 132 … Nevada compiled laws, 1929. 1934 pocket parts for volumes
269 1818 1985 145 I-VI … Containing all statutes of a general nature enacted by the Legislature of the state of Nevada at the sessions
266 1973 64 51 of
368 1977 129 48 1931
538 1975 110 50 and
688 1977 150 54 1933,
875 1972 275 55 classified
1187 1975 55 50 in
1285 1975 337 50 accordance
1661 1974 137 51 with
1837 1975 231 52 Nevada
267 1993 1962 124 compiled
452 2053 154 56 laws,
639 2055 149 48 1929.
820 2053 257 66 together
1109 2053 133 51 with
1280 2053 361 51 annotations
1674 2053 150 50 from
1855 2053 94 51 the
1979 2052 274 53 decisions

269 2129 62 51 of
372 2131 93 50 the
512 2129 273 67 Supreme
828 2136 158 46 court
1031 2129 61 51 of
1136 2131 250 57 Nevada,
1431 2131 109 50 and
1585 2131 62 50 of
1690 2132 92 49 the
1826 2135 185 47 courts
2055 2131 62 50 of
2158 2133 94 49 the

267 2207 216 53 United
525 2206 204 58 States,
770 2208 112 51 and
921 2227 26 32 a
989 2208 415 66 supplemental
1444 2209 200 64 digest.
1719 2209 385 52 Annotations
2144 2209 110 51 and

268 2284 186 68 digest
489 2287 140 51 close
668 2285 137 51 with
843 2304 147 33 cases
1027 2286 262 65 reported
1326 2285 54 52 in
1423 2291 62 43 55
1523 2287 136 50 Nev.
1701 2290 112 47 186.
1851 2290 64 48 28
1952 2289 131 50 Pae.
2117 2287 125 66 (2d)

270 2365 115 64 132,
424 2366 63 48 68
525 2364 62 50 F.
624 2363 126 66 (2d)
834 2363 297 67 Compiled
1172 2364 109 50 and
1322 2365 306 51 annotated
1665 2366 72 64 by
1778 2365 192 52 Curtis
2008 2367 244 50 Hillyer.

269 2438 118 54 San
415 2440 318 52 Francisco.
768 2441 404 54 Bender-Moss
1205 2460 294 48 company,
1535 2445 148 49 1934.

338 2527 28 39 6
388 2539 42 28 v.
490 2526 55 40 25
549 2530 43 19 cm
598 2560 7 7 .

341 2599 151 37 These
524 2599 270 46 pamphlets
826 2608 83 29 are
940 2601 47 36 to
1020 2599 54 37 be
1106 2597 136 39 fitted
1274 2598 101 39 into
1409 2599 80 38 the
1522 2600 195 45 pockets
1749 2602 49 35 at
1830 2601 80 36 the
1942 2599 120 39 back
2094 2599 50 38 of
2175 2599 81 40 the

270 2656 213 37 volumes
509 2655 51 38 of
586 2655 80 39 the
693 2658 72 35 set
793 2658 47 36 to
870 2654 155 40 which
1052 2656 114 45 they
1193 2655 180 45 belong.

273 2721 50 51 ©
357 2725 99 39 Oct.
486 2724 40 40 9.
557 2724 139 41 1934:
728 2728 66 38 2c.
825 2727 117 38 each
973 2727 93 37 and
1098 2724 77 40 aff.
1209 2725 98 39 Oct.
1339 2725 55 38 29:
1457 2727 38 37 A
1528 2725 140 40 76803:
1730 2727 341 38 Bender-Moss
2131 2737 39 30 co.

265 2842 322 66 Nüchtern,
621 2845 184 63 Hans,
841 2847 169 51 1896-

401 2934 1854 57 … Buch der brüder von Sankt Johann: von der ritter werk
266 3012 115 51 und
410 3028 135 49 weg.
611 3010 198 52 Berlin
844 3015 134 62 [etc.]
1014 3012 65 52 P.
1109 3013 256 66 Zsolnay,
1398 3014 149 50 1933.

337 3096 331 48 63 p. 21 ½ cm .
337 3168 163 40 Verse.

272 3234 1982 51 © Aug. 31, 1983: 1c. Nov. 21: A-Foreign 22805: Paul Zsolnay verlag,
341 3306 103 34 a.-g.
516 3293 277 49 (34-33859)

271 3412 172 64 Page,
473 3411 253 53 William
756 3412 274 64 Herbert,
1062 3432 81 33 ed.

339 3500 198 67 Page’s
578 3500 148 54 Ohio
767 3501 198 66 digest.
1041 3503 268 52 Lifetime
1349 3504 82 51 ed.
1507 3506 351 64 Temporary
1898 3503 355 66 supplement

272 3578 93 51 for
406 3577 246 52 volumes
695 3581 60 47 12
796 3583 57 45 to
895 3583 77 46 15.
1049 3580 82 51 To
1172 3582 139 65 July
1352 3584 45 62 1,
1440 3584 153 50 1934.…
1753 3581 343 52 Cincinnati.
2135 3580 119 51 The

269 3655 87 51 W.
398 3657 74 50 H.
515 3655 294 51 Anderson
855 3673 303 49 company:
1199 3657 415 67 Indianapolis,
1655 3660 118 52 The
1816 3647 438 64 Bobbs-Merrill

271 3736 503 63 company [ c 1934]
341 3818 282 40 cover-title.
654 3817 56 40 99
739 3829 40 36 p.
840 3817 58 40 26
898 3820 43 20 cm
948 3850 7 7 .

275 3881 50 50 ©
357 3885 98 39 Oct.
485 3883 38 43 2,
562 3884 130 40 1934:
725 3884 64 41 2c.
821 3883 99 40 Oct.
951 3885 51 39 4;
1037 3884 77 39 aff.
1149 3885 98 41 Oct.
1278 3885 80 48 29;
1390 3888 39 37 A
1459 3887 167 47 76794;
1659 3889 69 38 W.
1813 3921 6 6 H.
1850 3887 251 39 Anderson
2130 3896 65 29 co.
