2350 4196
1144 4003 132 47 1738

230 375 188 58 Bloch,
448 377 176 52 Iwan,
657 377 321 51 1872-1922.

295 451 402 66 Ethnological
740 452 111 50 and
894 451 241 51 cultural
1179 448 211 53 studies
1431 447 64 53 of
1535 446 94 51 the
1671 464 93 34 sex
1807 444 104 55 life
1954 445 57 53 in
225 447 1961 134 England
400 547 57 34 as
501 529 252 51 revealed

797 527 56 52 in
893 529 73 51 its
1007 526 170 54 erotic
1218 527 110 51 and
1367 525 230 52 obscene
1639 524 291 52 literature
1971 524 110 52 and
2122 529 89 46 art

231 607 107 65 [by]
389 607 101 52 Dr.
539 606 160 50 Iwan
747 606 178 51 Bloch
980 648 53 7 ...
1085 603 312 52 translated
1446 603 110 51 and
1604 602 184 52 edited
1836 602 74 66 by
1957 601 248 52 Richard

223 684 294 52 Deniston.
592 683 294 66 Privately
919 683 182 52 issued
1133 683 72 65 by
1236 677 377 68 subscription
1647 686 57 45 to
1735 677 256 53 cultured
2023 678 187 53 adults

225 762 147 66 only.
448 760 137 52 New
618 760 177 66 York,
825 760 245 52 Falstaff
1105 776 167 50 press,
1302 758 105 50 inc.
1446 759 169 64 [1934]

296 835 68 39 35.
393 833 172 41 39-385
595 845 41 36 p.
668 834 108 39 incl.
805 833 213 40 facsims.
1079 832 113 40 26cm.

300 890 151 46 “Only
489 891 135 38 three
663 891 240 38 thousand
944 889 156 47 copies
1140 890 48 37 of
1227 889 96 38 this
1360 886 186 40 limited
1586 885 182 39 edition
1808 886 120 39 have
1968 885 114 40 been
229 886 1963 107 privately
415 946 161 39 issued
608 977 44 7 ...
718 945 116 41 This
861 957 119 35 copy
1004 946 40 38 is
1076 976 44 8 ...
1150 946 64 38 n°.
1244 943 53 40 17”

299 1002 260 39 Published
592 1004 100 37 also
724 1002 118 39 with
875 1004 169 45 plates,
1080 1002 135 37 “nine
1247 1001 188 47 private
1469 999 215 39 cabinets
1716 999 50 39 of
1797 999 325 39 illustrations
2153 999 59 44 by

230 1060 81 39 the
336 1061 216 45 greatest
579 1058 200 47 English
807 1061 205 36 masters
1042 1058 50 40 of
1120 1057 148 40 erotic
1297 1056 119 40 art”.

301 1115 68 38 “A
394 1114 188 48 private
610 1114 190 40 cabinet
829 1115 49 38 of
904 1115 80 38 the
1010 1116 105 36 love
1141 1115 167 38 letters
1335 1112 50 40 of
1412 1112 164 38 Frank
1603 1111 176 40 Harris
1810 1112 61 48 [in
1897 1110 286 48 facsimile]”;

228 1182 40 36 p.
300 1170 214 41 381-385.

300 1226 376 48 “Bibliography
704 1226 49 39 of
781 1226 244 39 reference
1054 1226 156 37 works
1239 1224 136 47 only”;
1435 1236 41 36 p.
1504 1223 215 41 375-380.

230 1279 50 51 ©
311 1285 107 38 Dec.
452 1284 66 40 14.
550 1282 112 41 1934;
719 1282 64 40 2c.
816 1284 107 37 Dec.
955 1283 54 37 21;
1068 1282 78 39 aff.
1179 1283 108 37 Dec.
1319 1282 53 38 18;
1434 1281 37 38 A
1503 1280 140 40 77792;
1706 1281 211 40 Falstaff
1944 1292 148 37 press,
2124 1282 88 39 inc.

308 1339 218 48 (35-193)

226 1439 282 59 Blunders,
538 1443 271 51 Edmund
839 1441 260 64 Charles,
1130 1447 166 49 1896-

297 1516 207 54 Choice
524 1537 63 33 or
611 1518 222 66 chance,
856 1537 121 33 new
1005 1536 187 49 poems
1217 1518 34 51 b
1256 1536 34 49 y
1318 1517 270 52 Edmund
1615 1517 281 51 Blunden.
1957 1517 257 64 London,

228 1593 584 56 Cobden-Sanderson
849 1598 171 63 [1934]

297 1667 98 40 viii.
426 1667 54 40 60
508 1678 42 37 p.
612 1666 54 39 22½cm.

230 1721 1983 52 © 1c. Dec. 8, 1934; A ad int. 19706; pubd. Oct. 11; Edmund Blunden,
299 1783 198 44 Oxford,
530 1784 232 46 England.
836 1783 218 45 (35-512)

233 1871 240 65 [Chovil,
504 1872 209 54 Alfred
742 1873 239 65 Harold]
1019 1878 167 49 1889-

301 1951 195 52 Arden
533 1951 169 65 vales,
735 1950 73 65 by
844 1952 166 52 Peter
1046 1951 189 52 Brook
1291 1952 192 65 [pseud.]
1544 1971 28 31 a
1611 1951 162 51 novel
1807 1951 62 52 of
229 1951 1958 131 Warwickshire
409 2072 54 8 ...
543 2028 256 54 London.
827 2028 119 52 The
972 2028 236 53 Francis
1239 2030 148 50 Mott
1415 2048 277 47 company
1748 2034 147 60 [1934]

304 2100 515 47 4 p. l., 304 p. 22cm.
231 2153 1983 53 © 1c . Sept. 14, 1934; A ad int. 19419; pubd. Aug. 7; Harold Chovil,
298 2213 362 48 Gotherington.
697 2214 139 40 Glos..
874 2216 231 45 England.
1178 2215 217 46 (35-105)

227 2302 222 66 Davey,
475 2304 283 64 Norman,
786 2309 169 49 1888-

296 2377 178 70 King,
498 2396 192 50 queen,
714 2378 200 68 knave,
939 2378 73 69 by
1040 2381 251 51 Norman
1319 2382 215 67 Davey.
1597 2381 257 55 London,
1882 2381 262 68 Grayson
2170 2382 44 48 &

226 2453 262 58 Gravson
522 2458 171 65 [1934]

298 2526 678 52 3 p. l., 9-286, [1] p. 19cm.
232 2582 1980 56 © 1c. Dec. 8, 1934; A ad int. 19745; pubd. Oct. 12; Henry Norman
297 2644 179 46 Davey.
514 2645 227 40 Broxted.
779 2655 68 27 nr.
887 2646 249 37 Dnnniow.
1176 2647 162 38 Essex.
1379 2649 233 45 England.
1686 2648 218 40 (35-359)

223 2732 359 64 Dyke-Noël,
611 2733 224 56 Daniel.

295 2808 224 52 Roland
546 2812 47 50 le
620 2811 247 53 démodé,
895 2830 103 48 par
1023 2812 205 52 Daniel
1254 2814 348 65 Dyke-Noël.
1666 2818 182 50 Paris.
1874 2818 81 51 La
225 2815 1962 124 Renaissance

414 2887 75 51 du
515 2887 159 67 livre,
701 2892 150 48 1933.

296 2960 24 37 1
384 2989 6 6 v.
462 2959 358 49 (Bibliothèque
851 2962 172 47 d’Eve)

230 3010 1981 54 © Sept. 15. 1933; 1c. Nov 17; A- Foreign 22670; Renaissance du livre.
228 3159 216 66 Evans,
474 3162 207 55 David.

297 3237 128 54 You
446 3245 152 45 must
619 3246 94 58 get
725 3241 273 55 married,
1022 3242 74 52 by
1118 3244 184 51 David
1333 3243 207 54 Evans.
1615 3247 254 57 London,
1894 3249 63 50 F.
1983 3248 227 52 Muller,

227 3313 102 53 ltd.
364 3320 168 61 [1934]

295 3387 83 39 304
409 3399 38 35 p.
507 3388 112 39 19cm.

229 3438 1981 62 © 1c. Dec. 15. 1934; A ad int. 19740; pubd. Nov. 15; David Arnold Evans.
298 3499 240 42 Surbiton.
575 3503 188 46 Surrey.
797 3506 231 42 England.
1102 3509 217 40 (35-450)

225 3585 282 69 Fielding,
535 3591 337 68 Archibald,
902 3601 169 51 1900-

292 3664 1917 81 The paper chase [by ] A. Fielding. London, Pub. for the
222 3739 190 55 Crime
447 3744 142 52 club,
622 3746 120 66 ltd.,
774 3747 74 64 by
880 3749 87 52 W.
1004 3751 218 54 Collins
1253 3773 128 34 sons
1415 3759 46 48 &
1493 3774 97 39 со.,
1621 3757 104 51 ltd.
1783 3758 152 61 [1934]

291 3811 83 39 252
406 3825 42 36 p.
508 3816 114 41 19cm.

225 3865 1982 64 © 1c. Dec. 15, 1934; A ad int. 19742; pubd. Nov. 5; H. C. Kinsey & со.,
292 3927 100 38 inc·.
424 3928 114 39 New
566 3930 141 39 York.
779 3933 219 48 (35-324)
