2350 4196
1117 3997 98 54 676

264 452 26 39 7
316 462 42 36 p.
422 483 8 16 l.,
459 450 155 47 3-133,
648 451 53 47 [1]
731 461 41 36 p.
831 450 146 39 front,
1009 449 167 48 (port.)
1215 450 126 40 illus.
1400 449 55 39 20½
1489 451 42 21 cm
1538 480 7 8 .

266 508 146 40 “This
436 510 189 37 volume
649 507 42 39 is
720 518 27 28 a
774 507 249 40 collection
1052 508 50 38 of
1128 508 113 39 both
1268 506 253 48 published
1551 507 95 38 and
1673 506 321 48 unpublished
2022 517 149 32 verse.

195 566 48 39 It
277 564 219 41 contains
531 565 141 38 much
707 563 109 40 that
851 574 101 29 was
990 563 221 40 included
1245 564 49 38 in
1331 574 61 28 an
1429 562 175 40 earlier
1640 564 122 38 book
1799 564 223 46 ‘Rhymes
2058 566 50 38 of
2142 576 28 28 a

195 621 154 48 tropic
380 621 171 46 tramp’
583 621 157 39 which
773 621 40 38 is
844 631 106 28 now
984 623 82 37 out
1098 620 49 39 of
1178 619 465 48 print.”—Author’s
1677 619 120 46 pref.

192 679 52 51 ©
271 684 112 45 May
411 682 67 45 15,
506 681 139 40 1934;
675 681 65 38 2c.
770 681 113 46 May
908 681 82 37 21:
1022 679 79 39 aff.
1132 680 114 46 May
1271 679 54 38 19
1344 689 8 36 ;
1383 678 41 38 A
1449 677 169 47 72442;
1651 678 345 48 Metropolitan
2024 689 147 38 press.

272 738 277 48 (34-14566)

190 827 254 64 Halleck,
475 827 239 52 Reuben
742 829 160 59 Post,
934 828 169 49 1859-

191 900 1962 133 The romance of American literature, by Reuben Post Halleck …
460 980 322 52 illustrated
824 979 75 68 by
941 979 155 54 John
1138 977 224 55 Ushler.
1442 978 137 51 New
1624 977 179 68 York,
1848 977 326 54 Cincinnati

196 1062 135 62 [etc.]
365 1058 306 51 American
699 1056 145 52 book
874 1074 277 50 company
1226 1058 149 63 [c1934]

263 1131 78 47 vii,
371 1130 84 40 392
483 1141 43 36 p.
584 1130 126 39 illus.
744 1130 14 46 (incl.
904 1129 174 47 ports.)
1149 1127 54 40 20½
1237 1130 44 20 cm
1286 1157 7 8 .

260 1185 348 49 Bibliography
636 1187 51 38 at
714 1187 90 38 end
832 1185 51 39 of
909 1186 117 39 each
1055 1185 210 46 chapter.

194 1240 50 51 ©
279 1245 113 46 May
424 1243 68 41 29.
525 1243 139 47 1934;
699 1244 67 39 2c.
800 1244 93 38 and
928 1241 79 41 aff.
1041 1243 126 39 June
1198 1243 52 45 2;
1285 1243 42 37 A
1360 1241 168 47 71918;
1564 1243 158 39 Amer.
1753 1243 123 39 book
1909 1253 66 31 co.

272 1300 276 48 (34-14695)

190 1388 318 66 Hamilton,
535 1390 180 64 Alice,
750 1392 168 49 1869-

320 1465 1856 68 … Industrial toxicology, by Alice Hamilton, M. D. New
192 1544 159 52 York
379 1544 112 51 and
518 1544 254 66 London,
802 1544 232 65 Harper
1062 1546 43 49 &
1132 1542 273 67 brothers,
1437 1546 149 49 1934.

259 1617 86 39 xix
371 1628 57 36 p.,
456 1618 24 37 1
545 1647 7 16 l.,
581 1616 85 41 329
693 1627 43 37 p.
796 1618 56 38 17½
883 1618 44 21 cm
932 1648 7 7 .
1011 1615 254 48 (Harper’s
1293 1616 204 40 medical
1525 1617 346 47 monographs)

261 1673 163 40 “First
452 1672 224 41 edition.”

259 1729 373 48 Bibliography:
668 1740 41 36 p.
743 1728 217 42 272-309.

194 1783 50 51 ©
273 1788 113 46 May
412 1788 68 46 21,
509 1787 139 45 1934;
680 1786 64 39 2c.
772 1787 115 46 May
912 1786 80 41 22:
1025 1786 80 40 aff.
1136 1787 114 46 May
1275 1787 81 46 23;
1387 1787 42 38 A
1455 1787 170 47 71736;
1657 1788 193 47 Harper
1879 1788 37 40 &
1942 1788 124 41 bros.

272 1843 277 48 (34-14746)

189 1931 356 65 Harbarger,
577 1932 153 53 Sada
758 1932 207 63 Annis,
999 1937 168 49 1884-

261 2008 1914 69 English for engineers, by S. A. Harbarger … 3d ed. New
191 2087 162 52 York
381 2087 111 52 and
520 2087 257 66 London,
806 2086 426 54 McGraw-Hill
1260 2087 148 52 book
1436 2107 297 49 company,
1762 2089 127 66 inc.,
1921 2092 148 49 1934.

256 2160 95 46 xvi,
379 2159 85 41 314
490 2170 42 37 p.
593 2158 54 40 19½
681 2163 43 20 cm
729 2191 8 8 .

194 2212 50 51 ©
272 2218 112 45 May
409 2216 66 45 15,
501 2215 139 46 1934;
668 2217 66 38 2c.
761 2217 95 38 and
880 2215 80 40 aff.
988 2217 113 46 May
1126 2216 79 47 18;
1234 2218 41 37 A
1300 2217 167 47 71665;
1496 2217 350 41 McGraw-Hill
1872 2219 76 39 bk.
1976 2228 80 37 co.,
2085 2219 88 38 inc.

274 2272 277 47 (34-14925)

188 2361 258 64 Haycox,
479 2362 235 54 Ernest.

267 2436 203 53 Eiders
503 2443 150 61 west,
683 2437 73 67 by
788 2437 206 53 Ernest
1026 2438 251 68 Haycox.
1348 2438 228 55 Garden
1613 2439 150 68 City,
1797 2439 66 54 N.
1900 2440 89 66 Y.,
195 2439 1954 143 Doubleday,
444 2513 195 54 Doran
672 2515 44 49 &
747 2532 290 51 company,
1069 2514 122 69 inc.,
1225 2518 147 50 1934.

264 2584 584 48 6 p. l. , 296 p. 19½ cm . •
264 2642 285 40 Illustrated
582 2644 96 46 t.-p.

264 2697 160 41 “First
455 2698 224 40 edition.”

194 2754 50 51 ©
274 2759 125 38 June
425 2759 38 46 6,
491 2758 139 47 1934;
661 2759 66 39 2c.
754 2761 93 37 and
876 2759 81 39 aff.
987 2760 125 39 June
1139 2762 50 38 7:
1220 2762 41 37 A
1288 2761 168 47 71965;
1488 2764 50 37 E.
1570 2764 215 46 Havcox,
1817 2763 247 40 Portland.
2096 2765 76 39 Or.

273 2815 276 47 (34-14768)

184 2888 246 64 Kaplan,
462 2890 293 52 Mordecai
785 2892 329 63 Menahem,
1147 2898 167 48 1881-

264 2964 263 54 Judaism
556 2984 58 33 as
642 2987 29 32 a
702 2965 373 66 civilization;
1107 2969 216 51 toward
1353 2989 29 32 a
1411 2972 441 51 reconstruction
1882 2970 64 53 of
196 2971 1951 123 American-Jewish

592 3041 1580 75 life, by Mordecai M. Kaplan … New York, The
194 3118 330 53 Macmillan
555 3137 291 49 company,
876 3123 147 50 1934.

260 3188 95 42 xiv.
389 3188 82 40 601
503 3201 41 36 p.
606 3190 150 47 diagr.
818 3191 55 39 24½
905 3194 42 20 cm
953 3224 8 8 .

264 3246 229 39 “Notes”:
527 3257 42 36 p.
605 3245 244 49 [523]-554.

192 3302 50 51 ©
272 3308 112 45 May
411 3306 67 46 29,
508 3306 112 39 1934
639 3319 6 33 ;
677 3306 64 40 2c.
772 3308 94 38 and
895 3307 79 41 aff.
1005 3309 112 46 May
1145 3310 79 46 31;
1257 3312 38 37 A
1325 3312 141 40 71872
1485 3324 7 34 ;
1524 3315 280 39 Macmillan
1833 3326 66 29 co.

271 3363 276 47 (34-14903)

184 3437 268 63 Kettner,
489 3438 319 55 Friedrich.

262 3512 156 52 Back
451 3519 56 46 to
543 3513 93 52 the
667 3513 269 55 nameless
971 3534 129 46 one;
1135 3517 345 68 biosophical
1515 3540 207 50 poems,
1757 3522 73 68 by
1865 3521 304 54 Frederick

192 3589 269 67 Kettner;
509 3590 309 53 translated
865 3591 148 52 from
1059 3593 95 54 the
1198 3594 247 55 German
1488 3598 74 69 by
1606 3599 169 69 Mary
1822 3599 242 68 Siegrist
2108 3599 60 52 in

190 3666 397 54 collaboration
624 3668 138 51 with
796 3669 94 54 the
925 3670 215 55 author.
1212 3672 134 52 New
1384 3675 175 69 York,
1596 3676 206 70 Macoy
1837 3676 331 69 publishing

191 3761 291 50 company,
516 3747 146 50 1934.

257 3814 1264 54 3 p. l. , v-xvi p., 1 l., 82 p. front, (port.) 21 cm .
189 3870 50 51 ©
270 3876 110 46 Apr.
410 3876 68 38 25.
509 3876 138 45 1934;
680 3877 67 40 2c.
775 3877 93 39 and
900 3877 80 41 aff.
1013 3880 113 46 May
1154 3880 79 41 19;
1267 3883 39 37 A
1338 3883 166 47 72439;
1539 3886 50 39 F.
1623 3888 219 41 Kettner.
1874 3889 116 38 New
2020 3887 143 39 York.

265 3931 275 48 (34-14565)
