2350 4296
1075 3980 132 50 1809

154 349 231 67 Alford,
416 353 157 53 Leon
602 355 193 63 Pratt,
828 356 170 53 1877-

224 427 203 69 Henry
457 431 288 53 Laurence
776 431 197 67 Gantt,
1001 431 189 53 leader
1219 430 59 52 in
1307 430 285 66 industry,
1621 430 74 66 by
1726 432 61 49 L.
1821 432 64 50 P.
1917 429 231 53 Alford.

155 505 136 52 New
319 507 162 52 York
509 509 111 51 and
647 509 257 65 London,
932 509 232 66 Harper
1190 512 44 49 &
1261 508 277 64 brothers,
1569 511 149 49 1934.

224 579 102 48 xiii,
361 580 85 40 315
480 591 42 37 p.
558 581 108 40 incl.
702 582 142 47 illus.,
882 583 169 44 tables,
1085 581 178 48 diagrs.
1327 581 164 48 front.,
1528 582 171 47 plates,
1736 583 162 46 ports.,
1934 580 216 40 facsims.

153 636 59 39 22½
241 639 44 21 cm

225 693 162 40 “First
418 694 227 41 edition.”

226 750 377 49 “Bibliography
633 752 51 40 of
716 751 222 49 writings
970 752 52 39 of
1052 752 167 47 Henry
1252 750 247 41 Laurence
1532 750 179 41 Gantt”:
1774 761 43 38 p.
1848 749 217 44 300-309.

157 803 51 51 ©
248 808 110 39 Dec.
399 808 68 46 10,
510 807 140 48 1934;
692 807 65 41 2c.
799 810 110 38 Dec.
950 809 82 46 20';
1076 808 79 40 aff.
1196 810 112 38 Dec.
1347 809 81 46 11;
1471 809 40 38 A
1552 808 169 47 76022;
1764 808 159 40 Amer.
1965 818 92 30 soc.
2098 809 52 39 of

223 865 299 39 mechanical
552 866 265 47 engineers,
847 867 117 39 New
992 867 143 38 York.
1207 865 250 49 (35-1081)

154 967 316 53 American
502 970 358 52 association
893 970 97 51 for
1022 971 101 51 the
1153 970 426 52 advancement
1612 969 63 51 of
1706 969 246 53 science.

225 1041 412 72 Nationalism;
673 1064 205 49 papers
913 1047 295 66 presented
1244 1052 57 46 at
1334 1047 96 51 the
1463 1045 199 52 fourth
1697 1044 252 68 Chicago
156 1050 1971 139 meeting
276 1121 63 52 of

360 1122 95 53 the
479 1122 302 54 American
807 1123 337 54 association
1170 1124 92 54 for
1284 1124 95 53 the
1407 1124 403 53 advancement
1837 1122 63 53 of
1924 1123 228 66 science,

156 1198 188 55 edited
391 1200 76 68 by
512 1201 208 54 Waldo
769 1203 67 54 G.
886 1202 234 53 Leland.
1196 1202 312 53 Published
1558 1202 92 53 for
1701 1203 96 50 the
1844 1201 305 53 American

159 1276 339 56 association
535 1279 94 54 for
661 1281 96 51 the
794 1281 406 52 advancement
1235 1280 64 52 of
1334 1281 213 51 science
1582 1279 139 53 with
1756 1281 97 50 the
1889 1279 94 54 aid
2019 1278 63 53 of
2120 1298 29 33 a

156 1363 170 60 grant
361 1356 152 54 from
548 1359 96 51 the
677 1360 116 50 Far
828 1358 269 68 reaching
1131 1357 342 54 foundation
1509 1358 63 53 of
1604 1360 242 51 Denver.
156 1359 1970 144 Bloomington,
400 1436 147 66 Inch,

574 1437 120 51 The
720 1436 298 67 Principia
1044 1455 173 48 press,
1243 1436 126 67 inc.,
1399 1441 148 49 1934.

224 1508 54 40 69
306 1519 42 37 p.
409 1508 56 40 23½c
515 1512 27 20 m
547 1540 8 8 .

159 1563 51 51 ©
247 1567 100 40 Oct.
381 1568 39 46 1,
455 1566 140 41 1934:
630 1566 65 41 2c.
731 1569 95 38 and
860 1564 80 43 aff.
976 1568 111 38 Dec.
1123 1568 24 37 1;
1209 1567 41 38 A
1281 1565 148 41 77599;
1488 1567 158 39 Amer.
1683 1577 114 29 assn.
1844 1566 79 39 for
1958 1567 81 39 the

224 1568 1912 96 advancement
538 1624 53 40 of
615 1624 198 48 science,
841 1624 334 47 Washington.
1247 1623 249 48 (35-1144)

155 1725 318 55 American
497 1727 113 53 law
636 1726 297 57 institute.

226 1800 248 56 Student
512 1803 215 53 edition
769 1803 65 53 of
873 1803 385 53 Restatement
1301 1802 66 54 of
1403 1803 98 53 the
1542 1803 109 52 law
1691 1802 68 54 of
1801 1802 246 55 Conflict
2088 1801 64 54 of

154 1880 156 69 laws,
337 1900 59 34 as
428 1881 247 67 adopted
705 1882 114 52 and
849 1881 400 69 promulgated
1276 1880 79 69 by
1382 1881 98 54 the
1508 1880 311 54 American
1847 1882 111 52 law

153 1880 1973 148 institute at Washington, D. C., May 11, 1934 … St. Paul,
154 1958 1973 131 American
282 2038 110 51 law
419 2036 262 53 institute
709 2036 338 69 publishers,
1076 2039 150 50 1934.

228 2110 26 40 3
282 2120 43 30 v.
384 2109 57 41 26½
474 2112 44 21 cm
524 2142 8 8 .

224 2165 297 43 Cover-title.

225 2223 161 48 Paged
416 2223 352 46 continuously.

160 2279 51 51 ©
239 2283 125 47 Sept.
390 2281 69 48 20,
483 2281 114 41 1934;
650 2282 65 40 2c.
742 2283 117 38 each
884 2283 95 38 and
1004 2280 80 42 aff.
1112 2282 99 40 Oct.
1236 2282 53 38 11;
1345 2283 40 38 A
1410 2282 144 40 76481;
1608 2283 159 39 Amer,
1793 2284 94 38 law
1914 2282 239 42 institute.

237 2340 250 48 (35-1005)

157 2443 256 63 Audair,
445 2442 292 55 Marcelle.

287 2516 1866 71 … Naissance, précédé de Changer d’étoile. Paris, Gallimard
160 2597 172 67 [1934]

227 2667 764 52 3 p. l., [9]-208 p., 1 l. 18 ½ cm .
161 2725 1992 51 © June 20, 1934; 1c. Aug. 30; A- Foreign 25494: Librairie Gallimard.
239 2784 249 50 (35-1430)

155 2875 223 66 Bailey,
407 2873 252 65 Carolyn
687 2874 286 64 Sherwin,
1004 2874 170 53 1875-

227 2951 1922 68 Little readers series, by Carolyn Sherwin Bailey … [and]
158 3028 1996 71 Alice Hanthorn … L v. 1-4] Springfield, Mass., McLoughlin
155 3111 278 66 brothers,
457 3109 125 66 inc.,
610 3116 19 20 c
633 3111 151 49 1934.

227 3186 27 37 4
283 3196 41 28 v.
383 3185 126 38 illus.
540 3182 136 48 (part
705 3182 111 46 col.)
881 3179 55 40 19½
969 3183 43 20 cm
1017 3211 7 7 .

232 3242 116 48 [Vol.
376 3242 27 37 4]
447 3241 60 45 by
534 3239 134 39 Alice
698 3238 274 38 Hanthorn.

229 3298 132 40 Each
392 3298 190 38 volume
613 3296 92 38 has
732 3293 179 48 special
941 3296 97 45 t.-p.

231 3354 318 40 “Illustrated
577 3353 60 46 by
665 3351 134 39 Ruth
827 3351 60 38 M.
918 3350 251 40 Hallock.”

230 3411 289 40 Illustrated
549 3408 350 47 lining-papers
930 3407 49 39 in
1011 3409 168 37 colors.

228 3469 401 44 CONTENTS—[V.
662 3462 40 50 1]
738 3464 280 40 Adventure
1052 3463 312 48 stories.—[V.
1397 3462 40 49 2]
1475 3464 257 47 Everyday
1763 3464 315 49 stories.—[V.
2114 3464 40 50 3]

160 3527 152 46 Party
339 3532 301 40 games.—[V.
670 3518 42 51 4]
743 3522 83 45 My
853 3522 173 38 second
1053 3521 134 40 work
1215 3521 135 38 book.

164 3579 51 51 ©
245 3584 117 38 Nov.
394 3581 38 48 6,
463 3579 140 46 1934;
635 3577 64 40 2c.
733 3578 121 39 each
882 3577 116 39 Nov.
1030 3577 81 46 13;
1145 3576 105 40 affs.
1284 3577 115 39 Nov.
1433 3577 81 45 16;
1546 3577 40 38 A
1618 3576 156 47 78151,
1808 3576 157 48 78154,
2000 3579 154 48 78152,

228 3639 142 41 78153;
431 3634 319 49 McLoughlin
780 3635 139 45 bros.,
950 3634 88 39 inc.
1112 3632 13 48 (CA
1210 3632 172 41 34-202
1403 3632 234 48 Unrev’d)
1736 3632 331 43 11637-11640

168 3732 304 62 Barincou,
500 3727 286 55 Edmond.

293 3800 1536 71 … L’Italie par les textes. Paris, Hachette [ c 1934]
235 3885 27 39 2
287 3892 44 37 p.
394 3911 8 17 l.,
431 3879 61 47 iv,
519 3877 87 40 440
631 3887 44 38 p.
703 3876 110 40 incl.
843 3875 164 47 front.,
1037 3874 141 47 illus.,
1206 3873 167 42 music,
1432 3875 119 41 fold.
1580 3884 124 38 map.
1765 3875 54 40 19½
1852 3879 44 20 cm.
