2350 4196
1163 4012 131 50 1254

327 449 97 46 197,
459 470 8 28 [1]
545 461 41 36 p.,
632 452 20 37 1
708 483 5 7 l.
776 453 111 37 17cm.
958 450 286 48 (Collection
1276 450 214 38 Armand
1524 449 134 40 Colin
1703 449 214 47 (Section
1950 451 56 37 de
256 450 1966 103 philosophie)
452 509 53 37 n°
532 509 107 43 171)

341 563 259 46 “Ouvrages
630 564 27 39 à
686 566 242 37 consulter”
978 575 6 27 :
1017 575 40 37 p.
1091 563 70 49 [198]

258 616 1980 51 © Apr. 12. 1934; 1c. July 10: A- Foreign 25200; Max Leclerc & cie.,
325 677 151 39 Paris.
550 678 276 46 (34-31434)

254 768 861 63 Strahorn, John Sentman, jr.
323 843 182 52 Index
545 845 61 51 of
643 845 305 64 Maryland
987 848 237 49 statutes
1264 844 110 50 and
1412 862 149 32 eases
1599 861 69 33 on
1706 843 261 53 criminal
2003 842 126 54 law.
2167 844 71 65 by

254 921 1689 69 John S. Strahorn. jr. … [College Park. Md.] c1934.
378 992 947 51 1 p l., A-C, 44. A1-A4 numb. 1. 28cm.
325 1053 400 46 Mimeographed.

257 1106 49 50 ©
335 1111 114 44 Aug.
480 1111 37 38 1.
547 1110 137 39 1934:
715 1112 65 36 2c.
810 1112 92 37 and
932 1110 80 38 aff.
1043 1111 115 42 Aug.
1186 1111 50 36 3:
1269 1109 36 36 A
1337 1108 166 39 73709:
1535 1108 39 37 J.
1608 1111 41 36 S.
1684 1109 248 38 Strahorn.
1962 1109 73 43 jr..
323 1108 1898 97 Baltimore.
538 1167 223 46 (34-32346)

246 1252 261 65 Suckow,
540 1254 180 63 Ruth,
757 1257 169 48 1892-

321 1331 118 52 The
488 1331 167 56 folks,
701 1332 71 66 by
819 1331 155 52 Ruth
1026 1329 265 67 Suckow;
1343 1329 288 67 drawings
1676 1329 73 67 by
1798 1329 211 52 Robert
2060 1330 172 51 Ward

250 1407 1719 66 Johnson. New York. Farrar & Rinehart, inc. [c 1934]
325 1488 24 34 4
380 1495 39 36 p.
470 1515 5 6 l.,
520 1484 140 38 3-727
724 1514 4 5 p.
800 1484 123 36 illus.
985 1484 141 35 21½cm.

256 1537 50 50 ©
340 1541 126 47 Sept.
496 1542 67 38 28.
595 1539 137 40 1934:
768 1541 64 38 2c.
864 1539 100 40 Oct.
995 1538 50 39 2:
1081 1538 79 39 aff.
1196 1539 125 45 Sept.
1353 1538 80 38 29:
1468 1539 40 36 A
1542 1537 166 41 75564;
1744 1537 54 40 R.
1835 1537 213 41 Suckow,
2084 1539 154 38 Cedar

323 1597 145 40 Falls.
500 1599 66 36 Ia.
640 1596 276 46 (34-32214)

251 1686 320 63 Summers,
606 1687 286 52 Harrison
931 1687 177 64 Boyd,
1145 1689 169 50 1894-

422 1762 1814 69 … Contest debating; a textbook for beginners, by Harrison
253 1841 1985 69 Boyd Summers … New York, The H. W. Wilson company,
252 1925 148 50 1934.

321 1995 83 38 232
430 2008 39 35 p.
527 1996 149 44 diagr.
732 1996 114 37 20cm.
933 1995 122 46 (The
1083 1994 244 38 reference
1352 1994 141 46 shelf,
1521 1995 91 37 vol.
1695 1998 12 42 IX;
1730 2005 73 27 no.
1831 1996 49 43 6)

255 2048 50 51 ©
339 2056 125 43 Sept.
493 2055 67 36 28.
590 2052 137 38 1934:
760 2053 65 38 2c.
857 2052 92 37 and
981 2051 79 37 all.
1093 2050 97 40 Oct.
1220 2051 53 38 4;
1308 2051 37 37 A
1378 2051 165 39 75617:
1577 2051 58 38 Η.
1667 2051 68 41 W.
1767 2051 183 39 Wilson
1981 2062 66 30 co.

331 2109 277 47 (34-32384)

245 2198 194 65 Tapié,
472 2198 203 54 Victor
702 2199 65 54 L.

317 2275 79 51 La
430 2275 273 67 politique
734 2275 291 67 étrangère
1054 2274 67 52 de
1152 2274 52 51 la
1236 2274 217 52 France
1486 2279 52 47 et
1568 2274 49 52 1c
1650 2273 172 53 début
1853 2274 70 52 de
1950 2274 55 52 la
2036 2290 201 52 guerre

248 2349 1989 70 de trente ans (1616-1621) par Victor-L. Tapié … Paris, E.
249 2429 239 67 Leroux,
521 2432 146 49 1934.

323 2501 486 48 viii, 672 p. 22 ½ cm.
325 2558 391 47 “Bibliographie”
762 2569 7 28 :
806 2568 40 36 p.
896 2557 233 50 [631]-651.

251 2613 1981 51 © June 16. 1934: 1c. Aug. 30; A- Foreign 25470: Y. L. Tapié, Prague,
321 2673 415 40 Czechoslovakia.
810 2672 277 47 (34-31956)

248 2762 273 67 [Ulreich,
549 2765 135 51 Mrs.
715 2764 166 51 Nura
906 2764 287 52 Woodson
1201 2798 11 31 ]

316 2842 118 51 The
473 2840 334 53 buttermilk
843 2845 134 61 tree,
1015 2840 74 67 by
1128 2841 174 52 Nura.
1384 2842 155 66 [New
1580 2841 178 67 York,
1794 2843 156 51 Priv.
1991 2841 130 67 pub.
2161 2841 74 67 by

247 2920 172 65 Nura,
451 2922 149 63 1934]

333 2989 587 51 [41] p. plates. 29 ½ cm.
324 3049 127 38 “The
485 3049 181 39 edition
703 3048 50 39 of
790 3049 95 38 this
922 3048 120 39 book
1080 3051 40 37 is
1155 3049 183 40 limited
1378 3052 46 37 to
1460 3050 77 38 six
1573 3051 219 38 hundred
1829 3051 92 37 and
1958 3050 109 46 fifty
252 3061 1962 83 numbered
424 3106 158 47 copies
613 3105 165 47 signed
809 3105 60 46 by
901 3107 79 36 the
1010 3105 145 39 artist
1186 3107 91 37 and
1311 3108 188 38 author.”
1591 3107 116 39 This
1737 3118 117 36 copy
1886 3106 187 39 neither
253 3118 1962 82 numbered
419 3171 87 29 nor
533 3162 179 45 signed.

250 3214 50 52 ©
336 3220 116 44 Aug.
491 3219 66 41 10,
595 3218 111 41 1934;
769 3219 65 40 2c.
871 3219 92 38 and
1002 3219 79 40 aff.
1118 3220 117 46 Aug.
1271 3221 54 38 14;
1389 3222 41 37 A
1465 3221 168 46 74534;
1671 3222 54 38 N.
1764 3222 68 38 W.
1872 3220 207 47 Ulreich,
2115 3220 116 41 New

317 3276 143 40 York.
532 3275 276 47 (34-32342)

241 3349 69 56 U.
342 3351 57 53 S.
472 3351 369 53 Declaration
873 3352 63 64 of
965 3352 431 65 independence.

315 3428 117 53 The
477 3428 365 53 Declaration
886 3426 63 54 of
990 3428 435 69 independence,
1466 3431 94 52 the
1604 3430 386 54 Constitution
2035 3430 63 53 of
2140 3430 92 52 the

249 3505 210 53 United
509 3505 186 55 States
742 3507 111 53 and
900 3507 384 53 amendments
1329 3507 236 67 thereto,
1612 3509 93 53 the
1754 3509 367 53 constitution
2171 3508 61 53 of

247 3583 133 52 New
415 3584 199 66 Jersey
647 3602 57 34 as
739 3584 288 52 amended.
1104 3584 134 52 New
1277 3585 177 67 York,
1492 3586 324 53 Cincinnati
1877 3605 119 50 [etc.)
247 3590 1960 123 American
395 3661 144 53 book
565 3679 278 50 company
877 3664 190 64 [c1934]

321 3734 58 40 vi.
411 3735 67 43 88,
527 3735 39 47 [6]
600 3745 41 36 p.
705 3735 83 38 col.
822 3734 160 39 front.,
1014 3736 84 37 col.
1132 3736 139 39 illus..
1308 3738 152 45 plates
1490 3739 45 44 (1
1570 3740 110 42 col.)
1750 3740 112 37 16cm.

317 3791 156 38 Blank
501 3800 145 38 pages
674 3791 78 39 for
782 3789 195 41 “School
1009 3791 119 44 days”
1186 3796 134 35 notes
1359 3793 80 47 ([6]
1471 3798 51 35 at
1552 3795 115 43 end)

249 3842 51 51 ©
336 3847 108 40 Jan.
478 3847 37 39 2.
553 3846 138 42 1934;
729 3847 64 39 2c.
831 3847 93 39 and
960 3857 26 29 aff.
1077 3848 93 39 Jan
1220 3850 50 38 4:
1310 3850 37 38 A
1384 3849 141 40 67846
1544 3862 7 26 :
1591 3851 156 41 Amer.
1784 3852 119 38 book
1939 3861 51 29 co
317 3850 1894 101 [Copyright
478 3904 39 38 is
551 3905 202 39 claimed
786 3914 55 29 on
877 3904 206 47 changes
1116 3904 92 39 and
1243 3916 102 28 new
1380 3910 191 46 matter]
1644 3907 278 48 (34-32202)
