<alto xmlns="http://www.loc.gov/standards/alto/ns-v3#" xmlns:xsi="http://www.w3.org/2001/XMLSchema-instance" xsi:schemaLocation="http://www.loc.gov/standards/alto/ns-v3# http://www.loc.gov/alto/v3/alto-3-0.xsd"><Description>
<MeasurementUnit>pixel</MeasurementUnit>
<sourceImageInformation>
<fileName>1934_v1_Part1.pdf</fileName>
</sourceImageInformation>
<OCRProcessing ID="IdOcr">
<ocrProcessingStep>
<processingDateTime>2019-01-10</processingDateTime>
<processingSoftware>
<softwareCreator>ABBYY</softwareCreator>
<softwareName>ABBYY Recognition Server</softwareName>
<softwareVersion>4.0</softwareVersion>
</processingSoftware>
</ocrProcessingStep>
</OCRProcessing>
</Description>
<Styles>
<ParagraphStyle ALIGN="Left" FIRSTLINE="0." ID="StyleId-FFFFFFFF-FFFF-FFFF-FFFF-FFFFFFFFFFFF-" LEFT="0." RIGHT="0." />
<ParagraphStyle ALIGN="Right" FIRSTLINE="0." ID="StyleId-521E1FC6-FE7E-43A4-90E6-A9B61626A263-" LEFT="0." LINESPACE="13.30000019" RIGHT="0." />
<ParagraphStyle ALIGN="Left" FIRSTLINE="-27." ID="StyleId-639B624E-F6F5-47B6-BB1D-34E64B53022F-" LEFT="0." LINESPACE="13.43999958" RIGHT="0." />
<ParagraphStyle ALIGN="Left" FIRSTLINE="0." ID="StyleId-100905F9-D385-406B-A5BD-ED5B8FD85431-" LEFT="0." RIGHT="0." />
<ParagraphStyle ALIGN="Left" FIRSTLINE="-27." ID="StyleId-7C9F9BA2-EF3A-4B7F-8486-CCC7B7F49B39-" LEFT="0." LINESPACE="18.71999931" RIGHT="0." />
<ParagraphStyle ALIGN="Block" FIRSTLINE="-27." ID="StyleId-350780E3-60F2-4605-88F5-BB54F9B87091-" LEFT="0." LINESPACE="18.71999931" RIGHT="0." />
<ParagraphStyle ALIGN="Left" FIRSTLINE="0." ID="StyleId-90B16C58-D795-4C77-9B89-30378C515D40-" LEFT="0." LINESPACE="14.39999962" RIGHT="0." />
<ParagraphStyle ALIGN="Right" FIRSTLINE="-27." ID="StyleId-17090E09-AFAF-4086-BD9B-4E99FAE6B057-" LEFT="0." LINESPACE="14.39999962" RIGHT="0." />
<ParagraphStyle ALIGN="Left" FIRSTLINE="-27." ID="StyleId-8B87B633-89DB-4D72-B1FC-26E4ABD680BC-" LEFT="0." LINESPACE="18.47999954" RIGHT="0." />
<ParagraphStyle ALIGN="Left" FIRSTLINE="0." ID="StyleId-42DA7417-CA90-4D71-A57B-06556C38D752-" LEFT="0." LINESPACE="13.30000019" RIGHT="0." />
<ParagraphStyle ALIGN="Block" FIRSTLINE="0." ID="StyleId-D8EE2A7E-42AE-4E35-98DB-F0F935637AA0-" LEFT="0." LINESPACE="6.599999905" RIGHT="0." />
<ParagraphStyle ALIGN="Left" FIRSTLINE="0." ID="StyleId-33CD3121-D4F5-43B6-BA96-6382D166E6B8-" LEFT="0." LINESPACE="15.5" RIGHT="0." />
<ParagraphStyle ALIGN="Block" FIRSTLINE="-21." ID="StyleId-1CE52AFA-C319-4DD9-B4B1-F0EBFA2B3F0B-" LEFT="0." LINESPACE="18.71999931" RIGHT="0." />
<ParagraphStyle ALIGN="Left" FIRSTLINE="0." ID="StyleId-B74F1B65-92F1-49C5-A5FA-D20442F031F2-" LEFT="0." LINESPACE="17.70006076" RIGHT="0." />
<ParagraphStyle ALIGN="Center" FIRSTLINE="0." ID="StyleId-79E2924A-215C-40B7-B577-7236BFBAA25E-" LEFT="0." LINESPACE="7.199999809" RIGHT="0." />
</Styles>
<Layout>
<Page HEIGHT="4196" ID="Page1540" PHYSICAL_IMG_NR="1540" WIDTH="2350">
<TopMargin HEIGHT="329" HPOS="0" VPOS="0" WIDTH="2350">
</TopMargin>
<LeftMargin HEIGHT="3746" HPOS="0" VPOS="329" WIDTH="253">
</LeftMargin>
<RightMargin HEIGHT="3746" HPOS="2277" VPOS="329" WIDTH="73">
</RightMargin>
<BottomMargin HEIGHT="121" HPOS="0" VPOS="4075" WIDTH="2350">
</BottomMargin>
<PrintSpace HEIGHT="3746" HPOS="253" VPOS="329" WIDTH="2024">
<TextBlock HEIGHT="61" HPOS="1176" ID="Page1540_Block1" LANG="en-US" STYLEREFS="StyleId-53E64C5E-D3CB-44D0-99D5-EF884BEFC10C-" VPOS="4014" WIDTH="145">
<TextLine HEIGHT="49" HPOS="1182" VPOS="4020" WIDTH="133">
<String CONTENT="1540" HEIGHT="49" HPOS="1182" VPOS="4020" WIDTH="133" />
</TextLine>
</TextBlock>
<TextBlock CS="1" HEIGHT="3674" HPOS="253" ID="Page1540_Block2" LANG="en-US" STYLEREFS="StyleId-2E2242BE-9A51-4BF1-B86C-45925C2B6ED9-" VPOS="329" WIDTH="2024">
<Shape>
<Polygon POINTS="253,329 2277,329 2277,3953 785,3953 785,4003 253,4003 253,329" />
</Shape>
<TextLine CS="1" HEIGHT="67" HPOS="287" STYLEREFS="StyleId-53E64C5E-D3CB-44D0-99D5-EF884BEFC10C-" VPOS="370" WIDTH="878">
<String CONTENT="Chaucer," HEIGHT="67" HPOS="287" VPOS="370" WIDTH="281" />
<SP HEIGHT="64" HPOS="569" VPOS="373" WIDTH="33" />
<String CONTENT="Geoffrey," HEIGHT="64" HPOS="603" VPOS="373" WIDTH="292" />
<SP HEIGHT="43" HPOS="896" VPOS="394" WIDTH="32" />
<String CONTENT="d." CS="1" HEIGHT="8" HPOS="972" VPOS="418" WIDTH="8" />
<SP HEIGHT="46" HPOS="981" VPOS="380" WIDTH="35" />
<String CONTENT="1400." HEIGHT="49" HPOS="1017" VPOS="378" WIDTH="148" />
</TextLine>
<TextLine CS="1" HEIGHT="64" HPOS="412" STYLEREFS="StyleId-AD3B1742-CCEB-4C1D-A264-2D5802CDAC5B-" VPOS="451" WIDTH="1856">
<String CONTENT="&#8230;" CS="1" />
<SP HEIGHT="53" HPOS="412" VPOS="452" WIDTH="36" />
<String CONTENT="Canterbury" HEIGHT="55" HPOS="449" VPOS="451" WIDTH="358" />
<SP HEIGHT="48" HPOS="808" VPOS="458" WIDTH="30" />
<String CONTENT="tales," HEIGHT="53" HPOS="839" VPOS="454" WIDTH="156" />
<SP HEIGHT="35" HPOS="996" VPOS="472" WIDTH="28" />
<String CONTENT="rendered" HEIGHT="52" HPOS="1025" VPOS="453" WIDTH="270" />
<SP HEIGHT="52" HPOS="1296" VPOS="453" WIDTH="27" />
<String CONTENT="into" HEIGHT="51" HPOS="1324" VPOS="453" WIDTH="119" />
<SP HEIGHT="34" HPOS="1444" VPOS="472" WIDTH="30" />
<String CONTENT="modern" HEIGHT="52" HPOS="1475" VPOS="454" WIDTH="233" />
<SP HEIGHT="51" HPOS="1709" VPOS="455" WIDTH="27" />
<String CONTENT="English" HEIGHT="61" HPOS="1737" VPOS="454" WIDTH="244" />
<SP HEIGHT="51" HPOS="1982" VPOS="454" WIDTH="25" />
<String CONTENT="by" HEIGHT="52" HPOS="2008" VPOS="454" WIDTH="76" />
<SP HEIGHT="53" HPOS="2085" VPOS="454" WIDTH="27" />
<String CONTENT="J." HEIGHT="53" HPOS="2113" VPOS="454" WIDTH="53" />
<SP HEIGHT="53" HPOS="2167" VPOS="455" WIDTH="31" />
<String CONTENT="IT." HEIGHT="53" HPOS="2199" VPOS="455" WIDTH="69" />
</TextLine>
<TextLine CS="1" HEIGHT="142" HPOS="283" STYLEREFS="StyleId-AD3B1742-CCEB-4C1D-A264-2D5802CDAC5B-" VPOS="527" WIDTH="1988">
<String CONTENT="Nicolson," HEIGHT="68" HPOS="283" VPOS="527" WIDTH="284" />
<SP HEIGHT="46" HPOS="568" VPOS="549" WIDTH="25" />
<String CONTENT="with" HEIGHT="53" HPOS="594" VPOS="528" WIDTH="138" />
<SP HEIGHT="51" HPOS="733" VPOS="530" WIDTH="22" />
<String CONTENT="illustrations" HEIGHT="53" HPOS="756" VPOS="530" WIDTH="379" />
<SP HEIGHT="52" HPOS="1136" VPOS="531" WIDTH="22" />
<String CONTENT="by" HEIGHT="65" HPOS="1159" VPOS="531" WIDTH="74" />
<SP HEIGHT="64" HPOS="1234" VPOS="532" WIDTH="22" />
<String CONTENT="Rockwell" HEIGHT="54" HPOS="1257" VPOS="530" WIDTH="288" />
<SP HEIGHT="52" HPOS="1546" VPOS="532" WIDTH="25" />
<String CONTENT="Kent" HEIGHT="50" HPOS="1572" VPOS="532" WIDTH="153" />
<SP HEIGHT="44" HPOS="1726" VPOS="538" WIDTH="26" />
<String CONTENT="and" HEIGHT="51" HPOS="1753" VPOS="532" WIDTH="110" />
<SP HEIGHT="51" HPOS="1864" VPOS="532" WIDTH="26" />
<String CONTENT="an" HEIGHT="33" HPOS="1891" VPOS="550" WIDTH="68" />
<SP HEIGHT="50" HPOS="1960" VPOS="532" WIDTH="25" />
<String CONTENT="introduction" HEIGHT="126" HPOS="284" VPOS="532" WIDTH="1964" />
<SP HEIGHT="52" HPOS="405" VPOS="606" WIDTH="47" />
<String CONTENT="by" HEIGHT="53" HPOS="453" VPOS="606" WIDTH="75" />
<SP HEIGHT="54" HPOS="529" VPOS="606" WIDTH="46" />
<String CONTENT="Gordon" HEIGHT="54" HPOS="576" VPOS="606" WIDTH="233" />
<SP HEIGHT="50" HPOS="810" VPOS="609" WIDTH="46" />
<String CONTENT="Hall" HEIGHT="50" HPOS="857" VPOS="609" WIDTH="143" />
<SP HEIGHT="54" HPOS="1001" VPOS="608" WIDTH="47" />
<String CONTENT="Gerould." HEIGHT="54" HPOS="1049" VPOS="608" WIDTH="266" />
<SP HEIGHT="51" HPOS="1316" VPOS="608" WIDTH="74" />
<String CONTENT="New" HEIGHT="51" HPOS="1391" VPOS="608" WIDTH="138" />
<SP HEIGHT="50" HPOS="1530" VPOS="610" WIDTH="50" />
<String CONTENT="York." HEIGHT="54" HPOS="1581" VPOS="608" WIDTH="176" />
<SP HEIGHT="54" HPOS="1758" VPOS="609" WIDTH="48" />
<String CONTENT="Covici," HEIGHT="60" HPOS="1807" VPOS="609" WIDTH="212" />
<SP HEIGHT="58" HPOS="2020" VPOS="611" WIDTH="47" />
<String CONTENT="Friede" HEIGHT="51" HPOS="2068" LANG="de" VPOS="610" WIDTH="203" />
</TextLine>
<TextLine HEIGHT="64" HPOS="288" LANG="de" STYLEREFS="StyleId-AD3B1742-CCEB-4C1D-A264-2D5802CDAC5B-" VPOS="686" WIDTH="190">
<String CONTENT="[" HEIGHT="32" HPOS="288" STYLE="subscript" VPOS="717" WIDTH="12" />
<String CONTENT="c" HEIGHT="21" HPOS="306" STYLE="superscript" VPOS="686" WIDTH="17" />
<String CONTENT="1934" HEIGHT="49" HPOS="328" VPOS="686" WIDTH="135" />
<String CONTENT="]" HEIGHT="33" HPOS="466" STYLE="subscript" VPOS="717" WIDTH="12" />
</TextLine>
<TextLine CS="1" HEIGHT="52" HPOS="353" VPOS="755" WIDTH="1186">
<String CONTENT="xvi" HEIGHT="39" HPOS="353" VPOS="755" WIDTH="84" />
<SP HEIGHT="46" HPOS="438" VPOS="755" WIDTH="22" />
<String CONTENT="p.," HEIGHT="37" HPOS="461" VPOS="765" WIDTH="57" />
<SP HEIGHT="45" HPOS="519" VPOS="757" WIDTH="25" />
<String CONTENT="1" HEIGHT="37" HPOS="545" VPOS="757" WIDTH="24" />
<SP />
<String CONTENT="l.." CS="1" HEIGHT="9" HPOS="630" VPOS="787" WIDTH="7" />
<SP HEIGHT="40" HPOS="638" VPOS="756" WIDTH="27" />
<String CONTENT="626," HEIGHT="49" HPOS="666" VPOS="755" WIDTH="96" />
<SP HEIGHT="30" HPOS="763" VPOS="776" WIDTH="28" />
<String CONTENT="[1]" HEIGHT="50" HPOS="792" VPOS="757" WIDTH="53" />
<SP HEIGHT="40" HPOS="846" VPOS="767" WIDTH="27" />
<String CONTENT="p." HEIGHT="36" HPOS="874" VPOS="767" WIDTH="42" />
<SP HEIGHT="40" HPOS="917" VPOS="758" WIDTH="58" />
<String CONTENT="front.," HEIGHT="47" HPOS="976" VPOS="758" WIDTH="162" />
<SP HEIGHT="36" HPOS="1139" VPOS="769" WIDTH="26" />
<String CONTENT="plates." HEIGHT="47" HPOS="1166" VPOS="758" WIDTH="167" />
<SP HEIGHT="40" HPOS="1334" VPOS="756" WIDTH="59" />
<String CONTENT="24&#189;" CS="1" HEIGHT="39" HPOS="1394" VPOS="756" WIDTH="56" />
<String CONTENT="cm" HEIGHT="20" HPOS="1483" STYLE="superscript" VPOS="760" WIDTH="43" />
<String CONTENT="." HEIGHT="7" HPOS="1532" VPOS="788" WIDTH="7" />
</TextLine>
<TextLine HEIGHT="50" HPOS="352" VPOS="812" WIDTH="680">
<String CONTENT="Illustrated" HEIGHT="41" HPOS="352" VPOS="812" WIDTH="287" />
<SP HEIGHT="38" HPOS="640" VPOS="815" WIDTH="30" />
<String CONTENT="lining-papers." HEIGHT="49" HPOS="671" VPOS="813" WIDTH="361" />
</TextLine>
<TextLine HEIGHT="50" HPOS="352" VPOS="868" WIDTH="578">
<String CONTENT="Head" HEIGHT="40" HPOS="352" VPOS="868" WIDTH="139" />
<SP HEIGHT="38" HPOS="492" VPOS="870" WIDTH="27" />
<String CONTENT="and" HEIGHT="39" HPOS="520" VPOS="871" WIDTH="96" />
<SP HEIGHT="39" HPOS="617" VPOS="871" WIDTH="25" />
<String CONTENT="tail" HEIGHT="41" HPOS="643" VPOS="870" WIDTH="89" />
<SP HEIGHT="45" HPOS="733" VPOS="873" WIDTH="26" />
<String CONTENT="pieces." HEIGHT="48" HPOS="760" VPOS="870" WIDTH="170" />
</TextLine>
<TextLine CS="1" HEIGHT="50" HPOS="292" VPOS="923" WIDTH="1900">
<String CONTENT="&#169;" HEIGHT="50" HPOS="292" VPOS="923" WIDTH="48" />
<SP HEIGHT="50" HPOS="341" VPOS="923" WIDTH="24" />
<String CONTENT="Nov." CS="1" HEIGHT="29" HPOS="413" VPOS="937" WIDTH="67" />
<SP HEIGHT="37" HPOS="481" VPOS="929" WIDTH="30" />
<String CONTENT="5." HEIGHT="37" HPOS="512" VPOS="929" WIDTH="38" />
<SP HEIGHT="36" HPOS="551" VPOS="930" WIDTH="28" />
<String CONTENT="1934:" CS="1" HEIGHT="40" HPOS="580" VPOS="927" WIDTH="113" />
<SP HEIGHT="38" HPOS="719" VPOS="929" WIDTH="29" />
<String CONTENT="2c." HEIGHT="39" HPOS="749" VPOS="929" WIDTH="63" />
<SP HEIGHT="38" HPOS="813" VPOS="928" WIDTH="30" />
<String CONTENT="Nov." HEIGHT="39" HPOS="844" VPOS="928" WIDTH="115" />
<SP HEIGHT="39" HPOS="960" VPOS="928" WIDTH="27" />
<String CONTENT="9:" CS="1" HEIGHT="39" HPOS="988" VPOS="928" WIDTH="25" />
<SP HEIGHT="28" HPOS="1041" VPOS="940" WIDTH="31" />
<String CONTENT="aff." HEIGHT="38" HPOS="1073" VPOS="930" WIDTH="79" />
<SP HEIGHT="38" HPOS="1153" VPOS="929" WIDTH="27" />
<String CONTENT="Nov." HEIGHT="39" HPOS="1181" VPOS="929" WIDTH="117" />
<SP HEIGHT="39" HPOS="1299" VPOS="929" WIDTH="28" />
<String CONTENT="6:" CS="1" HEIGHT="38" HPOS="1328" VPOS="929" WIDTH="24" />
<SP HEIGHT="36" HPOS="1379" VPOS="931" WIDTH="30" />
<String CONTENT="A" HEIGHT="35" HPOS="1410" VPOS="931" WIDTH="40" />
<SP HEIGHT="37" HPOS="1451" VPOS="930" WIDTH="28" />
<String CONTENT="78005:" CS="1" HEIGHT="40" HPOS="1480" VPOS="928" WIDTH="139" />
<SP HEIGHT="39" HPOS="1647" VPOS="929" WIDTH="32" />
<String CONTENT="Covici." HEIGHT="39" HPOS="1680" VPOS="929" WIDTH="174" />
<SP HEIGHT="38" HPOS="1855" VPOS="930" WIDTH="31" />
<String CONTENT="Friede," HEIGHT="40" HPOS="1887" LANG="de" VPOS="929" WIDTH="185" />
<SP HEIGHT="36" HPOS="2073" VPOS="932" WIDTH="29" />
<String CONTENT="inc." HEIGHT="39" HPOS="2103" VPOS="932" WIDTH="89" />
</TextLine>
<TextLine HEIGHT="47" HPOS="367" VPOS="984" WIDTH="277">
<String CONTENT="(34-38314)" HEIGHT="47" HPOS="367" VPOS="984" WIDTH="277" />
</TextLine>
<TextLine HEIGHT="70" HPOS="286" STYLEREFS="StyleId-E6E627F3-F798-4685-AB70-5F95053B52CF-" VPOS="1060" WIDTH="1986">
<String CONTENT="Chicago." HEIGHT="65" HPOS="286" VPOS="1060" WIDTH="272" />
<SP HEIGHT="52" HPOS="559" VPOS="1063" WIDTH="83" />
<String CONTENT="University." HEIGHT="63" HPOS="643" VPOS="1062" WIDTH="364" />
<SP HEIGHT="52" HPOS="1008" VPOS="1064" WIDTH="84" />
<String CONTENT="Oriental" HEIGHT="52" HPOS="1093" VPOS="1064" WIDTH="259" />
<SP HEIGHT="52" HPOS="1353" VPOS="1063" WIDTH="42" />
<String CONTENT="institute." HEIGHT="53" HPOS="1396" VPOS="1061" WIDTH="276" />
<SP HEIGHT="50" HPOS="1673" VPOS="1064" WIDTH="81" />
<String CONTENT="Epigraphic" HEIGHT="67" HPOS="1755" VPOS="1063" WIDTH="361" />
<SP HEIGHT="35" HPOS="2117" VPOS="1082" WIDTH="43" />
<String CONTENT="and" HEIGHT="52" HPOS="2161" VPOS="1063" WIDTH="111" />
</TextLine>
<TextLine HEIGHT="66" HPOS="354" STYLEREFS="StyleId-E6E627F3-F798-4685-AB70-5F95053B52CF-" VPOS="1139" WIDTH="652">
<String CONTENT="architectural&#183;" HEIGHT="53" HPOS="354" VPOS="1139" WIDTH="402" />
<SP HEIGHT="34" HPOS="757" VPOS="1160" WIDTH="29" />
<String CONTENT="survey." HEIGHT="46" HPOS="787" VPOS="1159" WIDTH="219" />
</TextLine>
<TextLine CS="1" HEIGHT="68" HPOS="417" STYLEREFS="StyleId-AD3B1742-CCEB-4C1D-A264-2D5802CDAC5B-" VPOS="1217" WIDTH="1856">
<String CONTENT="&#8230;" CS="1" />
<SP HEIGHT="49" HPOS="417" VPOS="1219" WIDTH="46" />
<String CONTENT="The" HEIGHT="50" HPOS="464" VPOS="1218" WIDTH="118" />
<SP HEIGHT="32" HPOS="583" VPOS="1236" WIDTH="40" />
<String CONTENT="excavation" HEIGHT="50" HPOS="624" VPOS="1219" WIDTH="332" />
<SP HEIGHT="32" HPOS="957" VPOS="1237" WIDTH="39" />
<String CONTENT="of" HEIGHT="51" HPOS="997" VPOS="1218" WIDTH="63" />
<SP HEIGHT="50" HPOS="1061" VPOS="1218" WIDTH="36" />
<String CONTENT="Medinet" HEIGHT="51" HPOS="1098" VPOS="1218" WIDTH="252" />
<SP HEIGHT="50" HPOS="1351" VPOS="1219" WIDTH="40" />
<String CONTENT="Habu" HEIGHT="51" HPOS="1392" VPOS="1218" WIDTH="174" />
<SP HEIGHT="32" HPOS="1567" VPOS="1236" WIDTH="44" />
<String CONTENT="&#8230;" CS="1" />
<SP HEIGHT="32" HPOS="1667" VPOS="1236" WIDTH="78" />
<String CONTENT="I." CS="1" HEIGHT="7" HPOS="1774" VPOS="1261" WIDTH="7" />
<SP HEIGHT="54" HPOS="1782" VPOS="1217" WIDTH="43" />
<String CONTENT="General" HEIGHT="54" HPOS="1826" VPOS="1217" WIDTH="243" />
<SP HEIGHT="64" HPOS="2070" VPOS="1221" WIDTH="38" />
<String CONTENT="plans" HEIGHT="68" HPOS="2109" VPOS="1217" WIDTH="164" />
</TextLine>
<TextLine CS="1" HEIGHT="63" HPOS="288" STYLEREFS="StyleId-AD3B1742-CCEB-4C1D-A264-2D5802CDAC5B-" VPOS="1294" WIDTH="1985">
<String CONTENT="and" HEIGHT="50" HPOS="288" VPOS="1296" WIDTH="111" />
<SP HEIGHT="50" HPOS="400" VPOS="1296" WIDTH="37" />
<String CONTENT="views," HEIGHT="54" HPOS="438" VPOS="1295" WIDTH="188" />
<SP />
<String CONTENT="by" CS="1" />
<SP />
<String CONTENT="Uvo" HEIGHT="52" HPOS="779" VPOS="1297" WIDTH="126" />
<SP HEIGHT="49" HPOS="906" VPOS="1298" WIDTH="39" />
<String CONTENT="H&#246;lscher." HEIGHT="51" HPOS="946" LANG="de" VPOS="1296" WIDTH="294" />
<SP HEIGHT="53" HPOS="1241" VPOS="1295" WIDTH="79" />
<String CONTENT="Chicago." HEIGHT="62" HPOS="1321" VPOS="1295" WIDTH="267" />
<SP HEIGHT="53" HPOS="1589" VPOS="1297" WIDTH="37" />
<String CONTENT="Ill.." HEIGHT="55" HPOS="1627" VPOS="1294" WIDTH="110" />
<SP HEIGHT="50" HPOS="1738" VPOS="1299" WIDTH="40" />
<String CONTENT="The" HEIGHT="52" HPOS="1779" VPOS="1297" WIDTH="119" />
<SP HEIGHT="52" HPOS="1899" VPOS="1297" WIDTH="38" />
<String CONTENT="University" HEIGHT="53" HPOS="1938" VPOS="1296" WIDTH="335" />
</TextLine>
<TextLine HEIGHT="68" HPOS="285" STYLEREFS="StyleId-AD3B1742-CCEB-4C1D-A264-2D5802CDAC5B-" VPOS="1372" WIDTH="727">
<String CONTENT="of" HEIGHT="51" HPOS="285" VPOS="1373" WIDTH="62" />
<SP HEIGHT="54" HPOS="348" VPOS="1372" WIDTH="28" />
<String CONTENT="Chicago" HEIGHT="68" HPOS="377" VPOS="1372" WIDTH="249" />
<SP HEIGHT="48" HPOS="627" VPOS="1392" WIDTH="26" />
<String CONTENT="press" HEIGHT="48" HPOS="654" VPOS="1392" WIDTH="155" />
<SP HEIGHT="45" HPOS="810" VPOS="1394" WIDTH="31" />
<String CONTENT="[1934]" HEIGHT="63" HPOS="842" VPOS="1376" WIDTH="170" />
</TextLine>
<TextLine CS="1" HEIGHT="103" HPOS="286" VPOS="1447" WIDTH="1989">
<String CONTENT="xiv." HEIGHT="38" HPOS="355" VPOS="1447" WIDTH="95" />
<SP HEIGHT="35" HPOS="451" VPOS="1450" WIDTH="37" />
<String CONTENT="4" HEIGHT="34" HPOS="489" VPOS="1450" WIDTH="27" />
<SP HEIGHT="43" HPOS="517" VPOS="1450" WIDTH="34" />
<String CONTENT="p.." HEIGHT="36" HPOS="552" VPOS="1457" WIDTH="55" />
<SP HEIGHT="37" HPOS="608" VPOS="1448" WIDTH="36" />
<String CONTENT="1" HEIGHT="36" HPOS="645" VPOS="1448" WIDTH="23" />
<SP />
<String CONTENT="l." CS="1" />
<SP />
<String CONTENT="37" HEIGHT="39" HPOS="801" VPOS="1447" WIDTH="55" />
<SP HEIGHT="38" HPOS="857" VPOS="1448" WIDTH="35" />
<String CONTENT="numb." CS="1" HEIGHT="37" HPOS="893" VPOS="1448" WIDTH="143" />
<SP HEIGHT="35" HPOS="1053" VPOS="1458" WIDTH="36" />
<String CONTENT="plates" HEIGHT="45" HPOS="1090" VPOS="1448" WIDTH="154" />
<SP HEIGHT="45" HPOS="1245" VPOS="1448" WIDTH="28" />
<String CONTENT="(part" HEIGHT="45" HPOS="1274" VPOS="1448" WIDTH="132" />
<SP HEIGHT="37" HPOS="1407" VPOS="1448" WIDTH="35" />
<String CONTENT="double," HEIGHT="39" HPOS="1443" VPOS="1447" WIDTH="184" />
<SP HEIGHT="36" HPOS="1628" VPOS="1458" WIDTH="38" />
<String CONTENT="part" HEIGHT="45" HPOS="1667" VPOS="1449" WIDTH="114" />
<SP HEIGHT="36" HPOS="1782" VPOS="1449" WIDTH="33" />
<String CONTENT="col.)" HEIGHT="47" HPOS="1816" VPOS="1447" WIDTH="110" />
<SP HEIGHT="46" HPOS="1927" VPOS="1448" WIDTH="46" />
<String CONTENT="plans" HEIGHT="45" HPOS="1974" VPOS="1448" WIDTH="137" />
<SP HEIGHT="45" HPOS="2112" VPOS="1449" WIDTH="28" />
<String CONTENT="(part-double)" HEIGHT="101" HPOS="286" VPOS="1449" WIDTH="1989" />
</TextLine>
<TextLine CS="1" HEIGHT="106" HPOS="283" VPOS="1502" WIDTH="1973">
<String CONTENT="60&#189;cm." CS="1" HEIGHT="40" HPOS="560" VPOS="1502" WIDTH="141" />
<SP HEIGHT="45" HPOS="702" VPOS="1504" WIDTH="77" />
<String CONTENT="(The" HEIGHT="45" HPOS="780" VPOS="1504" WIDTH="124" />
<SP HEIGHT="38" HPOS="905" VPOS="1504" WIDTH="34" />
<String CONTENT="University" HEIGHT="47" HPOS="940" VPOS="1503" WIDTH="280" />
<SP HEIGHT="35" HPOS="1221" VPOS="1515" WIDTH="37" />
<String CONTENT="of" HEIGHT="39" HPOS="1259" VPOS="1504" WIDTH="50" />
<SP HEIGHT="40" HPOS="1310" VPOS="1503" WIDTH="37" />
<String CONTENT="Chicago." HEIGHT="48" HPOS="1348" VPOS="1502" WIDTH="223" />
<SP HEIGHT="39" HPOS="1572" VPOS="1504" WIDTH="67" />
<String CONTENT="Oriental" HEIGHT="40" HPOS="1640" VPOS="1503" WIDTH="220" />
<SP HEIGHT="38" HPOS="1861" VPOS="1504" WIDTH="36" />
<String CONTENT="institute" HEIGHT="40" HPOS="1898" VPOS="1503" WIDTH="225" />
<SP HEIGHT="36" HPOS="2124" VPOS="1516" WIDTH="38" />
<String CONTENT="publications." HEIGHT="95" HPOS="283" VPOS="1505" WIDTH="1973" />
<SP HEIGHT="27" HPOS="524" VPOS="1572" WIDTH="58" />
<String CONTENT="vol." HEIGHT="39" HPOS="583" VPOS="1561" WIDTH="89" />
<SP HEIGHT="28" HPOS="673" VPOS="1572" WIDTH="29" />
<String CONTENT="XXI)" CS="1" HEIGHT="46" HPOS="801" VPOS="1562" WIDTH="13" />
</TextLine>
<TextLine HEIGHT="46" HPOS="354" VPOS="1615" WIDTH="1329">
<String CONTENT="Uvo" HEIGHT="40" HPOS="354" LANG="en-US" VPOS="1617" WIDTH="103" />
<SP HEIGHT="39" HPOS="458" VPOS="1617" WIDTH="24" />
<String CONTENT="H&#246;lscher," HEIGHT="45" HPOS="483" LANG="de" VPOS="1616" WIDTH="250" />
<SP HEIGHT="34" HPOS="734" VPOS="1627" WIDTH="27" />
<String CONTENT="chief" HEIGHT="39" HPOS="762" LANG="en-US" VPOS="1617" WIDTH="128" />
<SP HEIGHT="38" HPOS="891" VPOS="1617" WIDTH="25" />
<String CONTENT="of" HEIGHT="38" HPOS="917" LANG="en-US" VPOS="1617" WIDTH="50" />
<SP HEIGHT="38" HPOS="968" VPOS="1617" WIDTH="26" />
<String CONTENT="the" HEIGHT="38" HPOS="995" LANG="en-US" VPOS="1617" WIDTH="80" />
<SP HEIGHT="38" HPOS="1076" VPOS="1617" WIDTH="24" />
<String CONTENT="Architectural" HEIGHT="40" HPOS="1101" LANG="en-US" VPOS="1615" WIDTH="359" />
<SP HEIGHT="37" HPOS="1461" VPOS="1618" WIDTH="25" />
<String CONTENT="section." HEIGHT="40" HPOS="1487" LANG="en-US" VPOS="1615" WIDTH="196" />
</TextLine>
<TextLine CS="1" HEIGHT="51" HPOS="288" VPOS="1669" WIDTH="1849">
<String CONTENT="&#169;" HEIGHT="51" HPOS="288" VPOS="1669" WIDTH="52" />
<SP HEIGHT="51" HPOS="341" VPOS="1669" WIDTH="26" />
<String CONTENT="Aug." HEIGHT="45" HPOS="368" VPOS="1675" WIDTH="119" />
<SP HEIGHT="39" HPOS="488" VPOS="1674" WIDTH="28" />
<String CONTENT="31." HEIGHT="39" HPOS="517" VPOS="1674" WIDTH="67" />
<SP HEIGHT="39" HPOS="585" VPOS="1674" WIDTH="27" />
<String CONTENT="1934:" CS="1" HEIGHT="40" HPOS="613" VPOS="1672" WIDTH="114" />
<SP HEIGHT="38" HPOS="754" VPOS="1674" WIDTH="31" />
<String CONTENT="2c." HEIGHT="39" HPOS="786" VPOS="1674" WIDTH="65" />
<SP HEIGHT="40" HPOS="852" VPOS="1673" WIDTH="31" />
<String CONTENT="Oct." HEIGHT="39" HPOS="884" VPOS="1673" WIDTH="100" />
<SP HEIGHT="37" HPOS="985" VPOS="1675" WIDTH="28" />
<String CONTENT="29:" CS="1" HEIGHT="38" HPOS="1014" VPOS="1672" WIDTH="54" />
<SP HEIGHT="28" HPOS="1095" VPOS="1684" WIDTH="32" />
<String CONTENT="aff." HEIGHT="39" HPOS="1128" VPOS="1672" WIDTH="77" />
<SP HEIGHT="37" HPOS="1206" VPOS="1673" WIDTH="30" />
<String CONTENT="Nov." HEIGHT="38" HPOS="1237" VPOS="1673" WIDTH="114" />
<SP HEIGHT="37" HPOS="1352" VPOS="1673" WIDTH="32" />
<String CONTENT="17:" CS="1" HEIGHT="38" HPOS="1385" VPOS="1673" WIDTH="55" />
<SP HEIGHT="37" HPOS="1467" VPOS="1673" WIDTH="33" />
<String CONTENT="A" HEIGHT="37" HPOS="1501" VPOS="1673" WIDTH="40" />
<SP HEIGHT="38" HPOS="1542" VPOS="1673" WIDTH="29" />
<String CONTENT="78179:" CS="1" HEIGHT="41" HPOS="1572" VPOS="1671" WIDTH="141" />
<SP HEIGHT="39" HPOS="1740" VPOS="1673" WIDTH="33" />
<String CONTENT="University" HEIGHT="48" HPOS="1774" VPOS="1672" WIDTH="280" />
<SP HEIGHT="36" HPOS="2055" VPOS="1684" WIDTH="28" />
<String CONTENT="of" HEIGHT="38" HPOS="2084" VPOS="1674" WIDTH="53" />
</TextLine>
<TextLine CS="1" HEIGHT="102" HPOS="355" VPOS="1675" WIDTH="1901">
<String CONTENT="Chicago." HEIGHT="102" HPOS="355" VPOS="1675" WIDTH="1901" />
<SP HEIGHT="40" HPOS="484" VPOS="1730" WIDTH="29" />
<String CONTENT="Chicago." HEIGHT="47" HPOS="514" VPOS="1730" WIDTH="219" />
<SP HEIGHT="27" HPOS="734" VPOS="1750" WIDTH="65" />
<String CONTENT="[Copyright" HEIGHT="48" HPOS="800" VPOS="1729" WIDTH="279" />
<SP HEIGHT="38" HPOS="1080" VPOS="1730" WIDTH="28" />
<String CONTENT="is" HEIGHT="37" HPOS="1109" VPOS="1730" WIDTH="41" />
<SP HEIGHT="28" HPOS="1151" VPOS="1740" WIDTH="25" />
<String CONTENT="claimed" HEIGHT="39" HPOS="1177" VPOS="1729" WIDTH="204" />
<SP HEIGHT="38" HPOS="1382" VPOS="1730" WIDTH="25" />
<String CONTENT="on" HEIGHT="29" HPOS="1408" VPOS="1738" WIDTH="59" />
<SP HEIGHT="38" HPOS="1468" VPOS="1729" WIDTH="28" />
<String CONTENT="introduction]" HEIGHT="48" HPOS="1497" VPOS="1729" WIDTH="344" />
</TextLine>
<TextLine HEIGHT="47" HPOS="365" VPOS="1786" WIDTH="277">
<String CONTENT="(34-38539)" HEIGHT="47" HPOS="365" VPOS="1786" WIDTH="277" />
</TextLine>
<TextLine HEIGHT="67" HPOS="285" STYLEREFS="StyleId-53E64C5E-D3CB-44D0-99D5-EF884BEFC10C-" VPOS="1860" WIDTH="1102">
<String CONTENT="Childs," HEIGHT="67" HPOS="285" VPOS="1860" WIDTH="218" />
<SP HEIGHT="63" HPOS="504" VPOS="1864" WIDTH="30" />
<String CONTENT="Harwood" HEIGHT="51" HPOS="535" VPOS="1864" WIDTH="289" />
<SP HEIGHT="52" HPOS="825" VPOS="1863" WIDTH="28" />
<String CONTENT="Lawrence," HEIGHT="61" HPOS="854" VPOS="1863" WIDTH="330" />
<SP HEIGHT="58" HPOS="1185" VPOS="1866" WIDTH="34" />
<String CONTENT="1898-" HEIGHT="48" HPOS="1220" VPOS="1865" WIDTH="167" />
</TextLine>
<TextLine CS="1" HEIGHT="132" HPOS="285" STYLEREFS="StyleId-AD3B1742-CCEB-4C1D-A264-2D5802CDAC5B-" VPOS="1938" WIDTH="1962">
<String CONTENT="&#8230;" CS="1" />
<SP HEIGHT="52" HPOS="415" VPOS="1941" WIDTH="29" />
<String CONTENT="A" HEIGHT="52" HPOS="445" VPOS="1941" WIDTH="55" />
<SP HEIGHT="52" HPOS="501" VPOS="1941" WIDTH="24" />
<String CONTENT="reference" HEIGHT="53" HPOS="526" VPOS="1939" WIDTH="283" />
<SP HEIGHT="48" HPOS="810" VPOS="1958" WIDTH="25" />
<String CONTENT="guide" HEIGHT="67" HPOS="836" VPOS="1939" WIDTH="170" />
<SP HEIGHT="46" HPOS="1007" VPOS="1945" WIDTH="23" />
<String CONTENT="to" HEIGHT="46" HPOS="1031" VPOS="1945" WIDTH="57" />
<SP HEIGHT="47" HPOS="1089" VPOS="1944" WIDTH="26" />
<String CONTENT="the" HEIGHT="52" HPOS="1116" VPOS="1939" WIDTH="94" />
<SP HEIGHT="33" HPOS="1211" VPOS="1958" WIDTH="23" />
<String CONTENT="study" HEIGHT="66" HPOS="1235" VPOS="1939" WIDTH="172" />
<SP HEIGHT="47" HPOS="1408" VPOS="1958" WIDTH="26" />
<String CONTENT="of" HEIGHT="53" HPOS="1435" VPOS="1938" WIDTH="61" />
<SP HEIGHT="67" HPOS="1497" VPOS="1938" WIDTH="26" />
<String CONTENT="public" HEIGHT="66" HPOS="1524" VPOS="1939" WIDTH="194" />
<SP HEIGHT="35" HPOS="1719" VPOS="1957" WIDTH="23" />
<String CONTENT="opinion," HEIGHT="66" HPOS="1743" VPOS="1940" WIDTH="251" />
<SP HEIGHT="55" HPOS="1995" VPOS="1939" WIDTH="26" />
<String CONTENT="by" HEIGHT="67" HPOS="2022" VPOS="1939" WIDTH="72" />
<SP HEIGHT="66" HPOS="2095" VPOS="1940" WIDTH="24" />
<String CONTENT="Harwood" HEIGHT="130" HPOS="285" VPOS="1940" WIDTH="1962" />
<SP HEIGHT="54" HPOS="447" VPOS="2016" WIDTH="40" />
<String CONTENT="L." HEIGHT="52" HPOS="488" VPOS="2016" WIDTH="63" />
</TextLine>
<TextLine CS="1" HEIGHT="68" HPOS="598" STYLEREFS="StyleId-AD3B1742-CCEB-4C1D-A264-2D5802CDAC5B-" VPOS="2016" WIDTH="1671">
<String CONTENT="Childs" HEIGHT="55" HPOS="598" VPOS="2017" WIDTH="201" />
<SP HEIGHT="33" HPOS="800" VPOS="2037" WIDTH="46" />
<String CONTENT="&#8230;" CS="1" />
<SP HEIGHT="31" HPOS="902" VPOS="2037" WIDTH="47" />
<String CONTENT="with" HEIGHT="53" HPOS="950" VPOS="2016" WIDTH="138" />
<SP HEIGHT="51" HPOS="1089" VPOS="2018" WIDTH="43" />
<String CONTENT="a" HEIGHT="34" HPOS="1133" VPOS="2035" WIDTH="28" />
<SP HEIGHT="49" HPOS="1162" VPOS="2035" WIDTH="42" />
<String CONTENT="preface" HEIGHT="68" HPOS="1205" VPOS="2016" WIDTH="228" />
<SP HEIGHT="51" HPOS="1434" VPOS="2017" WIDTH="42" />
<String CONTENT="by" HEIGHT="66" HPOS="1477" VPOS="2017" WIDTH="73" />
<SP HEIGHT="65" HPOS="1551" VPOS="2018" WIDTH="41" />
<String CONTENT="Edward" HEIGHT="53" HPOS="1593" VPOS="2016" WIDTH="255" />
<SP HEIGHT="52" HPOS="1849" VPOS="2016" WIDTH="39" />
<String CONTENT="L." HEIGHT="50" HPOS="1889" VPOS="2018" WIDTH="64" />
<SP HEIGHT="50" HPOS="1954" VPOS="2018" WIDTH="44" />
<String CONTENT="Bernays." HEIGHT="66" HPOS="1999" VPOS="2018" WIDTH="270" />
</TextLine>
<TextLine HEIGHT="69" HPOS="283" STYLEREFS="StyleId-AD3B1742-CCEB-4C1D-A264-2D5802CDAC5B-" VPOS="2094" WIDTH="1587">
<String CONTENT="Princeton," HEIGHT="67" HPOS="283" VPOS="2096" WIDTH="324" />
<SP HEIGHT="66" HPOS="608" VPOS="2097" WIDTH="28" />
<String CONTENT="N." HEIGHT="53" HPOS="637" VPOS="2097" WIDTH="67" />
<SP HEIGHT="53" HPOS="705" VPOS="2098" WIDTH="31" />
<String CONTENT="J.," HEIGHT="64" HPOS="737" VPOS="2098" WIDTH="73" />
<SP HEIGHT="64" HPOS="811" VPOS="2098" WIDTH="26" />
<String CONTENT="Princeton" HEIGHT="52" HPOS="838" VPOS="2097" WIDTH="306" />
<SP HEIGHT="34" HPOS="1145" VPOS="2112" WIDTH="28" />
<String CONTENT="university" HEIGHT="67" HPOS="1174" VPOS="2094" WIDTH="316" />
<SP HEIGHT="49" HPOS="1491" VPOS="2113" WIDTH="27" />
<String CONTENT="press," HEIGHT="50" HPOS="1519" VPOS="2112" WIDTH="173" />
<SP HEIGHT="62" HPOS="1693" VPOS="2099" WIDTH="28" />
<String CONTENT="1934." HEIGHT="49" HPOS="1722" VPOS="2097" WIDTH="148" />
</TextLine>
<TextLine CS="1" HEIGHT="50" HPOS="353" VPOS="2168" WIDTH="635">
<String CONTENT="vi" HEIGHT="39" HPOS="353" VPOS="2170" WIDTH="46" />
<SP HEIGHT="48" HPOS="400" VPOS="2170" WIDTH="27" />
<String CONTENT="p.," HEIGHT="36" HPOS="428" VPOS="2182" WIDTH="56" />
<SP HEIGHT="45" HPOS="485" VPOS="2172" WIDTH="26" />
<String CONTENT="1" HEIGHT="37" HPOS="512" VPOS="2172" WIDTH="26" />
<SP />
<String CONTENT="l.," CS="1" HEIGHT="16" HPOS="599" VPOS="2201" WIDTH="9" />
<SP HEIGHT="46" HPOS="609" VPOS="2171" WIDTH="25" />
<String CONTENT="105" HEIGHT="40" HPOS="635" VPOS="2169" WIDTH="84" />
<SP HEIGHT="47" HPOS="720" VPOS="2170" WIDTH="25" />
<String CONTENT="p." HEIGHT="36" HPOS="746" VPOS="2181" WIDTH="43" />
<SP HEIGHT="41" HPOS="790" VPOS="2168" WIDTH="53" />
<String CONTENT="23&#189;" CS="1" HEIGHT="41" HPOS="844" VPOS="2168" WIDTH="57" />
<String CONTENT="cm" HEIGHT="21" HPOS="932" STYLE="superscript" VPOS="2171" WIDTH="43" />
<String CONTENT="." HEIGHT="8" HPOS="980" VPOS="2199" WIDTH="8" />
</TextLine>
<TextLine CS="1" HEIGHT="101" HPOS="284" VPOS="2223" WIDTH="1969">
<String CONTENT="At" HEIGHT="38" HPOS="354" VPOS="2229" WIDTH="63" />
<SP HEIGHT="39" HPOS="418" VPOS="2228" WIDTH="26" />
<String CONTENT="head" HEIGHT="39" HPOS="445" VPOS="2228" WIDTH="124" />
<SP HEIGHT="39" HPOS="570" VPOS="2228" WIDTH="28" />
<String CONTENT="of" HEIGHT="39" HPOS="599" VPOS="2227" WIDTH="50" />
<SP HEIGHT="39" HPOS="650" VPOS="2227" WIDTH="28" />
<String CONTENT="title:" HEIGHT="40" HPOS="679" VPOS="2226" WIDTH="134" />
<SP HEIGHT="39" HPOS="814" VPOS="2226" WIDTH="29" />
<String CONTENT="Princeton" HEIGHT="39" HPOS="844" VPOS="2226" WIDTH="257" />
<SP HEIGHT="28" HPOS="1102" VPOS="2235" WIDTH="29" />
<String CONTENT="university:" HEIGHT="48" HPOS="1132" VPOS="2224" WIDTH="295" />
<SP HEIGHT="40" HPOS="1428" VPOS="2224" WIDTH="34" />
<String CONTENT="School" HEIGHT="40" HPOS="1463" VPOS="2224" WIDTH="170" />
<SP HEIGHT="39" HPOS="1634" VPOS="2226" WIDTH="29" />
<String CONTENT="of" HEIGHT="41" HPOS="1664" VPOS="2224" WIDTH="51" />
<SP HEIGHT="48" HPOS="1716" VPOS="2224" WIDTH="28" />
<String CONTENT="public" HEIGHT="48" HPOS="1745" VPOS="2224" WIDTH="161" />
<SP HEIGHT="30" HPOS="1907" VPOS="2234" WIDTH="27" />
<String CONTENT="and" HEIGHT="40" HPOS="1935" VPOS="2225" WIDTH="96" />
<SP HEIGHT="42" HPOS="2032" VPOS="2223" WIDTH="29" />
<String CONTENT="international" HEIGHT="101" HPOS="284" VPOS="2223" WIDTH="1969" />
<SP HEIGHT="38" HPOS="437" VPOS="2286" WIDTH="26" />
<String CONTENT="affairs." HEIGHT="41" HPOS="464" VPOS="2283" WIDTH="184" />
</TextLine>
<TextLine HEIGHT="51" HPOS="288" VPOS="2337" WIDTH="1982">
<String CONTENT="&#169;" HEIGHT="51" HPOS="288" VPOS="2337" WIDTH="51" />
<SP HEIGHT="51" HPOS="340" VPOS="2337" WIDTH="27" />
<String CONTENT=".June" HEIGHT="38" HPOS="368" VPOS="2342" WIDTH="124" />
<SP HEIGHT="38" HPOS="493" VPOS="2342" WIDTH="23" />
<String CONTENT="30." HEIGHT="39" HPOS="517" VPOS="2341" WIDTH="67" />
<SP HEIGHT="38" HPOS="585" VPOS="2341" WIDTH="26" />
<String CONTENT="1934:" HEIGHT="40" HPOS="612" VPOS="2339" WIDTH="139" />
<SP HEIGHT="40" HPOS="752" VPOS="2339" WIDTH="27" />
<String CONTENT="2c." HEIGHT="40" HPOS="780" VPOS="2339" WIDTH="62" />
<SP HEIGHT="28" HPOS="843" VPOS="2350" WIDTH="30" />
<String CONTENT="and" HEIGHT="37" HPOS="874" VPOS="2341" WIDTH="94" />
<SP HEIGHT="37" HPOS="969" VPOS="2341" WIDTH="27" />
<String CONTENT="aff." HEIGHT="39" HPOS="997" VPOS="2339" WIDTH="78" />
<SP HEIGHT="37" HPOS="1076" VPOS="2339" WIDTH="26" />
<String CONTENT="Nov." HEIGHT="40" HPOS="1103" VPOS="2339" WIDTH="115" />
<SP HEIGHT="39" HPOS="1219" VPOS="2340" WIDTH="29" />
<String CONTENT="12:" HEIGHT="39" HPOS="1249" VPOS="2337" WIDTH="79" />
<SP HEIGHT="37" HPOS="1329" VPOS="2339" WIDTH="29" />
<String CONTENT="A" HEIGHT="37" HPOS="1359" VPOS="2339" WIDTH="38" />
<SP HEIGHT="38" HPOS="1398" VPOS="2339" WIDTH="28" />
<String CONTENT="78058:" HEIGHT="41" HPOS="1427" VPOS="2337" WIDTH="166" />
<SP HEIGHT="38" HPOS="1594" VPOS="2339" WIDTH="31" />
<String CONTENT="H." HEIGHT="38" HPOS="1626" VPOS="2339" WIDTH="58" />
<SP HEIGHT="38" HPOS="1685" VPOS="2339" WIDTH="27" />
<String CONTENT="L." HEIGHT="38" HPOS="1713" VPOS="2339" WIDTH="49" />
<SP HEIGHT="40" HPOS="1763" VPOS="2338" WIDTH="27" />
<String CONTENT="Childs." HEIGHT="40" HPOS="1791" VPOS="2338" WIDTH="179" />
<SP HEIGHT="39" HPOS="1971" VPOS="2339" WIDTH="27" />
<String CONTENT="Princeton." HEIGHT="39" HPOS="1999" VPOS="2339" WIDTH="271" />
</TextLine>
<TextLine CS="1" HEIGHT="48" HPOS="403" VPOS="2396" WIDTH="425">
<String CONTENT="N." CS="1" HEIGHT="7" HPOS="403" VPOS="2431" WIDTH="7" />
<SP HEIGHT="40" HPOS="411" VPOS="2398" WIDTH="26" />
<String CONTENT="J." HEIGHT="39" HPOS="438" VPOS="2398" WIDTH="41" />
<SP HEIGHT="45" HPOS="480" VPOS="2399" WIDTH="71" />
<String CONTENT="(34-38328)" HEIGHT="48" HPOS="552" VPOS="2396" WIDTH="276" />
</TextLine>
<TextLine HEIGHT="67" HPOS="286" STYLEREFS="StyleId-53E64C5E-D3CB-44D0-99D5-EF884BEFC10C-" VPOS="2456" WIDTH="768">
<String CONTENT="Clarke," HEIGHT="67" HPOS="286" VPOS="2456" WIDTH="225" />
<SP HEIGHT="63" HPOS="512" VPOS="2460" WIDTH="25" />
<String CONTENT="J." HEIGHT="53" HPOS="538" VPOS="2460" WIDTH="50" />
<SP HEIGHT="52" HPOS="589" VPOS="2461" WIDTH="28" />
<String CONTENT="Calvitt," HEIGHT="66" HPOS="618" VPOS="2456" WIDTH="237" />
<SP HEIGHT="57" HPOS="856" VPOS="2465" WIDTH="28" />
<String CONTENT="1888-" HEIGHT="49" HPOS="885" VPOS="2462" WIDTH="169" />
</TextLine>
<TextLine CS="1" HEIGHT="149" HPOS="284" STYLEREFS="StyleId-AD3B1742-CCEB-4C1D-A264-2D5802CDAC5B-" VPOS="2530" WIDTH="1986">
<String CONTENT="Melissa," HEIGHT="69" HPOS="354" VPOS="2533" WIDTH="248" />
<SP HEIGHT="67" HPOS="603" VPOS="2535" WIDTH="35" />
<String CONTENT="by" HEIGHT="67" HPOS="639" VPOS="2535" WIDTH="73" />
<SP HEIGHT="69" HPOS="713" VPOS="2533" WIDTH="39" />
<String CONTENT="J." HEIGHT="53" HPOS="753" VPOS="2533" WIDTH="51" />
<SP HEIGHT="54" HPOS="805" VPOS="2532" WIDTH="44" />
<String CONTENT="Calvitt" HEIGHT="54" HPOS="850" VPOS="2532" WIDTH="216" />
<SP HEIGHT="55" HPOS="1067" VPOS="2531" WIDTH="39" />
<String CONTENT="Clarke" HEIGHT="55" HPOS="1107" VPOS="2531" WIDTH="203" />
<SP HEIGHT="34" HPOS="1311" VPOS="2552" WIDTH="43" />
<String CONTENT="&#8230;" CS="1" />
<SP HEIGHT="52" HPOS="1408" VPOS="2532" WIDTH="79" />
<String CONTENT="New" HEIGHT="50" HPOS="1488" VPOS="2532" WIDTH="135" />
<SP HEIGHT="50" HPOS="1624" VPOS="2532" WIDTH="41" />
<String CONTENT="York," HEIGHT="55" HPOS="1666" VPOS="2531" WIDTH="177" />
<SP HEIGHT="53" HPOS="1844" VPOS="2533" WIDTH="36" />
<String CONTENT="W." HEIGHT="52" HPOS="1881" VPOS="2533" WIDTH="89" />
<SP HEIGHT="54" HPOS="1971" VPOS="2530" WIDTH="41" />
<String CONTENT="Godwin." HEIGHT="54" HPOS="2013" VPOS="2530" WIDTH="257" />
<SP />
<String CONTENT="inc." HEIGHT="53" HPOS="284" VPOS="2611" WIDTH="106" />
<SP HEIGHT="33" HPOS="391" VPOS="2646" WIDTH="33" />
<String CONTENT="[" HEIGHT="33" HPOS="425" VPOS="2646" WIDTH="12" />
<String CONTENT="c" HEIGHT="21" HPOS="443" STYLE="superscript" VPOS="2620" WIDTH="17" />
<String CONTENT="1934" HEIGHT="48" HPOS="465" VPOS="2615" WIDTH="135" />
<String CONTENT="]" HEIGHT="33" HPOS="604" STYLE="subscript" VPOS="2646" WIDTH="12" />
</TextLine>
<TextLine CS="1" HEIGHT="48" HPOS="352" VPOS="2683" WIDTH="355">
<String CONTENT="288" HEIGHT="41" HPOS="352" VPOS="2683" WIDTH="87" />
<SP HEIGHT="47" HPOS="440" VPOS="2684" WIDTH="23" />
<String CONTENT="p." HEIGHT="37" HPOS="464" VPOS="2694" WIDTH="43" />
<SP HEIGHT="37" HPOS="508" VPOS="2685" WIDTH="54" />
<String CONTENT="19&#189;" CS="1" HEIGHT="40" HPOS="563" VPOS="2683" WIDTH="54" />
<String CONTENT="cm" HEIGHT="20" HPOS="650" STYLE="superscript" VPOS="2686" WIDTH="43" />
<String CONTENT="." HEIGHT="7" HPOS="700" VPOS="2716" WIDTH="7" />
</TextLine>
<TextLine HEIGHT="49" HPOS="354" VPOS="2739" WIDTH="885">
<String CONTENT="&#8220;An" HEIGHT="39" HPOS="354" VPOS="2740" WIDTH="102" />
<SP HEIGHT="37" HPOS="457" VPOS="2742" WIDTH="25" />
<String CONTENT="Arcadia" HEIGHT="39" HPOS="483" VPOS="2741" WIDTH="208" />
<SP HEIGHT="38" HPOS="692" VPOS="2742" WIDTH="30" />
<String CONTENT="house" HEIGHT="38" HPOS="723" VPOS="2742" WIDTH="150" />
<SP HEIGHT="37" HPOS="874" VPOS="2751" WIDTH="26" />
<String CONTENT="publication.&quot;" HEIGHT="49" HPOS="901" VPOS="2739" WIDTH="338" />
</TextLine>
<TextLine CS="1" HEIGHT="51" HPOS="287" VPOS="2796" WIDTH="1980">
<String CONTENT="&#169;" HEIGHT="51" HPOS="287" VPOS="2796" WIDTH="51" />
<SP HEIGHT="51" HPOS="339" VPOS="2796" WIDTH="27" />
<String CONTENT="Oct." HEIGHT="39" HPOS="367" VPOS="2801" WIDTH="99" />
<SP HEIGHT="39" HPOS="467" VPOS="2801" WIDTH="28" />
<String CONTENT="30." HEIGHT="41" HPOS="496" VPOS="2800" WIDTH="67" />
<SP HEIGHT="39" HPOS="564" VPOS="2802" WIDTH="24" />
<String CONTENT="1934:" HEIGHT="39" HPOS="589" VPOS="2801" WIDTH="139" />
<SP HEIGHT="39" HPOS="729" VPOS="2800" WIDTH="29" />
<String CONTENT="2c." HEIGHT="40" HPOS="759" VPOS="2800" WIDTH="63" />
<SP HEIGHT="37" HPOS="823" VPOS="2801" WIDTH="31" />
<String CONTENT="Nov." HEIGHT="37" HPOS="855" VPOS="2801" WIDTH="114" />
<SP HEIGHT="37" HPOS="970" VPOS="2801" WIDTH="30" />
<String CONTENT="5:" CS="1" HEIGHT="37" HPOS="1001" VPOS="2801" WIDTH="23" />
<SP HEIGHT="28" HPOS="1052" VPOS="2811" WIDTH="29" />
<String CONTENT="aff." HEIGHT="39" HPOS="1082" VPOS="2800" WIDTH="80" />
<SP HEIGHT="38" HPOS="1163" VPOS="2801" WIDTH="27" />
<String CONTENT="Nov." HEIGHT="40" HPOS="1191" VPOS="2801" WIDTH="117" />
<SP HEIGHT="38" HPOS="1309" VPOS="2803" WIDTH="27" />
<String CONTENT="1:" HEIGHT="37" HPOS="1337" VPOS="2803" WIDTH="50" />
<SP HEIGHT="38" HPOS="1388" VPOS="2802" WIDTH="30" />
<String CONTENT="A" HEIGHT="37" HPOS="1419" VPOS="2802" WIDTH="41" />
<SP HEIGHT="38" HPOS="1461" VPOS="2802" WIDTH="28" />
<String CONTENT="76916:" HEIGHT="40" HPOS="1490" VPOS="2800" WIDTH="165" />
<SP HEIGHT="38" HPOS="1656" VPOS="2802" WIDTH="30" />
<String CONTENT="William" HEIGHT="43" HPOS="1687" VPOS="2798" WIDTH="215" />
<SP HEIGHT="40" HPOS="1903" VPOS="2801" WIDTH="30" />
<String CONTENT="Godwin," HEIGHT="40" HPOS="1934" VPOS="2800" WIDTH="213" />
<SP HEIGHT="38" HPOS="2148" VPOS="2801" WIDTH="28" />
<String CONTENT="inc." HEIGHT="38" HPOS="2177" VPOS="2801" WIDTH="90" />
</TextLine>
<TextLine CS="1" HEIGHT="46" HPOS="364" VPOS="2858" WIDTH="277">
<String CONTENT="(34-38518)" CS="1" HEIGHT="46" HPOS="364" VPOS="2858" WIDTH="277" />
</TextLine>
<TextLine HEIGHT="72" HPOS="283" STYLEREFS="StyleId-53E64C5E-D3CB-44D0-99D5-EF884BEFC10C-" VPOS="2915" WIDTH="1452">
<String CONTENT="Concord" HEIGHT="53" HPOS="283" VPOS="2919" WIDTH="259" />
<SP HEIGHT="52" HPOS="543" VPOS="2920" WIDTH="29" />
<String CONTENT="antiquarian" HEIGHT="64" HPOS="573" VPOS="2919" WIDTH="377" />
<SP HEIGHT="36" HPOS="951" VPOS="2938" WIDTH="31" />
<String CONTENT="society," HEIGHT="64" HPOS="983" VPOS="2920" WIDTH="240" />
<SP HEIGHT="61" HPOS="1224" VPOS="2923" WIDTH="35" />
<String CONTENT="Concord," HEIGHT="66" HPOS="1260" VPOS="2921" WIDTH="274" />
<SP HEIGHT="72" HPOS="1535" VPOS="2915" WIDTH="30" />
<String CONTENT="Mass." HEIGHT="59" HPOS="1566" VPOS="2915" WIDTH="169" />
</TextLine>
<TextLine CS="1" HEIGHT="151" HPOS="281" STYLEREFS="StyleId-AD3B1742-CCEB-4C1D-A264-2D5802CDAC5B-" VPOS="2992" WIDTH="1985">
<String CONTENT="Handbook," HEIGHT="68" HPOS="348" VPOS="2993" WIDTH="343" />
<SP HEIGHT="67" HPOS="692" VPOS="2994" WIDTH="24" />
<String CONTENT="Concord" HEIGHT="54" HPOS="717" VPOS="2994" WIDTH="258" />
<SP HEIGHT="51" HPOS="976" VPOS="2997" WIDTH="23" />
<String CONTENT="antiquarian" HEIGHT="68" HPOS="1000" VPOS="2996" WIDTH="362" />
<SP HEIGHT="35" HPOS="1363" VPOS="3015" WIDTH="22" />
<String CONTENT="society," HEIGHT="67" HPOS="1386" VPOS="2998" WIDTH="227" />
<SP HEIGHT="68" HPOS="1614" VPOS="2995" WIDTH="25" />
<String CONTENT="Concord," HEIGHT="67" HPOS="1640" VPOS="2994" WIDTH="279" />
<SP HEIGHT="68" HPOS="1920" VPOS="2993" WIDTH="20" />
<String CONTENT="Massachusetts," HEIGHT="147" HPOS="281" VPOS="2992" WIDTH="1962" />
<SP HEIGHT="65" HPOS="435" VPOS="3074" WIDTH="54" />
<String CONTENT="by" HEIGHT="66" HPOS="490" VPOS="3074" WIDTH="75" />
<SP HEIGHT="65" HPOS="566" VPOS="3075" WIDTH="52" />
<String CONTENT="Hazel" HEIGHT="53" HPOS="619" VPOS="3073" WIDTH="183" />
<SP HEIGHT="53" HPOS="803" VPOS="3073" WIDTH="55" />
<String CONTENT="E." HEIGHT="51" HPOS="859" VPOS="3075" WIDTH="66" />
<SP HEIGHT="54" HPOS="926" VPOS="3075" WIDTH="58" />
<String CONTENT="Cummin," HEIGHT="68" HPOS="985" VPOS="3075" WIDTH="282" />
<SP HEIGHT="47" HPOS="1268" VPOS="3096" WIDTH="54" />
<String CONTENT="with" HEIGHT="50" HPOS="1323" VPOS="3077" WIDTH="138" />
<SP HEIGHT="52" HPOS="1462" VPOS="3077" WIDTH="56" />
<String CONTENT="introduction" HEIGHT="56" HPOS="1519" VPOS="3073" WIDTH="390" />
<SP HEIGHT="52" HPOS="1910" VPOS="3074" WIDTH="55" />
<String CONTENT="by" HEIGHT="66" HPOS="1966" VPOS="3074" WIDTH="74" />
<SP HEIGHT="65" HPOS="2041" VPOS="3075" WIDTH="53" />
<String CONTENT="Allen" HEIGHT="51" HPOS="2095" VPOS="3074" WIDTH="171" />
</TextLine>
<TextLine CS="1" HEIGHT="149" HPOS="277" STYLEREFS="StyleId-AD3B1742-CCEB-4C1D-A264-2D5802CDAC5B-" VPOS="3147" WIDTH="1990">
<String CONTENT="French," HEIGHT="68" HPOS="277" VPOS="3148" WIDTH="241" />
<SP HEIGHT="49" HPOS="519" VPOS="3168" WIDTH="31" />
<String CONTENT="president" HEIGHT="68" HPOS="551" VPOS="3149" WIDTH="289" />
<SP HEIGHT="46" HPOS="841" VPOS="3157" WIDTH="34" />
<String CONTENT="of" HEIGHT="52" HPOS="876" VPOS="3151" WIDTH="63" />
<SP HEIGHT="52" HPOS="940" VPOS="3151" WIDTH="31" />
<String CONTENT="the" HEIGHT="52" HPOS="972" VPOS="3152" WIDTH="94" />
<SP HEIGHT="35" HPOS="1067" VPOS="3170" WIDTH="34" />
<String CONTENT="society." HEIGHT="67" HPOS="1102" VPOS="3153" WIDTH="223" />
<SP HEIGHT="33" HPOS="1326" VPOS="3186" WIDTH="77" />
<String CONTENT="[Portland," HEIGHT="68" HPOS="1404" VPOS="3151" WIDTH="316" />
<SP HEIGHT="67" HPOS="1721" VPOS="3150" WIDTH="32" />
<String CONTENT="Me.," HEIGHT="67" HPOS="1754" VPOS="3150" WIDTH="129" />
<SP HEIGHT="67" HPOS="1884" VPOS="3150" WIDTH="31" />
<String CONTENT="Printed" HEIGHT="54" HPOS="1916" VPOS="3148" WIDTH="242" />
<SP HEIGHT="55" HPOS="2159" VPOS="3147" WIDTH="31" />
<String CONTENT="by" HEIGHT="69" HPOS="2191" VPOS="3147" WIDTH="76" />
<SP />
<String CONTENT="the" HEIGHT="52" HPOS="278" VPOS="3226" WIDTH="94" />
<SP HEIGHT="55" HPOS="373" VPOS="3226" WIDTH="35" />
<String CONTENT="Southworth" HEIGHT="55" HPOS="409" VPOS="3226" WIDTH="370" />
<SP HEIGHT="67" HPOS="780" VPOS="3229" WIDTH="31" />
<String CONTENT="press," CS="1" HEIGHT="49" HPOS="812" VPOS="3247" WIDTH="158" />
<SP HEIGHT="60" HPOS="989" VPOS="3236" WIDTH="38" />
<String CONTENT="c" HEIGHT="21" HPOS="1028" STYLE="superscript" VPOS="3236" WIDTH="17" />
<String CONTENT="1932." HEIGHT="50" HPOS="1050" VPOS="3232" WIDTH="149" />
</TextLine>
<TextLine CS="1" HEIGHT="53" HPOS="352" VPOS="3297" WIDTH="1198">
<String CONTENT="57." HEIGHT="46" HPOS="352" VPOS="3297" WIDTH="67" />
<SP HEIGHT="29" HPOS="420" VPOS="3320" WIDTH="30" />
<String CONTENT="[1]" HEIGHT="48" HPOS="451" VPOS="3301" WIDTH="54" />
<SP HEIGHT="40" HPOS="506" VPOS="3309" WIDTH="26" />
<String CONTENT="p." HEIGHT="38" HPOS="533" VPOS="3309" WIDTH="43" />
<SP HEIGHT="39" HPOS="577" VPOS="3301" WIDTH="57" />
<String CONTENT="front.," HEIGHT="48" HPOS="635" VPOS="3301" WIDTH="162" />
<SP HEIGHT="46" HPOS="798" VPOS="3303" WIDTH="29" />
<String CONTENT="illus." HEIGHT="40" HPOS="828" VPOS="3302" WIDTH="126" />
<SP HEIGHT="46" HPOS="955" VPOS="3303" WIDTH="28" />
<String CONTENT="(plan)" HEIGHT="48" HPOS="984" VPOS="3302" WIDTH="159" />
<SP HEIGHT="46" HPOS="1144" VPOS="3304" WIDTH="35" />
<String CONTENT="plates." HEIGHT="47" HPOS="1180" VPOS="3303" WIDTH="169" />
<SP HEIGHT="44" HPOS="1350" VPOS="3302" WIDTH="54" />
<String CONTENT="25&#189;" CS="1" HEIGHT="40" HPOS="1405" VPOS="3302" WIDTH="56" />
<String CONTENT="cm" HEIGHT="21" HPOS="1494" STYLE="superscript" VPOS="3305" WIDTH="43" />
<String CONTENT="." HEIGHT="7" HPOS="1543" VPOS="3335" WIDTH="7" />
</TextLine>
<TextLine CS="1" HEIGHT="53" HPOS="281" VPOS="3352" WIDTH="1986">
<String CONTENT="&#169;" HEIGHT="51" HPOS="281" VPOS="3352" WIDTH="52" />
<SP HEIGHT="51" HPOS="334" VPOS="3352" WIDTH="24" />
<String CONTENT="Aug." HEIGHT="45" HPOS="359" VPOS="3360" WIDTH="117" />
<SP HEIGHT="38" HPOS="477" VPOS="3359" WIDTH="25" />
<String CONTENT="3." HEIGHT="38" HPOS="503" VPOS="3359" WIDTH="39" />
<SP HEIGHT="37" HPOS="543" VPOS="3360" WIDTH="26" />
<String CONTENT="1932:" CS="1" HEIGHT="41" HPOS="570" VPOS="3357" WIDTH="111" />
<SP HEIGHT="39" HPOS="709" VPOS="3359" WIDTH="28" />
<String CONTENT="2c." HEIGHT="40" HPOS="738" VPOS="3359" WIDTH="65" />
<SP HEIGHT="28" HPOS="804" VPOS="3371" WIDTH="27" />
<String CONTENT="and" HEIGHT="37" HPOS="832" VPOS="3362" WIDTH="95" />
<SP HEIGHT="38" HPOS="928" VPOS="3362" WIDTH="24" />
<String CONTENT="aff." HEIGHT="40" HPOS="953" VPOS="3360" WIDTH="79" />
<SP HEIGHT="37" HPOS="1033" VPOS="3362" WIDTH="27" />
<String CONTENT="Nov." HEIGHT="41" HPOS="1061" VPOS="3362" WIDTH="116" />
<SP HEIGHT="41" HPOS="1178" VPOS="3362" WIDTH="26" />
<String CONTENT="8." HEIGHT="40" HPOS="1205" VPOS="3362" WIDTH="37" />
<SP HEIGHT="39" HPOS="1243" VPOS="3363" WIDTH="27" />
<String CONTENT="1934:" CS="1" HEIGHT="39" HPOS="1271" VPOS="3362" WIDTH="113" />
<SP HEIGHT="37" HPOS="1412" VPOS="3363" WIDTH="30" />
<String CONTENT="A" HEIGHT="37" HPOS="1443" VPOS="3363" WIDTH="40" />
<SP HEIGHT="37" HPOS="1484" VPOS="3363" WIDTH="26" />
<String CONTENT="77162:" CS="1" HEIGHT="39" HPOS="1511" VPOS="3361" WIDTH="140" />
<SP HEIGHT="40" HPOS="1679" VPOS="3360" WIDTH="29" />
<String CONTENT="Concord" HEIGHT="40" HPOS="1709" VPOS="3360" WIDTH="215" />
<SP HEIGHT="38" HPOS="1925" VPOS="3360" WIDTH="28" />
<String CONTENT="antiquarian" HEIGHT="48" HPOS="1954" VPOS="3356" WIDTH="313" />
</TextLine>
<TextLine HEIGHT="50" HPOS="348" VPOS="3415" WIDTH="879">
<String CONTENT="soc.." HEIGHT="29" HPOS="348" VPOS="3425" WIDTH="105" />
<SP HEIGHT="40" HPOS="454" VPOS="3415" WIDTH="26" />
<String CONTENT="Concord." HEIGHT="40" HPOS="481" VPOS="3415" WIDTH="227" />
<SP HEIGHT="38" HPOS="709" VPOS="3417" WIDTH="24" />
<String CONTENT="Mass." HEIGHT="39" HPOS="734" VPOS="3417" WIDTH="142" />
<SP HEIGHT="47" HPOS="877" VPOS="3417" WIDTH="73" />
<String CONTENT="(34-38351)" HEIGHT="48" HPOS="951" VPOS="3417" WIDTH="276" />
</TextLine>
<TextLine CS="1" HEIGHT="69" HPOS="277" STYLEREFS="StyleId-AD3B1742-CCEB-4C1D-A264-2D5802CDAC5B-" VPOS="3472" WIDTH="1105">
<String CONTENT="Connett," HEIGHT="69" HPOS="277" VPOS="3472" WIDTH="271" />
<SP HEIGHT="63" HPOS="549" VPOS="3478" WIDTH="31" />
<String CONTENT="Eugene" HEIGHT="63" HPOS="581" VPOS="3478" WIDTH="240" />
<SP HEIGHT="51" HPOS="822" VPOS="3479" WIDTH="30" />
<String CONTENT="Virginius." CS="1" HEIGHT="64" HPOS="909" VPOS="3477" WIDTH="267" />
<SP HEIGHT="47" HPOS="1177" VPOS="3487" WIDTH="34" />
<String CONTENT="1891-" HEIGHT="49" HPOS="1212" VPOS="3485" WIDTH="170" />
</TextLine>
<TextLine CS="1" HEIGHT="146" HPOS="272" STYLEREFS="StyleId-AD3B1742-CCEB-4C1D-A264-2D5802CDAC5B-" VPOS="3550" WIDTH="1969">
<String CONTENT="Fishing" HEIGHT="68" HPOS="342" VPOS="3552" WIDTH="243" />
<SP HEIGHT="48" HPOS="586" VPOS="3572" WIDTH="29" />
<String CONTENT="a" HEIGHT="33" HPOS="616" VPOS="3573" WIDTH="27" />
<SP HEIGHT="47" HPOS="644" VPOS="3559" WIDTH="33" />
<String CONTENT="trout" HEIGHT="47" HPOS="678" VPOS="3559" WIDTH="154" />
<SP HEIGHT="47" HPOS="833" VPOS="3560" WIDTH="31" />
<String CONTENT="stream," HEIGHT="47" HPOS="865" VPOS="3561" WIDTH="223" />
<SP HEIGHT="52" HPOS="1089" VPOS="3556" WIDTH="31" />
<String CONTENT="by" HEIGHT="67" HPOS="1121" VPOS="3556" WIDTH="73" />
<SP HEIGHT="65" HPOS="1195" VPOS="3558" WIDTH="32" />
<String CONTENT="Eugene" HEIGHT="67" HPOS="1228" VPOS="3558" WIDTH="235" />
<SP HEIGHT="54" HPOS="1464" VPOS="3557" WIDTH="28" />
<String CONTENT="V." HEIGHT="52" HPOS="1493" VPOS="3557" WIDTH="71" />
<SP HEIGHT="54" HPOS="1565" VPOS="3555" WIDTH="36" />
<String CONTENT="Connett," HEIGHT="63" HPOS="1602" VPOS="3555" WIDTH="263" />
<SP HEIGHT="63" HPOS="1866" VPOS="3555" WIDTH="31" />
<String CONTENT="3rd;" HEIGHT="66" HPOS="1898" VPOS="3551" WIDTH="130" />
<SP HEIGHT="47" HPOS="2029" VPOS="3570" WIDTH="38" />
<String CONTENT="photographs" HEIGHT="146" HPOS="272" VPOS="3550" WIDTH="1969" />
<SP HEIGHT="53" HPOS="486" VPOS="3630" WIDTH="39" />
<String CONTENT="by" HEIGHT="66" HPOS="526" VPOS="3630" WIDTH="75" />
</TextLine>
<TextLine HEIGHT="69" HPOS="641" STYLEREFS="StyleId-AD3B1742-CCEB-4C1D-A264-2D5802CDAC5B-" VPOS="3628" WIDTH="1622">
<String CONTENT="Lawrence" HEIGHT="53" HPOS="641" VPOS="3630" WIDTH="300" />
<SP HEIGHT="51" HPOS="942" VPOS="3632" WIDTH="40" />
<String CONTENT="B." HEIGHT="52" HPOS="983" VPOS="3632" WIDTH="65" />
<SP HEIGHT="55" HPOS="1049" VPOS="3632" WIDTH="47" />
<String CONTENT="Smith." HEIGHT="55" HPOS="1097" VPOS="3632" WIDTH="203" />
<SP HEIGHT="53" HPOS="1301" VPOS="3633" WIDTH="74" />
<String CONTENT="New" HEIGHT="52" HPOS="1376" VPOS="3633" WIDTH="140" />
<SP HEIGHT="51" HPOS="1517" VPOS="3632" WIDTH="43" />
<String CONTENT="York," HEIGHT="66" HPOS="1561" VPOS="3631" WIDTH="179" />
<SP HEIGHT="67" HPOS="1741" VPOS="3630" WIDTH="43" />
<String CONTENT="The" HEIGHT="53" HPOS="1785" VPOS="3629" WIDTH="121" />
<SP HEIGHT="53" HPOS="1907" VPOS="3629" WIDTH="40" />
<String CONTENT="Derrydale" HEIGHT="65" HPOS="1948" VPOS="3628" WIDTH="315" />
</TextLine>
<TextLine HEIGHT="63" HPOS="270" STYLEREFS="StyleId-AD3B1742-CCEB-4C1D-A264-2D5802CDAC5B-" VPOS="3710" WIDTH="389">
<String CONTENT="press" HEIGHT="48" HPOS="270" VPOS="3724" WIDTH="156" />
<SP HEIGHT="47" HPOS="427" VPOS="3726" WIDTH="41" />
<String CONTENT="[" HEIGHT="33" HPOS="469" VPOS="3740" WIDTH="12" />
<String CONTENT="c" HEIGHT="21" HPOS="486" STYLE="superscript" VPOS="3713" WIDTH="17" />
<String CONTENT="1934]" HEIGHT="63" HPOS="509" VPOS="3710" WIDTH="150" />
</TextLine>
<TextLine CS="1" HEIGHT="52" HPOS="340" VPOS="3780" WIDTH="1210">
<String CONTENT="ix" HEIGHT="39" HPOS="340" LANG="de" VPOS="3780" WIDTH="52" />
<SP HEIGHT="37" HPOS="393" VPOS="3791" WIDTH="22" />
<String CONTENT="p.," HEIGHT="37" HPOS="416" VPOS="3791" WIDTH="56" />
<SP HEIGHT="46" HPOS="473" VPOS="3782" WIDTH="26" />
<String CONTENT="1" HEIGHT="38" HPOS="500" VPOS="3782" WIDTH="25" />
<SP />
<String CONTENT="l.," CS="1" HEIGHT="16" HPOS="587" VPOS="3813" WIDTH="8" />
<SP HEIGHT="47" HPOS="596" VPOS="3782" WIDTH="26" />
<String CONTENT="13-137," HEIGHT="48" HPOS="623" VPOS="3782" WIDTH="185" />
<SP HEIGHT="30" HPOS="809" VPOS="3802" WIDTH="29" />
<String CONTENT="[1]" HEIGHT="48" HPOS="839" VPOS="3784" WIDTH="53" />
<SP HEIGHT="38" HPOS="893" VPOS="3794" WIDTH="28" />
<String CONTENT="p." HEIGHT="37" HPOS="922" VPOS="3794" WIDTH="42" />
<SP HEIGHT="38" HPOS="965" VPOS="3785" WIDTH="58" />
<String CONTENT="front.," HEIGHT="46" HPOS="1024" VPOS="3785" WIDTH="161" />
<SP HEIGHT="45" HPOS="1186" VPOS="3786" WIDTH="27" />
<String CONTENT="illus." HEIGHT="38" HPOS="1214" VPOS="3786" WIDTH="127" />
<SP HEIGHT="40" HPOS="1342" VPOS="3784" WIDTH="59" />
<String CONTENT="25&#189;" CS="1" HEIGHT="39" HPOS="1402" VPOS="3784" WIDTH="58" />
<String CONTENT="cm" HEIGHT="22" HPOS="1493" STYLE="superscript" VPOS="3785" WIDTH="43" />
<String CONTENT="." HEIGHT="7" HPOS="1543" VPOS="3815" WIDTH="7" />
</TextLine>
<TextLine CS="1" HEIGHT="52" HPOS="345" VPOS="3836" WIDTH="1460">
<String CONTENT="&#8220;Nine" HEIGHT="41" HPOS="345" VPOS="3836" WIDTH="149" />
<SP HEIGHT="41" HPOS="495" VPOS="3836" WIDTH="23" />
<String CONTENT="hundred" HEIGHT="42" HPOS="519" VPOS="3836" WIDTH="219" />
<SP HEIGHT="40" HPOS="739" VPOS="3839" WIDTH="24" />
<String CONTENT="and" HEIGHT="39" HPOS="764" VPOS="3840" WIDTH="94" />
<SP HEIGHT="40" HPOS="859" VPOS="3839" WIDTH="22" />
<String CONTENT="fifty" HEIGHT="48" HPOS="882" VPOS="3839" WIDTH="110" />
<SP HEIGHT="36" HPOS="993" VPOS="3851" WIDTH="23" />
<String CONTENT="copies" HEIGHT="48" HPOS="1017" VPOS="3840" WIDTH="157" />
<SP HEIGHT="29" HPOS="1175" VPOS="3852" WIDTH="27" />
<String CONTENT="&#8230;" CS="1" />
<SP HEIGHT="37" HPOS="1248" VPOS="3843" WIDTH="27" />
<String CONTENT="have" HEIGHT="38" HPOS="1276" VPOS="3843" WIDTH="125" />
<SP HEIGHT="40" HPOS="1402" VPOS="3841" WIDTH="24" />
<String CONTENT="been" HEIGHT="39" HPOS="1427" VPOS="3841" WIDTH="117" />
<SP HEIGHT="37" HPOS="1545" VPOS="3849" WIDTH="23" />
<String CONTENT="printed.&#8221;" HEIGHT="50" HPOS="1569" VPOS="3836" WIDTH="236" />
</TextLine>
<TextLine HEIGHT="57" HPOS="274" VPOS="3887" WIDTH="1988">
<String CONTENT="&#169;" HEIGHT="51" HPOS="274" VPOS="3887" WIDTH="52" />
<SP HEIGHT="51" HPOS="327" VPOS="3887" WIDTH="28" />
<String CONTENT="Oct." HEIGHT="40" HPOS="356" VPOS="3892" WIDTH="100" />
<SP HEIGHT="38" HPOS="457" VPOS="3894" WIDTH="25" />
<String CONTENT="19." HEIGHT="40" HPOS="483" VPOS="3892" WIDTH="67" />
<SP HEIGHT="36" HPOS="551" VPOS="3896" WIDTH="29" />
<String CONTENT="1934:" HEIGHT="40" HPOS="581" VPOS="3893" WIDTH="138" />
<SP HEIGHT="38" HPOS="720" VPOS="3895" WIDTH="31" />
<String CONTENT="2c." HEIGHT="40" HPOS="752" VPOS="3895" WIDTH="64" />
<SP HEIGHT="39" HPOS="817" VPOS="3896" WIDTH="27" />
<String CONTENT="Nov." HEIGHT="39" HPOS="845" VPOS="3896" WIDTH="117" />
<SP HEIGHT="38" HPOS="963" VPOS="3897" WIDTH="28" />
<String CONTENT="5;" HEIGHT="40" HPOS="992" VPOS="3897" WIDTH="50" />
<SP HEIGHT="29" HPOS="1043" VPOS="3908" WIDTH="34" />
<String CONTENT="aff." HEIGHT="42" HPOS="1078" VPOS="3896" WIDTH="81" />
<SP HEIGHT="39" HPOS="1160" VPOS="3899" WIDTH="26" />
<String CONTENT="Nov." HEIGHT="38" HPOS="1187" VPOS="3899" WIDTH="118" />
<SP HEIGHT="37" HPOS="1306" VPOS="3900" WIDTH="27" />
<String CONTENT="1;" HEIGHT="44" HPOS="1334" VPOS="3900" WIDTH="52" />
<SP HEIGHT="46" HPOS="1387" VPOS="3898" WIDTH="34" />
<String CONTENT="A" HEIGHT="38" HPOS="1422" VPOS="3898" WIDTH="43" />
<SP HEIGHT="39" HPOS="1466" VPOS="3897" WIDTH="28" />
<String CONTENT="76926:" HEIGHT="40" HPOS="1495" VPOS="3894" WIDTH="166" />
<SP HEIGHT="38" HPOS="1662" VPOS="3894" WIDTH="33" />
<String CONTENT="Derrydale" HEIGHT="48" HPOS="1696" VPOS="3891" WIDTH="273" />
<SP HEIGHT="36" HPOS="1970" VPOS="3901" WIDTH="24" />
<String CONTENT="press," HEIGHT="39" HPOS="1995" VPOS="3898" WIDTH="147" />
<SP HEIGHT="46" HPOS="2143" VPOS="3889" WIDTH="30" />
<String CONTENT="inc." HEIGHT="39" HPOS="2174" VPOS="3889" WIDTH="88" />
</TextLine>
<TextLine HEIGHT="50" HPOS="351" VPOS="3948" WIDTH="277">
<String CONTENT="(34-38377)" HEIGHT="50" HPOS="351" VPOS="3948" WIDTH="277" />
</TextLine>
</TextBlock>
</PrintSpace>
</Page>
</Layout>
</alto>