<alto xmlns="http://www.loc.gov/standards/alto/ns-v3#" xmlns:xlink="http://www.w3.org/1999/xlink" xmlns:xsi="http://www.w3.org/2001/XMLSchema-instance" xsi:schemaLocation="http://www.loc.gov/standards/alto/ns-v3# http://www.loc.gov/alto/v3/alto-3-0.xsd"><Description>
<MeasurementUnit>pixel</MeasurementUnit>
<sourceImageInformation>
<fileName>1934_v1_Part1.pdf</fileName>
</sourceImageInformation>
<OCRProcessing ID="IdOcr">
<ocrProcessingStep>
<processingDateTime>2019-01-10</processingDateTime>
<processingSoftware>
<softwareCreator>ABBYY</softwareCreator>
<softwareName>ABBYY Recognition Server</softwareName>
<softwareVersion>4.0</softwareVersion>
</processingSoftware>
</ocrProcessingStep>
</OCRProcessing>
</Description>
<Styles>
<ParagraphStyle ID="StyleId-FFFFFFFF-FFFF-FFFF-FFFF-FFFFFFFFFFFF-" ALIGN="Left" LEFT="0." RIGHT="0." FIRSTLINE="0."/>
<ParagraphStyle ID="StyleId-521E1FC6-FE7E-43A4-90E6-A9B61626A263-" ALIGN="Right" LEFT="0." RIGHT="0." FIRSTLINE="0." LINESPACE="13.30000019"/>
<ParagraphStyle ID="StyleId-639B624E-F6F5-47B6-BB1D-34E64B53022F-" ALIGN="Left" LEFT="0." RIGHT="0." FIRSTLINE="-27." LINESPACE="13.43999958"/>
<ParagraphStyle ID="StyleId-100905F9-D385-406B-A5BD-ED5B8FD85431-" ALIGN="Left" LEFT="0." RIGHT="0." FIRSTLINE="0."/>
<ParagraphStyle ID="StyleId-7C9F9BA2-EF3A-4B7F-8486-CCC7B7F49B39-" ALIGN="Left" LEFT="0." RIGHT="0." FIRSTLINE="-27." LINESPACE="18.71999931"/>
<ParagraphStyle ID="StyleId-350780E3-60F2-4605-88F5-BB54F9B87091-" ALIGN="Block" LEFT="0." RIGHT="0." FIRSTLINE="-27." LINESPACE="18.71999931"/>
<ParagraphStyle ID="StyleId-90B16C58-D795-4C77-9B89-30378C515D40-" ALIGN="Left" LEFT="0." RIGHT="0." FIRSTLINE="0." LINESPACE="14.39999962"/>
<ParagraphStyle ID="StyleId-17090E09-AFAF-4086-BD9B-4E99FAE6B057-" ALIGN="Right" LEFT="0." RIGHT="0." FIRSTLINE="-27." LINESPACE="14.39999962"/>
<ParagraphStyle ID="StyleId-8B87B633-89DB-4D72-B1FC-26E4ABD680BC-" ALIGN="Left" LEFT="0." RIGHT="0." FIRSTLINE="-27." LINESPACE="18.47999954"/>
<ParagraphStyle ID="StyleId-42DA7417-CA90-4D71-A57B-06556C38D752-" ALIGN="Left" LEFT="0." RIGHT="0." FIRSTLINE="0." LINESPACE="13.30000019"/>
<ParagraphStyle ID="StyleId-D8EE2A7E-42AE-4E35-98DB-F0F935637AA0-" ALIGN="Block" LEFT="0." RIGHT="0." FIRSTLINE="0." LINESPACE="6.599999905"/>
<ParagraphStyle ID="StyleId-33CD3121-D4F5-43B6-BA96-6382D166E6B8-" ALIGN="Left" LEFT="0." RIGHT="0." FIRSTLINE="0." LINESPACE="15.5"/>
<ParagraphStyle ID="StyleId-1CE52AFA-C319-4DD9-B4B1-F0EBFA2B3F0B-" ALIGN="Block" LEFT="0." RIGHT="0." FIRSTLINE="-21." LINESPACE="18.71999931"/>
<ParagraphStyle ID="StyleId-B74F1B65-92F1-49C5-A5FA-D20442F031F2-" ALIGN="Left" LEFT="0." RIGHT="0." FIRSTLINE="0." LINESPACE="17.70006076"/>
<ParagraphStyle ID="StyleId-79E2924A-215C-40B7-B577-7236BFBAA25E-" ALIGN="Center" LEFT="0." RIGHT="0." FIRSTLINE="0." LINESPACE="7.199999809"/>
</Styles>
<Layout>
<Page ID="Page219" PHYSICAL_IMG_NR="219" HEIGHT="4196" WIDTH="2350">
<TopMargin HEIGHT="409" WIDTH="2350" VPOS="0" HPOS="0">
</TopMargin>
<LeftMargin HEIGHT="3641" WIDTH="113" VPOS="409" HPOS="0">
</LeftMargin>
<RightMargin HEIGHT="3641" WIDTH="150" VPOS="409" HPOS="2200">
</RightMargin>
<BottomMargin HEIGHT="146" WIDTH="2350" VPOS="4050" HPOS="0">
<TextBlock ID="Page219_Block1" HEIGHT="61" WIDTH="112" VPOS="4066" HPOS="1091" LANG="en-US" STYLEREFS="StyleId-0C7F3B6F-C604-484C-8CA3-8E0860E1A3AA-">
<TextLine HEIGHT="49" WIDTH="100" VPOS="4072" HPOS="1097">
<String CONTENT="219" HEIGHT="49" WIDTH="100" VPOS="4072" HPOS="1097"/>
</TextLine>
</TextBlock>
</BottomMargin>
<PrintSpace HEIGHT="3641" WIDTH="2087" VPOS="409" HPOS="113">
<TextBlock ID="Page219_Block2" HEIGHT="3641" WIDTH="2087" VPOS="409" HPOS="113" LANG="en-US" CS="1" STYLEREFS="StyleId-EEB42332-596E-4555-BF98-9161AB1F3099-">
<Shape>
<Polygon POINTS="113,409 2200,409 2200,4006 988,4006 988,4050 113,4050 113,409"/>
</Shape>
<TextLine HEIGHT="68" WIDTH="1714" VPOS="426" HPOS="164" STYLEREFS="StyleId-CF4C3298-38FC-4839-8F3B-8DA5A43FF7E1-">
<String CONTENT="Marie," HEIGHT="65" WIDTH="198" VPOS="426" HPOS="164"/>
<SP HEIGHT="63" WIDTH="33" VPOS="428" HPOS="363"/>
<String CONTENT="duchess" HEIGHT="52" WIDTH="236" VPOS="428" HPOS="397"/>
<SP HEIGHT="34" WIDTH="35" VPOS="446" HPOS="634"/>
<String CONTENT="of" HEIGHT="65" WIDTH="62" VPOS="429" HPOS="670"/>
<SP HEIGHT="65" WIDTH="31" VPOS="429" HPOS="733"/>
<String CONTENT="Mecklenburg-Schwerin," HEIGHT="67" WIDTH="750" VPOS="427" HPOS="765"/>
<SP HEIGHT="62" WIDTH="35" VPOS="432" HPOS="1516"/>
<String CONTENT="1856-1929." HEIGHT="50" WIDTH="326" VPOS="431" HPOS="1552"/>
</TextLine>
<TextLine HEIGHT="67" WIDTH="1929" VPOS="504" HPOS="223" STYLEREFS="StyleId-075D7C6D-625E-48CA-AED5-17481AD4C2C5-" CS="1">
<String CONTENT="Prehistoric" HEIGHT="52" WIDTH="350" VPOS="504" HPOS="223"/>
<SP HEIGHT="49" WIDTH="25" VPOS="522" HPOS="574"/>
<String CONTENT="grave" HEIGHT="48" WIDTH="172" VPOS="523" HPOS="600"/>
<SP HEIGHT="32" WIDTH="26" VPOS="524" HPOS="773"/>
<String CONTENT="material" HEIGHT="51" WIDTH="263" VPOS="505" HPOS="800"/>
<SP HEIGHT="51" WIDTH="27" VPOS="504" HPOS="1064"/>
<String CONTENT="from" HEIGHT="52" WIDTH="151" VPOS="504" HPOS="1092"/>
<SP HEIGHT="55" WIDTH="28" VPOS="504" HPOS="1244"/>
<String CONTENT="Carniola" HEIGHT="55" WIDTH="270" VPOS="504" HPOS="1273"/>
<SP HEIGHT="33" WIDTH="27" VPOS="523" HPOS="1544"/>
<String CONTENT="excavated" HEIGHT="52" WIDTH="307" VPOS="505" HPOS="1572"/>
<SP HEIGHT="53" WIDTH="25" VPOS="505" HPOS="1880"/>
<String CONTENT="in" HEIGHT="53" WIDTH="60" VPOS="505" HPOS="1906"/>
<SP HEIGHT="47" WIDTH="30" VPOS="509" HPOS="1967"/>
<String CS="1" CONTENT="1905-14" HEIGHT="50" WIDTH="154" VPOS="508" HPOS="1998"/>
</TextLine>
<TextLine HEIGHT="69" WIDTH="1903" VPOS="581" HPOS="252" STYLEREFS="StyleId-075D7C6D-625E-48CA-AED5-17481AD4C2C5-">
<String CONTENT="by" HEIGHT="67" WIDTH="73" VPOS="582" HPOS="252"/>
<SP HEIGHT="67" WIDTH="30" VPOS="582" HPOS="326"/>
<String CONTENT="H." HEIGHT="51" WIDTH="76" VPOS="582" HPOS="357"/>
<SP HEIGHT="51" WIDTH="32" VPOS="582" HPOS="434"/>
<String CONTENT="H." HEIGHT="51" WIDTH="76" VPOS="582" HPOS="467"/>
<SP HEIGHT="47" WIDTH="32" VPOS="587" HPOS="544"/>
<String CONTENT="the" HEIGHT="51" WIDTH="96" VPOS="583" HPOS="577"/>
<SP HEIGHT="52" WIDTH="28" VPOS="582" HPOS="674"/>
<String CONTENT="late" HEIGHT="52" WIDTH="115" VPOS="582" HPOS="703"/>
<SP HEIGHT="51" WIDTH="27" VPOS="583" HPOS="819"/>
<String CONTENT="Duchess" HEIGHT="52" WIDTH="255" VPOS="582" HPOS="847"/>
<SP HEIGHT="51" WIDTH="31" VPOS="583" HPOS="1103"/>
<String CONTENT="Paul" HEIGHT="51" WIDTH="148" VPOS="583" HPOS="1135"/>
<SP HEIGHT="51" WIDTH="29" VPOS="582" HPOS="1284"/>
<String CONTENT="Friedrich" HEIGHT="53" WIDTH="302" VPOS="581" HPOS="1314"/>
<SP HEIGHT="52" WIDTH="32" VPOS="583" HPOS="1617"/>
<String CONTENT="of" HEIGHT="54" WIDTH="64" VPOS="581" HPOS="1650"/>
<SP HEIGHT="53" WIDTH="30" VPOS="581" HPOS="1715"/>
<String CONTENT="Mecklenburg" HEIGHT="69" WIDTH="409" VPOS="581" HPOS="1746"/>
</TextLine>
<TextLine HEIGHT="68" WIDTH="2002" VPOS="659" HPOS="153" STYLEREFS="StyleId-075D7C6D-625E-48CA-AED5-17481AD4C2C5-" CS="1">
<String CS="1" CONTENT="&lt;n&#233;e" HEIGHT="51" WIDTH="134" VPOS="668" HPOS="153"/>
<SP HEIGHT="51" WIDTH="34" VPOS="661" HPOS="288"/>
<String CONTENT="Princess" HEIGHT="53" WIDTH="260" VPOS="660" HPOS="323"/>
<SP HEIGHT="53" WIDTH="35" VPOS="660" HPOS="584"/>
<String CONTENT="Marie" HEIGHT="53" WIDTH="187" VPOS="660" HPOS="620"/>
<SP HEIGHT="34" WIDTH="33" VPOS="679" HPOS="808"/>
<String CONTENT="of" HEIGHT="51" WIDTH="64" VPOS="661" HPOS="842"/>
<SP HEIGHT="53" WIDTH="33" VPOS="661" HPOS="907"/>
<String CS="1" CONTENT="Windischgr&#228;tz)&gt;" HEIGHT="68" WIDTH="503" VPOS="659" HPOS="941"/>
<SP HEIGHT="33" WIDTH="34" VPOS="679" HPOS="1445"/>
<String CONTENT="sold" HEIGHT="52" WIDTH="124" VPOS="661" HPOS="1480"/>
<SP HEIGHT="52" WIDTH="34" VPOS="660" HPOS="1605"/>
<String CONTENT="by" HEIGHT="67" WIDTH="74" VPOS="660" HPOS="1640"/>
<SP HEIGHT="48" WIDTH="37" VPOS="679" HPOS="1715"/>
<String CONTENT="order" HEIGHT="53" WIDTH="165" VPOS="660" HPOS="1753"/>
<SP HEIGHT="34" WIDTH="36" VPOS="679" HPOS="1919"/>
<String CONTENT="of" HEIGHT="53" WIDTH="64" VPOS="659" HPOS="1956"/>
<SP HEIGHT="53" WIDTH="32" VPOS="659" HPOS="2021"/>
<String CONTENT="her" HEIGHT="52" WIDTH="101" VPOS="661" HPOS="2054"/>
</TextLine>
<TextLine HEIGHT="68" WIDTH="1998" VPOS="737" HPOS="152" STYLEREFS="StyleId-075D7C6D-625E-48CA-AED5-17481AD4C2C5-">
<String CONTENT="daughter" HEIGHT="66" WIDTH="282" VPOS="739" HPOS="152"/>
<SP HEIGHT="51" WIDTH="21" VPOS="738" HPOS="435"/>
<String CONTENT="H." HEIGHT="53" WIDTH="75" VPOS="738" HPOS="457"/>
<SP HEIGHT="53" WIDTH="25" VPOS="738" HPOS="533"/>
<String CONTENT="H." HEIGHT="52" WIDTH="75" VPOS="738" HPOS="559"/>
<SP HEIGHT="45" WIDTH="25" VPOS="745" HPOS="635"/>
<String CONTENT="the" HEIGHT="51" WIDTH="95" VPOS="739" HPOS="661"/>
<SP HEIGHT="51" WIDTH="21" VPOS="739" HPOS="757"/>
<String CONTENT="Duchess" HEIGHT="53" WIDTH="253" VPOS="738" HPOS="779"/>
<SP HEIGHT="53" WIDTH="23" VPOS="738" HPOS="1033"/>
<String CONTENT="Marie" HEIGHT="53" WIDTH="184" VPOS="737" HPOS="1057"/>
<SP HEIGHT="52" WIDTH="22" VPOS="738" HPOS="1242"/>
<String CONTENT="Antoinette" HEIGHT="53" WIDTH="337" VPOS="737" HPOS="1265"/>
<SP HEIGHT="33" WIDTH="22" VPOS="757" HPOS="1603"/>
<String CONTENT="of" HEIGHT="52" WIDTH="64" VPOS="738" HPOS="1626"/>
<SP HEIGHT="52" WIDTH="21" VPOS="738" HPOS="1691"/>
<String CONTENT="Mecklenburg;" HEIGHT="68" WIDTH="437" VPOS="737" HPOS="1713"/>
</TextLine>
<TextLine HEIGHT="69" WIDTH="1940" VPOS="815" HPOS="153" STYLEREFS="StyleId-075D7C6D-625E-48CA-AED5-17481AD4C2C5-" CS="1">
<String CONTENT="catalogue" HEIGHT="66" WIDTH="293" VPOS="818" HPOS="153"/>
<SP HEIGHT="34" WIDTH="30" VPOS="835" HPOS="447"/>
<String CONTENT="compiled" HEIGHT="66" WIDTH="280" VPOS="817" HPOS="478"/>
<SP HEIGHT="51" WIDTH="31" VPOS="817" HPOS="759"/>
<String CONTENT="under" HEIGHT="51" WIDTH="179" VPOS="817" HPOS="791"/>
<SP HEIGHT="46" WIDTH="28" VPOS="822" HPOS="971"/>
<String CONTENT="the" HEIGHT="52" WIDTH="95" VPOS="816" HPOS="1000"/>
<SP HEIGHT="51" WIDTH="32" VPOS="817" HPOS="1096"/>
<String CONTENT="direction" HEIGHT="52" WIDTH="277" VPOS="816" HPOS="1129"/>
<SP HEIGHT="33" WIDTH="30" VPOS="835" HPOS="1407"/>
<String CONTENT="of" HEIGHT="53" WIDTH="64" VPOS="815" HPOS="1438"/>
<SP HEIGHT="53" WIDTH="28" VPOS="815" HPOS="1503"/>
<String CONTENT="Dr." HEIGHT="52" WIDTH="104" VPOS="817" HPOS="1532"/>
<SP HEIGHT="53" WIDTH="29" VPOS="816" HPOS="1637"/>
<String CONTENT="Adolf" HEIGHT="54" WIDTH="187" VPOS="815" HPOS="1667"/>
<SP HEIGHT="53" WIDTH="28" VPOS="815" HPOS="1855"/>
<String CONTENT="Mahr" HEIGHT="53" WIDTH="172" VPOS="815" HPOS="1884"/>
<SP HEIGHT="33" WIDTH="36" VPOS="835" HPOS="2057"/>
<String CS="1" CONTENT="&#8230;"/>
</TextLine>
<TextLine HEIGHT="70" WIDTH="2004" VPOS="892" HPOS="151" STYLEREFS="StyleId-075D7C6D-625E-48CA-AED5-17481AD4C2C5-">
<String CONTENT="New" HEIGHT="52" WIDTH="137" VPOS="894" HPOS="151"/>
<SP HEIGHT="51" WIDTH="33" VPOS="894" HPOS="289"/>
<String CONTENT="York," HEIGHT="66" WIDTH="176" VPOS="894" HPOS="323"/>
<SP HEIGHT="67" WIDTH="30" VPOS="893" HPOS="500"/>
<String CONTENT="American" HEIGHT="52" WIDTH="307" VPOS="893" HPOS="531"/>
<SP HEIGHT="33" WIDTH="32" VPOS="912" HPOS="839"/>
<String CONTENT="art" HEIGHT="45" WIDTH="88" VPOS="900" HPOS="872"/>
<SP HEIGHT="45" WIDTH="32" VPOS="900" HPOS="961"/>
<String CONTENT="association," HEIGHT="67" WIDTH="354" VPOS="894" HPOS="994"/>
<SP HEIGHT="67" WIDTH="30" VPOS="894" HPOS="1349"/>
<String CONTENT="Anderson" HEIGHT="52" WIDTH="303" VPOS="894" HPOS="1380"/>
<SP HEIGHT="50" WIDTH="32" VPOS="912" HPOS="1684"/>
<String CONTENT="galleries," HEIGHT="70" WIDTH="281" VPOS="892" HPOS="1717"/>
<SP HEIGHT="68" WIDTH="30" VPOS="894" HPOS="1999"/>
<String CONTENT="inc.," HEIGHT="67" WIDTH="125" VPOS="894" HPOS="2030"/>
</TextLine>
<TextLine HEIGHT="49" WIDTH="148" VPOS="975" HPOS="156" STYLEREFS="StyleId-075D7C6D-625E-48CA-AED5-17481AD4C2C5-">
<String CONTENT="1934." HEIGHT="49" WIDTH="148" VPOS="975" HPOS="156"/>
</TextLine>
<TextLine HEIGHT="49" WIDTH="1929" VPOS="1045" HPOS="223" CS="1">
<String CONTENT="6" HEIGHT="40" WIDTH="28" VPOS="1045" HPOS="223"/>
<SP HEIGHT="47" WIDTH="25" VPOS="1045" HPOS="252"/>
<String CONTENT="p." HEIGHT="36" WIDTH="42" VPOS="1056" HPOS="278"/>
<SP HEIGHT="41" WIDTH="29" VPOS="1045" HPOS="321"/>
<String CS="1" CONTENT="l.," HEIGHT="16" WIDTH="22" VPOS="1076" HPOS="373"/>
<SP HEIGHT="46" WIDTH="31" VPOS="1046" HPOS="396"/>
<String CONTENT="131" HEIGHT="40" WIDTH="83" VPOS="1045" HPOS="428"/>
<SP HEIGHT="46" WIDTH="30" VPOS="1047" HPOS="512"/>
<String CONTENT="p.," HEIGHT="37" WIDTH="56" VPOS="1056" HPOS="543"/>
<SP HEIGHT="47" WIDTH="30" VPOS="1045" HPOS="600"/>
<String CONTENT="2" HEIGHT="39" WIDTH="26" VPOS="1045" HPOS="631"/>
<SP HEIGHT="39" WIDTH="29" VPOS="1045" HPOS="658"/>
<String CS="1" CONTENT="l." HEIGHT="7" WIDTH="7" VPOS="1077" HPOS="709"/>
<SP HEIGHT="39" WIDTH="30" VPOS="1045" HPOS="717"/>
<String CONTENT="incl." HEIGHT="40" WIDTH="109" VPOS="1045" HPOS="748"/>
<SP HEIGHT="29" WIDTH="28" VPOS="1056" HPOS="858"/>
<String CONTENT="maps." HEIGHT="37" WIDTH="151" VPOS="1055" HPOS="887"/>
<SP HEIGHT="28" WIDTH="59" VPOS="1057" HPOS="1039"/>
<String CONTENT="col." HEIGHT="38" WIDTH="84" VPOS="1047" HPOS="1099"/>
<SP HEIGHT="40" WIDTH="30" VPOS="1045" HPOS="1184"/>
<String CONTENT="front.," HEIGHT="48" WIDTH="163" VPOS="1045" HPOS="1215"/>
<SP HEIGHT="37" WIDTH="31" VPOS="1056" HPOS="1379"/>
<String CONTENT="plates" HEIGHT="45" WIDTH="156" VPOS="1048" HPOS="1411"/>
<SP HEIGHT="48" WIDTH="27" VPOS="1045" HPOS="1568"/>
<String CONTENT="(1" HEIGHT="48" WIDTH="48" VPOS="1045" HPOS="1596"/>
<SP HEIGHT="39" WIDTH="31" VPOS="1046" HPOS="1645"/>
<String CONTENT="col.)" HEIGHT="47" WIDTH="112" VPOS="1046" HPOS="1677"/>
<SP HEIGHT="48" WIDTH="38" VPOS="1046" HPOS="1790"/>
<String CONTENT="ports." HEIGHT="46" WIDTH="148" VPOS="1048" HPOS="1829"/>
<SP HEIGHT="38" WIDTH="58" VPOS="1047" HPOS="1978"/>
<String CONTENT="27" HEIGHT="39" WIDTH="55" VPOS="1046" HPOS="2037"/>
<String STYLE="superscript" CONTENT="cm" HEIGHT="20" WIDTH="43" VPOS="1049" HPOS="2096"/>
<String CONTENT="." HEIGHT="7" WIDTH="7" VPOS="1077" HPOS="2145"/>
</TextLine>
<TextLine HEIGHT="41" WIDTH="1476" VPOS="1102" HPOS="224" CS="1">
<String CONTENT="On" HEIGHT="40" WIDTH="73" VPOS="1102" HPOS="224"/>
<SP HEIGHT="29" WIDTH="24" VPOS="1113" HPOS="298"/>
<String CONTENT="cover;" HEIGHT="29" WIDTH="166" VPOS="1113" HPOS="323"/>
<SP HEIGHT="40" WIDTH="33" VPOS="1102" HPOS="490"/>
<String CONTENT="Sale" HEIGHT="40" WIDTH="109" VPOS="1102" HPOS="524"/>
<SP HEIGHT="29" WIDTH="27" VPOS="1113" HPOS="634"/>
<String CONTENT="number" HEIGHT="39" WIDTH="202" VPOS="1103" HPOS="662"/>
<SP HEIGHT="37" WIDTH="25" VPOS="1104" HPOS="865"/>
<String CS="1" CONTENT="4081." HEIGHT="39" WIDTH="128" VPOS="1103" HPOS="891"/>
<SP HEIGHT="39" WIDTH="60" VPOS="1103" HPOS="1020"/>
<String CONTENT="Treasures" HEIGHT="39" WIDTH="266" VPOS="1103" HPOS="1081"/>
<SP HEIGHT="29" WIDTH="28" VPOS="1113" HPOS="1348"/>
<String CONTENT="of" HEIGHT="39" WIDTH="51" VPOS="1103" HPOS="1377"/>
<SP HEIGHT="40" WIDTH="27" VPOS="1103" HPOS="1429"/>
<String CONTENT="Carniola." HEIGHT="40" WIDTH="243" VPOS="1103" HPOS="1457"/>
</TextLine>
<TextLine HEIGHT="47" WIDTH="1086" VPOS="1159" HPOS="221">
<String CONTENT="Half-title;" HEIGHT="40" WIDTH="279" VPOS="1159" HPOS="221"/>
<SP HEIGHT="39" WIDTH="33" VPOS="1160" HPOS="501"/>
<String CONTENT="The" HEIGHT="39" WIDTH="101" VPOS="1160" HPOS="535"/>
<SP HEIGHT="39" WIDTH="30" VPOS="1160" HPOS="637"/>
<String CONTENT="Mecklenburg" HEIGHT="47" WIDTH="343" VPOS="1159" HPOS="668"/>
<SP HEIGHT="36" WIDTH="29" VPOS="1170" HPOS="1012"/>
<String CONTENT="collection." HEIGHT="40" WIDTH="265" VPOS="1159" HPOS="1042"/>
</TextLine>
<TextLine HEIGHT="48" WIDTH="1931" VPOS="1215" HPOS="223">
<String CONTENT="Frontispiece" HEIGHT="47" WIDTH="331" VPOS="1216" HPOS="223"/>
<SP HEIGHT="29" WIDTH="27" VPOS="1226" HPOS="555"/>
<String CONTENT="accompanied" HEIGHT="47" WIDTH="341" VPOS="1216" HPOS="583"/>
<SP HEIGHT="39" WIDTH="28" VPOS="1216" HPOS="925"/>
<String CONTENT="by" HEIGHT="46" WIDTH="59" VPOS="1216" HPOS="954"/>
<SP HEIGHT="36" WIDTH="25" VPOS="1227" HPOS="1014"/>
<String CONTENT="guard" HEIGHT="46" WIDTH="155" VPOS="1217" HPOS="1040"/>
<SP HEIGHT="38" WIDTH="27" VPOS="1217" HPOS="1196"/>
<String CONTENT="sheet" HEIGHT="39" WIDTH="136" VPOS="1217" HPOS="1224"/>
<SP HEIGHT="37" WIDTH="26" VPOS="1219" HPOS="1361"/>
<String CONTENT="with" HEIGHT="40" WIDTH="120" VPOS="1215" HPOS="1388"/>
<SP HEIGHT="39" WIDTH="25" VPOS="1217" HPOS="1509"/>
<String CONTENT="descriptive" HEIGHT="47" WIDTH="293" VPOS="1216" HPOS="1535"/>
<SP HEIGHT="38" WIDTH="26" VPOS="1217" HPOS="1829"/>
<String CONTENT="letterpress." HEIGHT="45" WIDTH="298" VPOS="1217" HPOS="1856"/>
</TextLine>
<TextLine HEIGHT="52" WIDTH="1993" VPOS="1269" HPOS="160">
<String CONTENT="&#169;" HEIGHT="52" WIDTH="50" VPOS="1269" HPOS="160"/>
<SP HEIGHT="52" WIDTH="37" VPOS="1269" HPOS="211"/>
<String CONTENT="Jan." HEIGHT="37" WIDTH="107" VPOS="1276" HPOS="249"/>
<SP HEIGHT="39" WIDTH="37" VPOS="1274" HPOS="357"/>
<String CONTENT="6," HEIGHT="45" WIDTH="37" VPOS="1274" HPOS="395"/>
<SP HEIGHT="43" WIDTH="36" VPOS="1276" HPOS="433"/>
<String CONTENT="1934;" HEIGHT="45" WIDTH="139" VPOS="1274" HPOS="470"/>
<SP HEIGHT="44" WIDTH="38" VPOS="1275" HPOS="610"/>
<String CONTENT="2c." HEIGHT="37" WIDTH="64" VPOS="1275" HPOS="649"/>
<SP HEIGHT="24" WIDTH="38" VPOS="1288" HPOS="714"/>
<String CONTENT="and" HEIGHT="37" WIDTH="95" VPOS="1275" HPOS="753"/>
<SP HEIGHT="37" WIDTH="36" VPOS="1275" HPOS="849"/>
<String CONTENT="aff." HEIGHT="39" WIDTH="80" VPOS="1273" HPOS="886"/>
<SP HEIGHT="39" WIDTH="37" VPOS="1273" HPOS="967"/>
<String CONTENT="Jan." HEIGHT="39" WIDTH="109" VPOS="1273" HPOS="1005"/>
<SP HEIGHT="39" WIDTH="36" VPOS="1273" HPOS="1115"/>
<String CONTENT="8;" HEIGHT="46" WIDTH="50" VPOS="1273" HPOS="1152"/>
<SP HEIGHT="45" WIDTH="38" VPOS="1274" HPOS="1203"/>
<!-- cceid BAA53B6C-6C64-1014-8713-889FF4349C01 --><String CONTENT="A" HEIGHT="37" WIDTH="40" VPOS="1274" HPOS="1242"/>
<SP HEIGHT="39" WIDTH="36" VPOS="1273" HPOS="1283"/>
<String CONTENT="69153;" HEIGHT="48" WIDTH="169" VPOS="1272" HPOS="1320"/>
<SP HEIGHT="46" WIDTH="39" VPOS="1274" HPOS="1490"/>
<String CONTENT="Amer." HEIGHT="39" WIDTH="159" VPOS="1274" HPOS="1530"/>
<SP HEIGHT="28" WIDTH="36" VPOS="1285" HPOS="1690"/>
<String CONTENT="art" HEIGHT="37" WIDTH="79" VPOS="1276" HPOS="1727"/>
<SP HEIGHT="37" WIDTH="36" VPOS="1276" HPOS="1807"/>
<String CONTENT="association," HEIGHT="49" WIDTH="309" VPOS="1271" HPOS="1844"/>
</TextLine>
<TextLine HEIGHT="49" WIDTH="968" VPOS="1330" HPOS="223">
<String CONTENT="Anderson" HEIGHT="39" WIDTH="252" VPOS="1332" HPOS="223"/>
<SP HEIGHT="36" WIDTH="30" VPOS="1342" HPOS="476"/>
<String CONTENT="galleries," HEIGHT="48" WIDTH="239" VPOS="1330" HPOS="507"/>
<SP HEIGHT="46" WIDTH="33" VPOS="1331" HPOS="747"/>
<String CONTENT="inc." HEIGHT="38" WIDTH="87" VPOS="1331" HPOS="781"/>
<SP HEIGHT="44" WIDTH="72" VPOS="1333" HPOS="869"/>
<String CONTENT="(31-4703)" HEIGHT="49" WIDTH="249" VPOS="1330" HPOS="942"/>
</TextLine>
<TextLine HEIGHT="71" WIDTH="1996" VPOS="1420" HPOS="157" STYLEREFS="StyleId-075D7C6D-625E-48CA-AED5-17481AD4C2C5-">
<String CONTENT="Massachusetts" HEIGHT="53" WIDTH="474" VPOS="1421" HPOS="157"/>
<SP HEIGHT="52" WIDTH="38" VPOS="1422" HPOS="632"/>
<String CONTENT="digest" HEIGHT="68" WIDTH="185" VPOS="1420" HPOS="671"/>
<SP HEIGHT="45" WIDTH="40" VPOS="1427" HPOS="857"/>
<String CONTENT="annotated," HEIGHT="67" WIDTH="325" VPOS="1421" HPOS="898"/>
<SP HEIGHT="60" WIDTH="38" VPOS="1428" HPOS="1224"/>
<String CONTENT="1761" HEIGHT="52" WIDTH="132" VPOS="1423" HPOS="1263"/>
<SP HEIGHT="48" WIDTH="38" VPOS="1425" HPOS="1396"/>
<String CONTENT="to" HEIGHT="49" WIDTH="56" VPOS="1426" HPOS="1435"/>
<SP HEIGHT="54" WIDTH="36" VPOS="1421" HPOS="1492"/>
<String CONTENT="date." HEIGHT="52" WIDTH="145" VPOS="1421" HPOS="1529"/>
<SP HEIGHT="54" WIDTH="77" VPOS="1423" HPOS="1675"/>
<String CONTENT="Covering" HEIGHT="68" WIDTH="285" VPOS="1423" HPOS="1753"/>
<SP HEIGHT="51" WIDTH="36" VPOS="1440" HPOS="2039"/>
<String CONTENT="all" HEIGHT="52" WIDTH="77" VPOS="1422" HPOS="2076"/>
</TextLine>
<TextLine HEIGHT="67" WIDTH="1925" VPOS="1500" HPOS="227" STYLEREFS="StyleId-075D7C6D-625E-48CA-AED5-17481AD4C2C5-">
<String CONTENT="cases" HEIGHT="34" WIDTH="149" VPOS="1518" HPOS="227"/>
<SP HEIGHT="33" WIDTH="37" VPOS="1519" HPOS="377"/>
<String CONTENT="reported" HEIGHT="67" WIDTH="264" VPOS="1500" HPOS="415"/>
<SP HEIGHT="51" WIDTH="37" VPOS="1500" HPOS="680"/>
<String CONTENT="in" HEIGHT="50" WIDTH="60" VPOS="1500" HPOS="718"/>
<SP HEIGHT="50" WIDTH="33" VPOS="1501" HPOS="779"/>
<String CONTENT="Massachusetts" HEIGHT="51" WIDTH="443" VPOS="1500" HPOS="813"/>
<SP HEIGHT="33" WIDTH="37" VPOS="1518" HPOS="1257"/>
<String CONTENT="reports" HEIGHT="61" WIDTH="222" VPOS="1505" HPOS="1295"/>
<SP HEIGHT="33" WIDTH="37" VPOS="1519" HPOS="1518"/>
<String CONTENT="and" HEIGHT="51" WIDTH="113" VPOS="1501" HPOS="1556"/>
<SP HEIGHT="53" WIDTH="36" VPOS="1501" HPOS="1670"/>
<String CONTENT="North" HEIGHT="53" WIDTH="187" VPOS="1501" HPOS="1707"/>
<SP HEIGHT="51" WIDTH="36" VPOS="1501" HPOS="1895"/>
<String CONTENT="eastern" HEIGHT="47" WIDTH="220" VPOS="1506" HPOS="1932"/>
</TextLine>
<TextLine HEIGHT="70" WIDTH="1928" VPOS="1577" HPOS="226" STYLEREFS="StyleId-075D7C6D-625E-48CA-AED5-17481AD4C2C5-">
<String CONTENT="reporter," HEIGHT="64" WIDTH="273" VPOS="1581" HPOS="226"/>
<SP HEIGHT="49" WIDTH="47" VPOS="1596" HPOS="500"/>
<String CONTENT="with" HEIGHT="52" WIDTH="139" VPOS="1577" HPOS="548"/>
<SP HEIGHT="51" WIDTH="47" VPOS="1579" HPOS="688"/>
<String CONTENT="current" HEIGHT="47" WIDTH="227" VPOS="1583" HPOS="736"/>
<SP HEIGHT="48" WIDTH="47" VPOS="1583" HPOS="964"/>
<String CONTENT="cumulative" HEIGHT="53" WIDTH="343" VPOS="1578" HPOS="1012"/>
<SP HEIGHT="48" WIDTH="45" VPOS="1597" HPOS="1356"/>
<String CONTENT="pocket" HEIGHT="67" WIDTH="203" VPOS="1578" HPOS="1402"/>
<SP HEIGHT="46" WIDTH="45" VPOS="1584" HPOS="1606"/>
<String CONTENT="service" HEIGHT="52" WIDTH="210" VPOS="1578" HPOS="1652"/>
<SP HEIGHT="51" WIDTH="44" VPOS="1579" HPOS="1863"/>
<String CONTENT="keeping" HEIGHT="68" WIDTH="246" VPOS="1579" HPOS="1908"/>
</TextLine>
<TextLine HEIGHT="68" WIDTH="1926" VPOS="1656" HPOS="226" STYLEREFS="StyleId-075D7C6D-625E-48CA-AED5-17481AD4C2C5-" CS="1">
<String CONTENT="the" HEIGHT="51" WIDTH="94" VPOS="1657" HPOS="226"/>
<SP HEIGHT="51" WIDTH="39" VPOS="1657" HPOS="321"/>
<String CONTENT="digest" HEIGHT="67" WIDTH="187" VPOS="1656" HPOS="361"/>
<SP HEIGHT="45" WIDTH="38" VPOS="1663" HPOS="549"/>
<String CONTENT="always" HEIGHT="66" WIDTH="210" VPOS="1657" HPOS="588"/>
<SP HEIGHT="46" WIDTH="36" VPOS="1662" HPOS="799"/>
<String CONTENT="to" HEIGHT="45" WIDTH="59" VPOS="1662" HPOS="836"/>
<SP HEIGHT="50" WIDTH="38" VPOS="1657" HPOS="896"/>
<String CONTENT="date" HEIGHT="50" WIDTH="130" VPOS="1657" HPOS="935"/>
<SP HEIGHT="32" WIDTH="44" VPOS="1675" HPOS="1066"/>
<String CS="1" CONTENT="&#8230;"/>
<SP HEIGHT="50" WIDTH="78" VPOS="1659" HPOS="1165"/>
<String CONTENT="By" HEIGHT="65" WIDTH="89" VPOS="1659" HPOS="1244"/>
<SP HEIGHT="62" WIDTH="38" VPOS="1662" HPOS="1334"/>
<String CONTENT="the" HEIGHT="51" WIDTH="94" VPOS="1657" HPOS="1373"/>
<SP HEIGHT="49" WIDTH="37" VPOS="1675" HPOS="1468"/>
<String CONTENT="publisher&#8217;s" HEIGHT="68" WIDTH="340" VPOS="1656" HPOS="1506"/>
<SP HEIGHT="36" WIDTH="37" VPOS="1675" HPOS="1847"/>
<String CONTENT="editorial" HEIGHT="53" WIDTH="267" VPOS="1657" HPOS="1885"/>
</TextLine>
<TextLine HEIGHT="73" WIDTH="1926" VPOS="1731" HPOS="225" STYLEREFS="StyleId-075D7C6D-625E-48CA-AED5-17481AD4C2C5-">
<String CONTENT="staff," HEIGHT="55" WIDTH="151" VPOS="1731" HPOS="225"/>
<SP HEIGHT="33" WIDTH="73" VPOS="1752" HPOS="377"/>
<String CONTENT="v." HEIGHT="34" WIDTH="48" VPOS="1752" HPOS="451"/>
<SP HEIGHT="49" WIDTH="51" VPOS="1737" HPOS="500"/>
<String CONTENT="6-8." HEIGHT="49" WIDTH="114" VPOS="1737" HPOS="552"/>
<SP HEIGHT="48" WIDTH="75" VPOS="1736" HPOS="667"/>
<String CONTENT="Boston," HEIGHT="64" WIDTH="234" VPOS="1736" HPOS="743"/>
<SP HEIGHT="64" WIDTH="45" VPOS="1736" HPOS="978"/>
<String CONTENT="Little," HEIGHT="67" WIDTH="194" VPOS="1735" HPOS="1024"/>
<SP HEIGHT="65" WIDTH="48" VPOS="1737" HPOS="1219"/>
<String CONTENT="Brown," HEIGHT="65" WIDTH="231" VPOS="1737" HPOS="1268"/>
<SP HEIGHT="48" WIDTH="46" VPOS="1754" HPOS="1500"/>
<String CONTENT="and" HEIGHT="51" WIDTH="113" VPOS="1736" HPOS="1547"/>
<SP HEIGHT="51" WIDTH="46" VPOS="1736" HPOS="1661"/>
<String CONTENT="company;" HEIGHT="51" WIDTH="307" VPOS="1753" HPOS="1708"/>
<SP HEIGHT="66" WIDTH="52" VPOS="1737" HPOS="2016"/>
<String CONTENT="St." HEIGHT="55" WIDTH="82" VPOS="1737" HPOS="2069"/>
</TextLine>
<TextLine HEIGHT="67" WIDTH="1045" VPOS="1813" HPOS="225" STYLEREFS="StyleId-075D7C6D-625E-48CA-AED5-17481AD4C2C5-">
<String CONTENT="Paul," HEIGHT="66" WIDTH="165" VPOS="1814" HPOS="225"/>
<SP HEIGHT="65" WIDTH="24" VPOS="1815" HPOS="391"/>
<String CONTENT="West" HEIGHT="53" WIDTH="158" VPOS="1815" HPOS="416"/>
<SP HEIGHT="60" WIDTH="27" VPOS="1820" HPOS="575"/>
<String CONTENT="publishing" HEIGHT="67" WIDTH="333" VPOS="1813" HPOS="603"/>
<SP HEIGHT="48" WIDTH="26" VPOS="1832" HPOS="937"/>
<String CONTENT="co." HEIGHT="34" WIDTH="78" VPOS="1832" HPOS="964"/>
<SP HEIGHT="33" WIDTH="35" VPOS="1846" HPOS="1043"/>
<String STYLE="subscript" CONTENT="[" HEIGHT="33" WIDTH="12" VPOS="1846" HPOS="1079"/>
<String STYLE="superscript" CONTENT="c" HEIGHT="19" WIDTH="16" VPOS="1820" HPOS="1097"/>
<String CONTENT="1934" HEIGHT="48" WIDTH="134" VPOS="1816" HPOS="1119"/>
<String STYLE="subscript" CONTENT="]" HEIGHT="33" WIDTH="12" VPOS="1846" HPOS="1258"/>
</TextLine>
<TextLine HEIGHT="40" WIDTH="265" VPOS="1886" HPOS="224">
<String CONTENT="3" HEIGHT="38" WIDTH="24" VPOS="1888" HPOS="224"/>
<SP HEIGHT="38" WIDTH="27" VPOS="1888" HPOS="249"/>
<String CONTENT="v." HEIGHT="29" WIDTH="41" VPOS="1897" HPOS="277"/>
<SP HEIGHT="38" WIDTH="55" VPOS="1888" HPOS="319"/>
<String CONTENT="26" HEIGHT="39" WIDTH="58" VPOS="1886" HPOS="375"/>
<String STYLE="superscript" CONTENT="cm" HEIGHT="20" WIDTH="42" VPOS="1889" HPOS="434"/>
<String CONTENT="." HEIGHT="6" WIDTH="6" VPOS="1919" HPOS="483"/>
</TextLine>
<TextLine HEIGHT="50" WIDTH="1589" VPOS="1941" HPOS="563" CS="1">
<String CS="1" CONTENT="CONTENTS.&#8212;v." HEIGHT="28" WIDTH="39" VPOS="1954" HPOS="563"/>
<SP HEIGHT="41" WIDTH="35" VPOS="1941" HPOS="603"/>
<String CONTENT="3." HEIGHT="41" WIDTH="42" VPOS="1941" HPOS="639"/>
<SP HEIGHT="41" WIDTH="32" VPOS="1942" HPOS="682"/>
<String CONTENT="Costs-Criminal" HEIGHT="41" WIDTH="411" VPOS="1942" HPOS="715"/>
<SP HEIGHT="37" WIDTH="32" VPOS="1944" HPOS="1127"/>
<String CONTENT="law.&#8212;v." HEIGHT="39" WIDTH="213" VPOS="1944" HPOS="1160"/>
<SP HEIGHT="41" WIDTH="37" VPOS="1942" HPOS="1374"/>
<String CONTENT="7." HEIGHT="41" WIDTH="39" VPOS="1942" HPOS="1412"/>
<SP HEIGHT="40" WIDTH="33" VPOS="1943" HPOS="1452"/>
<String CONTENT="Crops-Easements.&#8212;v." HEIGHT="48" WIDTH="591" VPOS="1943" HPOS="1486"/>
<SP HEIGHT="41" WIDTH="35" VPOS="1943" HPOS="2078"/>
<String CONTENT="8." HEIGHT="41" WIDTH="38" VPOS="1943" HPOS="2114"/>
</TextLine>
<TextLine HEIGHT="46" WIDTH="551" VPOS="2001" HPOS="154">
<String CONTENT="Ejectment-Estoppel." HEIGHT="46" WIDTH="551" VPOS="2001" HPOS="154"/>
</TextLine>
<TextLine HEIGHT="54" WIDTH="1994" VPOS="2052" HPOS="156" CS="1">
<String CONTENT="v." HEIGHT="29" WIDTH="41" VPOS="2068" HPOS="156"/>
<SP HEIGHT="39" WIDTH="32" VPOS="2058" HPOS="198"/>
<String CONTENT="6," HEIGHT="47" WIDTH="38" VPOS="2058" HPOS="231"/>
<SP HEIGHT="52" WIDTH="36" VPOS="2054" HPOS="270"/>
<String CONTENT="&#169;" HEIGHT="52" WIDTH="60" VPOS="2054" HPOS="307"/>
<SP HEIGHT="52" WIDTH="24" VPOS="2054" HPOS="368"/>
<String CONTENT="Jan." HEIGHT="39" WIDTH="107" VPOS="2058" HPOS="393"/>
<SP HEIGHT="36" WIDTH="35" VPOS="2060" HPOS="501"/>
<String CONTENT="11," HEIGHT="47" WIDTH="67" VPOS="2057" HPOS="537"/>
<SP HEIGHT="46" WIDTH="33" VPOS="2058" HPOS="605"/>
<String CONTENT="1934;" HEIGHT="46" WIDTH="140" VPOS="2057" HPOS="639"/>
<SP HEIGHT="36" WIDTH="35" VPOS="2067" HPOS="780"/>
<String CONTENT="v." HEIGHT="28" WIDTH="42" VPOS="2069" HPOS="816"/>
<SP HEIGHT="39" WIDTH="33" VPOS="2058" HPOS="859"/>
<String CONTENT="7," HEIGHT="45" WIDTH="38" VPOS="2058" HPOS="893"/>
<SP HEIGHT="46" WIDTH="35" VPOS="2057" HPOS="932"/>
<String CONTENT="8," HEIGHT="47" WIDTH="37" VPOS="2057" HPOS="968"/>
<SP HEIGHT="52" WIDTH="36" VPOS="2052" HPOS="1006"/>
<String CONTENT="&#169;" HEIGHT="51" WIDTH="51" VPOS="2052" HPOS="1043"/>
<SP HEIGHT="51" WIDTH="35" VPOS="2052" HPOS="1095"/>
<String CONTENT="Jan." HEIGHT="39" WIDTH="107" VPOS="2057" HPOS="1131"/>
<SP HEIGHT="38" WIDTH="34" VPOS="2058" HPOS="1239"/>
<String CS="1" CONTENT="12;" HEIGHT="38" WIDTH="54" VPOS="2057" HPOS="1274"/>
<SP HEIGHT="46" WIDTH="36" VPOS="2057" HPOS="1356"/>
<String CONTENT="2c." HEIGHT="40" WIDTH="67" VPOS="2057" HPOS="1393"/>
<SP HEIGHT="29" WIDTH="33" VPOS="2068" HPOS="1461"/>
<String CONTENT="each" HEIGHT="38" WIDTH="119" VPOS="2059" HPOS="1495"/>
<SP HEIGHT="38" WIDTH="32" VPOS="2059" HPOS="1615"/>
<String CONTENT="and" HEIGHT="38" WIDTH="95" VPOS="2059" HPOS="1648"/>
<SP HEIGHT="38" WIDTH="34" VPOS="2059" HPOS="1744"/>
<String CONTENT="affs." HEIGHT="41" WIDTH="107" VPOS="2057" HPOS="1779"/>
<SP HEIGHT="40" WIDTH="35" VPOS="2058" HPOS="1887"/>
<String CONTENT="Feb." HEIGHT="41" WIDTH="110" VPOS="2057" HPOS="1923"/>
<SP HEIGHT="39" WIDTH="33" VPOS="2059" HPOS="2034"/>
<String CONTENT="23;" HEIGHT="47" WIDTH="82" VPOS="2058" HPOS="2068"/>
</TextLine>
<TextLine HEIGHT="48" WIDTH="1809" VPOS="2114" HPOS="226">
<!-- cceid BAA5D7B7-6C64-1014-8713-889FF4349C01 --><String CONTENT="A" HEIGHT="37" WIDTH="40" VPOS="2117" HPOS="226"/>
<SP HEIGHT="37" WIDTH="31" VPOS="2117" HPOS="267"/>
<String CONTENT="69624-69626;" HEIGHT="40" WIDTH="345" VPOS="2114" HPOS="299"/>
<SP HEIGHT="39" WIDTH="39" VPOS="2115" HPOS="645"/>
<String CONTENT="West" HEIGHT="38" WIDTH="130" VPOS="2115" HPOS="685"/>
<SP HEIGHT="43" WIDTH="35" VPOS="2118" HPOS="816"/>
<String CONTENT="pub." HEIGHT="46" WIDTH="108" VPOS="2115" HPOS="852"/>
<SP HEIGHT="27" WIDTH="34" VPOS="2126" HPOS="961"/>
<String CONTENT="co." HEIGHT="27" WIDTH="65" VPOS="2126" HPOS="996"/>
<SP HEIGHT="27" WIDTH="37" VPOS="2126" HPOS="1062"/>
<String CONTENT="and" HEIGHT="37" WIDTH="93" VPOS="2116" HPOS="1100"/>
<SP HEIGHT="38" WIDTH="34" VPOS="2115" HPOS="1194"/>
<String CONTENT="Little," HEIGHT="45" WIDTH="162" VPOS="2115" HPOS="1229"/>
<SP HEIGHT="44" WIDTH="36" VPOS="2116" HPOS="1392"/>
<String CONTENT="Brown," HEIGHT="46" WIDTH="191" VPOS="2116" HPOS="1429"/>
<SP HEIGHT="35" WIDTH="36" VPOS="2127" HPOS="1621"/>
<String CONTENT="and" HEIGHT="38" WIDTH="95" VPOS="2116" HPOS="1658"/>
<SP HEIGHT="38" WIDTH="34" VPOS="2116" HPOS="1754"/>
<String CONTENT="company." HEIGHT="37" WIDTH="246" VPOS="2124" HPOS="1789"/>
</TextLine>
<TextLine HEIGHT="67" WIDTH="976" VPOS="2196" HPOS="160" STYLEREFS="StyleId-EA3A0A53-4BF6-447C-9E8C-234BB9E047B6-">
<String CONTENT="[Meyer," HEIGHT="64" WIDTH="238" VPOS="2199" HPOS="160"/>
<SP HEIGHT="63" WIDTH="31" VPOS="2198" HPOS="399"/>
<String CONTENT="Joseph" HEIGHT="63" WIDTH="220" VPOS="2197" HPOS="431"/>
<SP HEIGHT="51" WIDTH="34" VPOS="2197" HPOS="652"/>
<String CONTENT="Ernest]" HEIGHT="64" WIDTH="237" VPOS="2198" HPOS="687"/>
<SP HEIGHT="62" WIDTH="39" VPOS="2200" HPOS="925"/>
<String CONTENT="1878-" HEIGHT="53" WIDTH="171" VPOS="2196" HPOS="965"/>
</TextLine>
<TextLine HEIGHT="68" WIDTH="1928" VPOS="2274" HPOS="224" STYLEREFS="StyleId-075D7C6D-625E-48CA-AED5-17481AD4C2C5-" CS="1">
<String CONTENT="The" HEIGHT="52" WIDTH="121" VPOS="2277" HPOS="224"/>
<SP HEIGHT="53" WIDTH="42" VPOS="2276" HPOS="346"/>
<String CONTENT="herbalist." HEIGHT="52" WIDTH="288" VPOS="2275" HPOS="389"/>
<SP HEIGHT="51" WIDTH="74" VPOS="2275" HPOS="678"/>
<String CONTENT="Hammond," HEIGHT="66" WIDTH="349" VPOS="2275" HPOS="753"/>
<SP HEIGHT="66" WIDTH="44" VPOS="2275" HPOS="1103"/>
<String CONTENT="Ind.," HEIGHT="67" WIDTH="147" VPOS="2275" HPOS="1148"/>
<SP HEIGHT="66" WIDTH="44" VPOS="2276" HPOS="1296"/>
<String CONTENT="Indiana" HEIGHT="53" WIDTH="249" VPOS="2274" HPOS="1341"/>
<SP HEIGHT="51" WIDTH="44" VPOS="2275" HPOS="1591"/>
<String CONTENT="botanic" HEIGHT="52" WIDTH="227" VPOS="2275" HPOS="1636"/>
<SP HEIGHT="48" WIDTH="43" VPOS="2294" HPOS="1864"/>
<String CONTENT="gardens" HEIGHT="67" WIDTH="244" VPOS="2275" HPOS="1908"/>
</TextLine>
<TextLine HEIGHT="64" WIDTH="190" VPOS="2356" HPOS="157" STYLEREFS="StyleId-075D7C6D-625E-48CA-AED5-17481AD4C2C5-">
<String CONTENT="[" HEIGHT="33" WIDTH="11" VPOS="2387" HPOS="157"/>
<String STYLE="superscript" CONTENT="c" HEIGHT="20" WIDTH="17" VPOS="2359" HPOS="174"/>
<String CONTENT="1934]" HEIGHT="64" WIDTH="150" VPOS="2356" HPOS="197"/>
</TextLine>
<TextLine HEIGHT="50" WIDTH="976" VPOS="2424" HPOS="225" CS="1">
<String CONTENT="399" HEIGHT="41" WIDTH="86" VPOS="2425" HPOS="225"/>
<SP HEIGHT="49" WIDTH="26" VPOS="2425" HPOS="312"/>
<String CONTENT="p." HEIGHT="37" WIDTH="43" VPOS="2437" HPOS="339"/>
<SP HEIGHT="41" WIDTH="58" VPOS="2425" HPOS="383"/>
<String CONTENT="illus.," HEIGHT="47" WIDTH="142" VPOS="2425" HPOS="442"/>
<SP HEIGHT="36" WIDTH="28" VPOS="2436" HPOS="585"/>
<String CONTENT="col." HEIGHT="37" WIDTH="86" VPOS="2427" HPOS="614"/>
<SP HEIGHT="37" WIDTH="29" VPOS="2435" HPOS="701"/>
<String CONTENT="plates." HEIGHT="45" WIDTH="170" VPOS="2427" HPOS="731"/>
<SP HEIGHT="40" WIDTH="59" VPOS="2424" HPOS="902"/>
<String CS="1" CONTENT="16&#189;" HEIGHT="40" WIDTH="58" VPOS="2424" HPOS="962"/>
<SP HEIGHT="48" WIDTH="16" VPOS="2424" HPOS="1048"/>
<String CS="1" CONTENT="&#215;"/>
<SP HEIGHT="40" WIDTH="17" VPOS="2425" HPOS="1098"/>
<String CONTENT="8" HEIGHT="40" WIDTH="25" VPOS="2425" HPOS="1116"/>
<String STYLE="superscript" CONTENT="cm" HEIGHT="21" WIDTH="42" VPOS="2426" HPOS="1145"/>
<String CONTENT="." HEIGHT="8" WIDTH="8" VPOS="2457" HPOS="1193"/>
</TextLine>
<TextLine HEIGHT="41" WIDTH="1368" VPOS="2481" HPOS="226">
<String CONTENT="Lettered" HEIGHT="40" WIDTH="226" VPOS="2482" HPOS="226"/>
<SP HEIGHT="38" WIDTH="24" VPOS="2483" HPOS="453"/>
<String CONTENT="on" HEIGHT="28" WIDTH="59" VPOS="2492" HPOS="478"/>
<SP HEIGHT="29" WIDTH="23" VPOS="2492" HPOS="538"/>
<String CONTENT="cover:" HEIGHT="29" WIDTH="166" VPOS="2492" HPOS="562"/>
<SP HEIGHT="39" WIDTH="28" VPOS="2482" HPOS="729"/>
<String CONTENT="The" HEIGHT="39" WIDTH="101" VPOS="2482" HPOS="758"/>
<SP HEIGHT="39" WIDTH="24" VPOS="2482" HPOS="860"/>
<String CONTENT="herbalist" HEIGHT="40" WIDTH="236" VPOS="2481" HPOS="885"/>
<SP HEIGHT="37" WIDTH="25" VPOS="2484" HPOS="1122"/>
<String CONTENT="and" HEIGHT="38" WIDTH="94" VPOS="2483" HPOS="1148"/>
<SP HEIGHT="39" WIDTH="24" VPOS="2482" HPOS="1243"/>
<String CONTENT="herb" HEIGHT="39" WIDTH="117" VPOS="2482" HPOS="1268"/>
<SP HEIGHT="40" WIDTH="26" VPOS="2482" HPOS="1386"/>
<String CONTENT="doctor." HEIGHT="39" WIDTH="181" VPOS="2483" HPOS="1413"/>
</TextLine>
<TextLine HEIGHT="47" WIDTH="1122" VPOS="2539" HPOS="231">
<String CONTENT="&#8220;Joseph" HEIGHT="47" WIDTH="207" VPOS="2539" HPOS="231"/>
<SP HEIGHT="39" WIDTH="26" VPOS="2539" HPOS="439"/>
<String CONTENT="E." HEIGHT="39" WIDTH="52" VPOS="2539" HPOS="466"/>
<SP HEIGHT="38" WIDTH="27" VPOS="2540" HPOS="519"/>
<String CONTENT="Meyer," HEIGHT="46" WIDTH="177" VPOS="2540" HPOS="547"/>
<SP HEIGHT="37" WIDTH="27" VPOS="2549" HPOS="725"/>
<String CONTENT="author" HEIGHT="39" WIDTH="177" VPOS="2539" HPOS="753"/>
<SP HEIGHT="29" WIDTH="26" VPOS="2548" HPOS="931"/>
<String CONTENT="and" HEIGHT="38" WIDTH="95" VPOS="2540" HPOS="958"/>
<SP HEIGHT="38" WIDTH="28" VPOS="2540" HPOS="1054"/>
<String CONTENT="compiler.&#8221;" HEIGHT="47" WIDTH="270" VPOS="2539" HPOS="1083"/>
</TextLine>
<TextLine HEIGHT="48" WIDTH="1926" VPOS="2595" HPOS="225" CS="1">
<String CONTENT="Previous" HEIGHT="44" WIDTH="233" VPOS="2595" HPOS="225"/>
<SP HEIGHT="30" WIDTH="23" VPOS="2606" HPOS="459"/>
<String CONTENT="editions" HEIGHT="40" WIDTH="209" VPOS="2596" HPOS="483"/>
<SP HEIGHT="37" WIDTH="21" VPOS="2606" HPOS="693"/>
<String CONTENT="published" HEIGHT="47" WIDTH="255" VPOS="2596" HPOS="715"/>
<SP HEIGHT="38" WIDTH="23" VPOS="2597" HPOS="971"/>
<String CONTENT="under" HEIGHT="39" WIDTH="152" VPOS="2596" HPOS="995"/>
<SP HEIGHT="37" WIDTH="21" VPOS="2598" HPOS="1148"/>
<String CS="1" CONTENT="title:" HEIGHT="40" WIDTH="106" VPOS="2595" HPOS="1170"/>
<SP HEIGHT="38" WIDTH="24" VPOS="2596" HPOS="1303"/>
<String CONTENT="The" HEIGHT="39" WIDTH="102" VPOS="2596" HPOS="1328"/>
<SP HEIGHT="39" WIDTH="19" VPOS="2596" HPOS="1431"/>
<String CONTENT="herbalist" HEIGHT="39" WIDTH="239" VPOS="2596" HPOS="1451"/>
<SP HEIGHT="37" WIDTH="20" VPOS="2598" HPOS="1691"/>
<String CONTENT="and" HEIGHT="37" WIDTH="95" VPOS="2598" HPOS="1712"/>
<SP HEIGHT="39" WIDTH="21" VPOS="2596" HPOS="1808"/>
<String CONTENT="herb" HEIGHT="39" WIDTH="116" VPOS="2596" HPOS="1830"/>
<SP HEIGHT="40" WIDTH="24" VPOS="2596" HPOS="1947"/>
<String CONTENT="doctor." HEIGHT="38" WIDTH="179" VPOS="2598" HPOS="1972"/>
</TextLine>
<TextLine HEIGHT="52" WIDTH="1943" VPOS="2648" HPOS="159" CS="1">
<String CONTENT="&#169;" HEIGHT="51" WIDTH="50" VPOS="2649" HPOS="159"/>
<SP HEIGHT="51" WIDTH="38" VPOS="2649" HPOS="210"/>
<String CONTENT="Feb." HEIGHT="38" WIDTH="108" VPOS="2654" HPOS="249"/>
<SP HEIGHT="36" WIDTH="36" VPOS="2655" HPOS="358"/>
<String CONTENT="12," HEIGHT="44" WIDTH="68" VPOS="2655" HPOS="395"/>
<SP HEIGHT="44" WIDTH="37" VPOS="2655" HPOS="464"/>
<String CONTENT="1934;" HEIGHT="46" WIDTH="138" VPOS="2653" HPOS="502"/>
<SP HEIGHT="45" WIDTH="39" VPOS="2654" HPOS="641"/>
<String CONTENT="2c." HEIGHT="38" WIDTH="65" VPOS="2654" HPOS="681"/>
<SP HEIGHT="38" WIDTH="39" VPOS="2653" HPOS="747"/>
<String CONTENT="Feb." HEIGHT="38" WIDTH="109" VPOS="2653" HPOS="787"/>
<SP HEIGHT="36" WIDTH="37" VPOS="2655" HPOS="897"/>
<String CONTENT="16;" HEIGHT="46" WIDTH="80" VPOS="2653" HPOS="935"/>
<SP HEIGHT="35" WIDTH="41" VPOS="2664" HPOS="1016"/>
<String CONTENT="aff." HEIGHT="39" WIDTH="79" VPOS="2653" HPOS="1058"/>
<SP HEIGHT="40" WIDTH="39" VPOS="2652" HPOS="1138"/>
<String CONTENT="Feb." HEIGHT="41" WIDTH="109" VPOS="2652" HPOS="1178"/>
<SP HEIGHT="39" WIDTH="37" VPOS="2654" HPOS="1288"/>
<String CONTENT="15;" HEIGHT="46" WIDTH="81" VPOS="2654" HPOS="1326"/>
<SP HEIGHT="46" WIDTH="40" VPOS="2654" HPOS="1408"/>
<!-- cceid BAA67040-6C64-1014-8713-889FF4349C01 --><String CONTENT="A" HEIGHT="37" WIDTH="39" VPOS="2654" HPOS="1449"/>
<SP HEIGHT="38" WIDTH="36" VPOS="2654" HPOS="1489"/>
<String CONTENT="70234;" HEIGHT="42" WIDTH="170" VPOS="2653" HPOS="1526"/>
<SP HEIGHT="41" WIDTH="41" VPOS="2654" HPOS="1697"/>
<String CONTENT="J." HEIGHT="38" WIDTH="40" VPOS="2654" HPOS="1739"/>
<SP HEIGHT="36" WIDTH="40" VPOS="2655" HPOS="1780"/>
<String CONTENT="E." HEIGHT="37" WIDTH="51" VPOS="2655" HPOS="1821"/>
<SP HEIGHT="38" WIDTH="39" VPOS="2654" HPOS="1873"/>
<String CONTENT="Myer," HEIGHT="45" WIDTH="148" VPOS="2654" HPOS="1913"/>
<SP HEIGHT="51" WIDTH="40" VPOS="2648" HPOS="2062"/>
<String CS="1" CONTENT="&#8453;"/>
</TextLine>
<TextLine HEIGHT="48" WIDTH="1459" VPOS="2710" HPOS="224" CS="1">
<String CONTENT="Indiana" HEIGHT="39" WIDTH="207" VPOS="2711" HPOS="224"/>
<SP HEIGHT="39" WIDTH="28" VPOS="2710" HPOS="432"/>
<String CONTENT="botanic" HEIGHT="39" WIDTH="193" VPOS="2710" HPOS="461"/>
<SP HEIGHT="36" WIDTH="27" VPOS="2721" HPOS="655"/>
<String CONTENT="gardens," HEIGHT="46" WIDTH="221" VPOS="2711" HPOS="683"/>
<SP HEIGHT="47" WIDTH="30" VPOS="2710" HPOS="905"/>
<String CONTENT="Hammond," HEIGHT="46" WIDTH="287" VPOS="2710" HPOS="936"/>
<SP HEIGHT="45" WIDTH="32" VPOS="2711" HPOS="1224"/>
<String CONTENT="Ind." HEIGHT="38" WIDTH="103" VPOS="2711" HPOS="1257"/>
<SP HEIGHT="48" WIDTH="70" VPOS="2710" HPOS="1361"/>
<String CS="1" CONTENT="(34-4515)" HEIGHT="48" WIDTH="251" VPOS="2710" HPOS="1432"/>
</TextLine>
<TextLine HEIGHT="66" WIDTH="573" VPOS="2800" HPOS="159" STYLEREFS="StyleId-EA3A0A53-4BF6-447C-9E8C-234BB9E047B6-">
<String CONTENT="Mills," HEIGHT="66" WIDTH="168" VPOS="2800" HPOS="159"/>
<SP HEIGHT="64" WIDTH="26" VPOS="2802" HPOS="328"/>
<String CONTENT="John," HEIGHT="64" WIDTH="173" VPOS="2801" HPOS="355"/>
<SP HEIGHT="61" WIDTH="32" VPOS="2804" HPOS="529"/>
<String CONTENT="1880-" HEIGHT="50" WIDTH="170" VPOS="2803" HPOS="562"/>
</TextLine>
<TextLine HEIGHT="70" WIDTH="1927" VPOS="2875" HPOS="224" STYLEREFS="StyleId-84B114B2-063E-4DD6-A33D-BD959DD63653-" CS="1">
<String CONTENT="Signals" HEIGHT="70" WIDTH="231" VPOS="2875" HPOS="224"/>
<SP HEIGHT="34" WIDTH="42" VPOS="2895" HPOS="456"/>
<String CONTENT="and" HEIGHT="52" WIDTH="112" VPOS="2877" HPOS="499"/>
<SP HEIGHT="52" WIDTH="43" VPOS="2877" HPOS="612"/>
<String CONTENT="speech" HEIGHT="66" WIDTH="201" VPOS="2878" HPOS="656"/>
<SP HEIGHT="51" WIDTH="43" VPOS="2878" HPOS="858"/>
<String CONTENT="in" HEIGHT="51" WIDTH="60" VPOS="2878" HPOS="902"/>
<SP HEIGHT="34" WIDTH="44" VPOS="2895" HPOS="963"/>
<String CONTENT="electrical" HEIGHT="53" WIDTH="282" VPOS="2877" HPOS="1008"/>
<SP HEIGHT="52" WIDTH="43" VPOS="2878" HPOS="1291"/>
<String CONTENT="communication," HEIGHT="68" WIDTH="496" VPOS="2877" HPOS="1335"/>
<SP HEIGHT="68" WIDTH="43" VPOS="2877" HPOS="1832"/>
<String CONTENT="by" HEIGHT="68" WIDTH="76" VPOS="2877" HPOS="1876"/>
<SP HEIGHT="69" WIDTH="43" VPOS="2876" HPOS="1953"/>
<String CONTENT="John" HEIGHT="54" WIDTH="154" VPOS="2876" HPOS="1997"/>
</TextLine>
<TextLine HEIGHT="69" WIDTH="1854" VPOS="2954" HPOS="153" STYLEREFS="StyleId-84B114B2-063E-4DD6-A33D-BD959DD63653-">
<String CONTENT="Mills." HEIGHT="53" WIDTH="174" VPOS="2954" HPOS="153"/>
<SP HEIGHT="53" WIDTH="67" VPOS="2955" HPOS="328"/>
<String CONTENT="New" HEIGHT="53" WIDTH="139" VPOS="2955" HPOS="396"/>
<SP HEIGHT="51" WIDTH="35" VPOS="2955" HPOS="536"/>
<String CONTENT="York," HEIGHT="68" WIDTH="178" VPOS="2954" HPOS="572"/>
<SP HEIGHT="67" WIDTH="31" VPOS="2955" HPOS="751"/>
<String CONTENT="Harcourt," HEIGHT="68" WIDTH="310" VPOS="2955" HPOS="783"/>
<SP HEIGHT="67" WIDTH="34" VPOS="2956" HPOS="1094"/>
<String CONTENT="Brace" HEIGHT="51" WIDTH="181" VPOS="2956" HPOS="1129"/>
<SP HEIGHT="33" WIDTH="35" VPOS="2974" HPOS="1311"/>
<String CONTENT="and" HEIGHT="52" WIDTH="113" VPOS="2956" HPOS="1347"/>
<SP HEIGHT="52" WIDTH="31" VPOS="2956" HPOS="1461"/>
<String CONTENT="company" HEIGHT="51" WIDTH="282" VPOS="2972" HPOS="1493"/>
<SP HEIGHT="51" WIDTH="38" VPOS="2972" HPOS="1776"/>
<String CONTENT="[" HEIGHT="34" WIDTH="12" VPOS="2987" HPOS="1815"/>
<String STYLE="superscript" CONTENT="c" HEIGHT="21" WIDTH="17" VPOS="2960" HPOS="1833"/>
<String CONTENT="1934]" HEIGHT="64" WIDTH="151" VPOS="2956" HPOS="1856"/>
</TextLine>
<TextLine HEIGHT="48" WIDTH="595" VPOS="3027" HPOS="220" CS="1">
<String CONTENT="4" HEIGHT="37" WIDTH="27" VPOS="3028" HPOS="220"/>
<SP/>
<String CS="1" CONTENT="p." HEIGHT="36" WIDTH="28" VPOS="3038" HPOS="275"/>
<SP/>
<String CS="1" CONTENT="l.," HEIGHT="15" WIDTH="8" VPOS="3060" HPOS="384"/>
<SP HEIGHT="47" WIDTH="27" VPOS="3028" HPOS="393"/>
<String CONTENT="3-281" HEIGHT="41" WIDTH="142" VPOS="3027" HPOS="421"/>
<SP HEIGHT="46" WIDTH="32" VPOS="3029" HPOS="564"/>
<String CONTENT="p." HEIGHT="37" WIDTH="41" VPOS="3038" HPOS="597"/>
<SP HEIGHT="38" WIDTH="61" VPOS="3029" HPOS="639"/>
<String CONTENT="19" HEIGHT="39" WIDTH="54" VPOS="3028" HPOS="701"/>
<String STYLE="superscript" CONTENT="cm" HEIGHT="20" WIDTH="42" VPOS="3031" HPOS="759"/>
<String CONTENT="." HEIGHT="7" WIDTH="7" VPOS="3061" HPOS="808"/>
</TextLine>
<TextLine HEIGHT="39" WIDTH="414" VPOS="3085" HPOS="223">
<String CONTENT="&#8220;First" HEIGHT="39" WIDTH="160" VPOS="3085" HPOS="223"/>
<SP HEIGHT="37" WIDTH="26" VPOS="3087" HPOS="384"/>
<String CONTENT="edition.&#8221;" HEIGHT="39" WIDTH="226" VPOS="3085" HPOS="411"/>
</TextLine>
<TextLine HEIGHT="52" WIDTH="1992" VPOS="3138" HPOS="158">
<String CONTENT="&#169;" HEIGHT="52" WIDTH="50" VPOS="3138" HPOS="158"/>
<SP HEIGHT="52" WIDTH="33" VPOS="3138" HPOS="209"/>
<String CONTENT="Mar." HEIGHT="37" WIDTH="120" VPOS="3145" HPOS="243"/>
<SP HEIGHT="38" WIDTH="32" VPOS="3144" HPOS="364"/>
<String CONTENT="1," HEIGHT="45" WIDTH="38" VPOS="3144" HPOS="397"/>
<SP HEIGHT="45" WIDTH="33" VPOS="3144" HPOS="436"/>
<String CONTENT="1934;" HEIGHT="40" WIDTH="139" VPOS="3143" HPOS="470"/>
<SP HEIGHT="39" WIDTH="35" VPOS="3144" HPOS="610"/>
<String CONTENT="2c." HEIGHT="39" WIDTH="63" VPOS="3144" HPOS="646"/>
<SP HEIGHT="29" WIDTH="35" VPOS="3154" HPOS="710"/>
<String CONTENT="and" HEIGHT="38" WIDTH="94" VPOS="3145" HPOS="746"/>
<SP HEIGHT="38" WIDTH="32" VPOS="3145" HPOS="841"/>
<String CONTENT="aff." HEIGHT="39" WIDTH="80" VPOS="3144" HPOS="874"/>
<SP HEIGHT="37" WIDTH="35" VPOS="3145" HPOS="955"/>
<String CONTENT="Mar." HEIGHT="39" WIDTH="121" VPOS="3145" HPOS="991"/>
<SP HEIGHT="40" WIDTH="32" VPOS="3144" HPOS="1113"/>
<String CONTENT="6:" HEIGHT="38" WIDTH="50" VPOS="3144" HPOS="1146"/>
<SP HEIGHT="38" WIDTH="35" VPOS="3144" HPOS="1197"/>
<!-- cceid BAA7079D-6C64-1014-8713-889FF4349C01 --><String CONTENT="A" HEIGHT="37" WIDTH="40" VPOS="3144" HPOS="1233"/>
<SP HEIGHT="39" WIDTH="32" VPOS="3143" HPOS="1274"/>
<String CONTENT="69729;" HEIGHT="48" WIDTH="169" VPOS="3142" HPOS="1307"/>
<SP HEIGHT="46" WIDTH="36" VPOS="3144" HPOS="1477"/>
<String CONTENT="Harcourt," HEIGHT="46" WIDTH="261" VPOS="3144" HPOS="1514"/>
<SP HEIGHT="46" WIDTH="35" VPOS="3144" HPOS="1776"/>
<String CONTENT="Brace" HEIGHT="38" WIDTH="153" VPOS="3144" HPOS="1812"/>
<SP HEIGHT="38" WIDTH="33" VPOS="3143" HPOS="1966"/>
<String CONTENT="&amp;" HEIGHT="38" WIDTH="36" VPOS="3143" HPOS="2000"/>
<SP HEIGHT="38" WIDTH="31" VPOS="3143" HPOS="2037"/>
<String CONTENT="co" HEIGHT="30" WIDTH="53" VPOS="3151" HPOS="2069"/>
<SP HEIGHT="36" WIDTH="19" VPOS="3151" HPOS="2123"/>
<String CONTENT="," HEIGHT="15" WIDTH="7" VPOS="3172" HPOS="2143"/>
</TextLine>
<TextLine HEIGHT="49" WIDTH="412" VPOS="3199" HPOS="222">
<String CONTENT="inc." HEIGHT="40" WIDTH="91" VPOS="3200" HPOS="222"/>
<SP HEIGHT="49" WIDTH="69" VPOS="3199" HPOS="314"/>
<String CONTENT="(34-4844)" HEIGHT="49" WIDTH="250" VPOS="3199" HPOS="384"/>
</TextLine>
<TextLine HEIGHT="148" WIDTH="1970" VPOS="3287" HPOS="155" STYLEREFS="StyleId-075D7C6D-625E-48CA-AED5-17481AD4C2C5-" CS="1">
<String CONTENT="Minnesota" HEIGHT="56" WIDTH="334" VPOS="3287" HPOS="155"/>
<SP HEIGHT="35" WIDTH="27" VPOS="3308" HPOS="490"/>
<String CONTENT="and" HEIGHT="50" WIDTH="110" VPOS="3292" HPOS="518"/>
<SP HEIGHT="52" WIDTH="27" VPOS="3292" HPOS="629"/>
<String CONTENT="North" HEIGHT="52" WIDTH="187" VPOS="3292" HPOS="657"/>
<SP HEIGHT="52" WIDTH="26" VPOS="3292" HPOS="845"/>
<String CONTENT="western" HEIGHT="48" WIDTH="238" VPOS="3296" HPOS="872"/>
<SP HEIGHT="50" WIDTH="26" VPOS="3292" HPOS="1111"/>
<String CONTENT="digest." HEIGHT="66" WIDTH="200" VPOS="3292" HPOS="1138"/>
<SP HEIGHT="53" WIDTH="74" VPOS="3292" HPOS="1339"/>
<String CONTENT="January," HEIGHT="64" WIDTH="280" VPOS="3292" HPOS="1414"/>
<SP HEIGHT="62" WIDTH="27" VPOS="3294" HPOS="1695"/>
<String CONTENT="1934," HEIGHT="64" WIDTH="150" VPOS="3293" HPOS="1723"/>
<SP HEIGHT="49" WIDTH="26" VPOS="3308" HPOS="1874"/>
<String CONTENT="cumulative" HEIGHT="131" WIDTH="1900" VPOS="3289" HPOS="225"/>
<SP HEIGHT="49" WIDTH="36" VPOS="3386" HPOS="340"/>
<String CONTENT="pamphlet" HEIGHT="66" WIDTH="300" VPOS="3369" HPOS="377"/>
<SP HEIGHT="46" WIDTH="42" VPOS="3374" HPOS="678"/>
<String CS="1" CONTENT="&#8230;"/>
</TextLine>
<TextLine HEIGHT="68" WIDTH="1215" VPOS="3368" HPOS="859" STYLEREFS="StyleId-075D7C6D-625E-48CA-AED5-17481AD4C2C5-">
<String CONTENT="St." HEIGHT="54" WIDTH="82" VPOS="3368" HPOS="859"/>
<SP HEIGHT="49" WIDTH="38" VPOS="3372" HPOS="942"/>
<String CONTENT="Paul," HEIGHT="66" WIDTH="165" VPOS="3369" HPOS="981"/>
<SP HEIGHT="64" WIDTH="35" VPOS="3371" HPOS="1147"/>
<String CONTENT="West" HEIGHT="53" WIDTH="160" VPOS="3371" HPOS="1183"/>
<SP HEIGHT="61" WIDTH="38" VPOS="3375" HPOS="1344"/>
<String CONTENT="publishing" HEIGHT="68" WIDTH="335" VPOS="3368" HPOS="1383"/>
<SP HEIGHT="50" WIDTH="37" VPOS="3385" HPOS="1719"/>
<String CONTENT="co." HEIGHT="34" WIDTH="78" VPOS="3385" HPOS="1757"/>
<SP HEIGHT="32" WIDTH="46" VPOS="3401" HPOS="1836"/>
<String CONTENT="[" HEIGHT="32" WIDTH="10" VPOS="3401" HPOS="1883"/>
<String STYLE="superscript" CONTENT="c" HEIGHT="19" WIDTH="17" VPOS="3374" HPOS="1900"/>
<String CONTENT="1934]" HEIGHT="62" WIDTH="151" VPOS="3370" HPOS="1923"/>
</TextLine>
<TextLine HEIGHT="47" WIDTH="328" VPOS="3441" HPOS="224" STYLEREFS="StyleId-075D7C6D-625E-48CA-AED5-17481AD4C2C5-">
<String CONTENT="286" HEIGHT="39" WIDTH="87" VPOS="3441" HPOS="224"/>
<SP HEIGHT="47" WIDTH="24" VPOS="3441" HPOS="312"/>
<String CONTENT="p." HEIGHT="35" WIDTH="40" VPOS="3453" HPOS="337"/>
<SP HEIGHT="37" WIDTH="57" VPOS="3442" HPOS="378"/>
<String CONTENT="24" HEIGHT="38" WIDTH="56" VPOS="3442" HPOS="436"/>
<String STYLE="superscript" CONTENT="cm" HEIGHT="20" WIDTH="44" VPOS="3444" HPOS="495"/>
<String CONTENT="." HEIGHT="7" WIDTH="6" VPOS="3474" HPOS="546"/>
</TextLine>
<TextLine HEIGHT="52" WIDTH="1667" VPOS="3493" HPOS="160" CS="1">
<String CONTENT="&#169;" HEIGHT="51" WIDTH="49" VPOS="3493" HPOS="160"/>
<SP HEIGHT="51" WIDTH="25" VPOS="3493" HPOS="210"/>
<String CONTENT="Jan." HEIGHT="38" WIDTH="108" VPOS="3499" HPOS="236"/>
<SP HEIGHT="38" WIDTH="24" VPOS="3499" HPOS="345"/>
<String CONTENT="18," HEIGHT="46" WIDTH="68" VPOS="3498" HPOS="370"/>
<SP HEIGHT="45" WIDTH="24" VPOS="3499" HPOS="439"/>
<String CS="1" CONTENT="1934;" HEIGHT="40" WIDTH="113" VPOS="3497" HPOS="464"/>
<SP HEIGHT="45" WIDTH="27" VPOS="3499" HPOS="604"/>
<String CONTENT="2c." HEIGHT="39" WIDTH="65" VPOS="3499" HPOS="632"/>
<SP HEIGHT="28" WIDTH="25" VPOS="3510" HPOS="698"/>
<String CONTENT="and" HEIGHT="37" WIDTH="96" VPOS="3500" HPOS="724"/>
<SP HEIGHT="37" WIDTH="25" VPOS="3500" HPOS="821"/>
<String CONTENT="aff." HEIGHT="38" WIDTH="80" VPOS="3499" HPOS="847"/>
<SP HEIGHT="38" WIDTH="26" VPOS="3499" HPOS="928"/>
<String CONTENT="Feb." HEIGHT="39" WIDTH="108" VPOS="3499" HPOS="955"/>
<SP HEIGHT="38" WIDTH="27" VPOS="3498" HPOS="1064"/>
<String CS="1" CONTENT="23;" HEIGHT="39" WIDTH="53" VPOS="3498" HPOS="1092"/>
<SP HEIGHT="45" WIDTH="28" VPOS="3499" HPOS="1173"/>
<!-- cceid BAA7A335-6C64-1014-8713-889FF4349C01 --><String CONTENT="A" HEIGHT="37" WIDTH="39" VPOS="3499" HPOS="1202"/>
<SP HEIGHT="39" WIDTH="24" VPOS="3499" HPOS="1242"/>
<String CS="1" CONTENT="69596;" HEIGHT="41" WIDTH="143" VPOS="3497" HPOS="1267"/>
<SP HEIGHT="44" WIDTH="28" VPOS="3499" HPOS="1437"/>
<String CONTENT="West" HEIGHT="38" WIDTH="135" VPOS="3499" HPOS="1466"/>
<SP HEIGHT="45" WIDTH="24" VPOS="3500" HPOS="1602"/>
<String CONTENT="pub." HEIGHT="47" WIDTH="108" VPOS="3498" HPOS="1627"/>
<SP HEIGHT="29" WIDTH="26" VPOS="3508" HPOS="1736"/>
<String CONTENT="co." HEIGHT="28" WIDTH="64" VPOS="3508" HPOS="1763"/>
</TextLine>
<TextLine HEIGHT="67" WIDTH="930" VPOS="3586" HPOS="159">
<String CONTENT="Mississippi." HEIGHT="65" WIDTH="372" VPOS="3586" HPOS="159"/>
<SP HEIGHT="48" WIDTH="74" VPOS="3593" HPOS="532"/>
<String CONTENT="Supreme" HEIGHT="60" WIDTH="276" VPOS="3593" HPOS="607"/>
<SP HEIGHT="34" WIDTH="32" VPOS="3608" HPOS="884"/>
<String CONTENT="court." HEIGHT="46" WIDTH="172" VPOS="3596" HPOS="917"/>
</TextLine>
<TextLine HEIGHT="70" WIDTH="1920" VPOS="3662" HPOS="227" STYLEREFS="StyleId-075D7C6D-625E-48CA-AED5-17481AD4C2C5-" CS="1">
<String CONTENT="Cases" HEIGHT="54" WIDTH="166" VPOS="3662" HPOS="227"/>
<SP HEIGHT="33" WIDTH="25" VPOS="3683" HPOS="394"/>
<String CONTENT="argued" HEIGHT="66" WIDTH="212" VPOS="3666" HPOS="420"/>
<SP HEIGHT="51" WIDTH="23" VPOS="3666" HPOS="633"/>
<String CONTENT="and" HEIGHT="50" WIDTH="110" VPOS="3667" HPOS="657"/>
<SP HEIGHT="50" WIDTH="23" VPOS="3667" HPOS="768"/>
<String CONTENT="decided" HEIGHT="51" WIDTH="233" VPOS="3667" HPOS="792"/>
<SP HEIGHT="51" WIDTH="29" VPOS="3667" HPOS="1026"/>
<String CS="1" CONTENT="&#8230;"/>
<SP HEIGHT="33" WIDTH="30" VPOS="3685" HPOS="1110"/>
<String CONTENT="at" HEIGHT="46" WIDTH="55" VPOS="3672" HPOS="1141"/>
<SP HEIGHT="46" WIDTH="20" VPOS="3672" HPOS="1197"/>
<String CONTENT="the" HEIGHT="50" WIDTH="95" VPOS="3668" HPOS="1218"/>
<SP HEIGHT="50" WIDTH="22" VPOS="3668" HPOS="1314"/>
<String CONTENT="March" HEIGHT="52" WIDTH="201" VPOS="3666" HPOS="1337"/>
<SP HEIGHT="51" WIDTH="22" VPOS="3666" HPOS="1539"/>
<String CONTENT="term," HEIGHT="59" WIDTH="161" VPOS="3671" HPOS="1562"/>
<SP HEIGHT="61" WIDTH="24" VPOS="3669" HPOS="1724"/>
<String CONTENT="1933." HEIGHT="49" WIDTH="149" VPOS="3667" HPOS="1749"/>
<SP HEIGHT="33" WIDTH="58" VPOS="3681" HPOS="1899"/>
<String CONTENT="v." HEIGHT="34" WIDTH="49" VPOS="3681" HPOS="1958"/>
<SP HEIGHT="48" WIDTH="25" VPOS="3667" HPOS="2008"/>
<String CONTENT="166." HEIGHT="49" WIDTH="113" VPOS="3666" HPOS="2034"/>
</TextLine>
<TextLine HEIGHT="72" WIDTH="1988" VPOS="3740" HPOS="158" STYLEREFS="StyleId-075D7C6D-625E-48CA-AED5-17481AD4C2C5-">
<String CONTENT="Reported" HEIGHT="69" WIDTH="286" VPOS="3740" HPOS="158"/>
<SP HEIGHT="51" WIDTH="59" VPOS="3743" HPOS="445"/>
<String CONTENT="by" HEIGHT="65" WIDTH="74" VPOS="3744" HPOS="505"/>
<SP HEIGHT="63" WIDTH="59" VPOS="3746" HPOS="580"/>
<String CONTENT="Louis" HEIGHT="53" WIDTH="174" VPOS="3743" HPOS="640"/>
<SP HEIGHT="49" WIDTH="59" VPOS="3747" HPOS="815"/>
<String CONTENT="M." HEIGHT="49" WIDTH="78" VPOS="3747" HPOS="875"/>
<SP HEIGHT="52" WIDTH="62" VPOS="3747" HPOS="954"/>
<String CONTENT="Jiggitts." HEIGHT="67" WIDTH="260" VPOS="3745" HPOS="1017"/>
<SP HEIGHT="53" WIDTH="77" VPOS="3744" HPOS="1278"/>
<String CONTENT="Columbia," HEIGHT="64" WIDTH="318" VPOS="3744" HPOS="1356"/>
<SP HEIGHT="63" WIDTH="60" VPOS="3745" HPOS="1675"/>
<String CONTENT="Mo.," HEIGHT="63" WIDTH="133" VPOS="3745" HPOS="1736"/>
<SP HEIGHT="64" WIDTH="59" VPOS="3744" HPOS="1870"/>
<String CONTENT="E." HEIGHT="50" WIDTH="65" VPOS="3744" HPOS="1930"/>
<SP HEIGHT="52" WIDTH="60" VPOS="3743" HPOS="1996"/>
<String CONTENT="W." HEIGHT="52" WIDTH="89" VPOS="3743" HPOS="2057"/>
</TextLine>
<TextLine HEIGHT="72" WIDTH="950" VPOS="3817" HPOS="160" STYLEREFS="StyleId-075D7C6D-625E-48CA-AED5-17481AD4C2C5-">
<String CONTENT="Stephens" HEIGHT="68" WIDTH="276" VPOS="3817" HPOS="160"/>
<SP HEIGHT="49" WIDTH="29" VPOS="3839" HPOS="437"/>
<String CONTENT="publishing" HEIGHT="67" WIDTH="335" VPOS="3822" HPOS="467"/>
<SP HEIGHT="50" WIDTH="26" VPOS="3839" HPOS="803"/>
<String CONTENT="co.," HEIGHT="49" WIDTH="97" VPOS="3839" HPOS="830"/>
<SP HEIGHT="62" WIDTH="32" VPOS="3826" HPOS="928"/>
<String CONTENT="1933." HEIGHT="48" WIDTH="149" VPOS="3826" HPOS="961"/>
</TextLine>
<TextLine HEIGHT="49" WIDTH="704" VPOS="3892" HPOS="229" CS="1">
<String CONTENT="xiii," HEIGHT="47" WIDTH="100" VPOS="3892" HPOS="229"/>
<SP HEIGHT="45" WIDTH="30" VPOS="3894" HPOS="330"/>
<String CONTENT="996" HEIGHT="39" WIDTH="87" VPOS="3893" HPOS="361"/>
<SP HEIGHT="48" WIDTH="26" VPOS="3893" HPOS="449"/>
<String CONTENT="p." HEIGHT="36" WIDTH="41" VPOS="3905" HPOS="476"/>
<SP HEIGHT="38" WIDTH="59" VPOS="3895" HPOS="518"/>
<String CONTENT="diagr." HEIGHT="46" WIDTH="151" VPOS="3895" HPOS="578"/>
<SP HEIGHT="37" WIDTH="59" VPOS="3895" HPOS="730"/>
<String CS="1" CONTENT="22&#189;" HEIGHT="38" WIDTH="55" VPOS="3894" HPOS="790"/>
<String STYLE="superscript" CONTENT="cm" HEIGHT="21" WIDTH="44" VPOS="3896" HPOS="878"/>
<String CONTENT="." HEIGHT="7" WIDTH="6" VPOS="3926" HPOS="927"/>
</TextLine>
<TextLine HEIGHT="53" WIDTH="1988" VPOS="3944" HPOS="160">
<String CONTENT="&#169;" HEIGHT="50" WIDTH="49" VPOS="3944" HPOS="160"/>
<SP HEIGHT="50" WIDTH="28" VPOS="3944" HPOS="210"/>
<String CONTENT="Dec." HEIGHT="38" WIDTH="111" VPOS="3950" HPOS="239"/>
<SP HEIGHT="39" WIDTH="28" VPOS="3949" HPOS="351"/>
<String CONTENT="22," HEIGHT="48" WIDTH="68" VPOS="3949" HPOS="380"/>
<SP HEIGHT="45" WIDTH="29" VPOS="3952" HPOS="449"/>
<String CONTENT="1933;" HEIGHT="47" WIDTH="139" VPOS="3949" HPOS="479"/>
<SP HEIGHT="45" WIDTH="30" VPOS="3951" HPOS="619"/>
<String CONTENT="2c." HEIGHT="39" WIDTH="65" VPOS="3951" HPOS="650"/>
<SP HEIGHT="45" WIDTH="31" VPOS="3945" HPOS="716"/>
<String CONTENT="Jan." HEIGHT="47" WIDTH="108" VPOS="3945" HPOS="748"/>
<SP HEIGHT="41" WIDTH="29" VPOS="3951" HPOS="857"/>
<String CONTENT="8," HEIGHT="46" WIDTH="37" VPOS="3951" HPOS="887"/>
<SP HEIGHT="44" WIDTH="30" VPOS="3953" HPOS="925"/>
<String CONTENT="1934;" HEIGHT="46" WIDTH="139" VPOS="3951" HPOS="956"/>
<SP HEIGHT="35" WIDTH="32" VPOS="3962" HPOS="1096"/>
<String CONTENT="aff." HEIGHT="39" WIDTH="79" VPOS="3951" HPOS="1129"/>
<SP HEIGHT="38" WIDTH="31" VPOS="3952" HPOS="1209"/>
<String CONTENT="Jan." HEIGHT="38" WIDTH="106" VPOS="3952" HPOS="1241"/>
<SP HEIGHT="37" WIDTH="30" VPOS="3952" HPOS="1348"/>
<String CONTENT="19;" HEIGHT="47" WIDTH="80" VPOS="3950" HPOS="1379"/>
<SP HEIGHT="46" WIDTH="33" VPOS="3951" HPOS="1460"/>
<!-- cceid BAA83B44-6C64-1014-8713-889FF4349C01 --><String CONTENT="A" HEIGHT="38" WIDTH="41" VPOS="3951" HPOS="1494"/>
<SP HEIGHT="38" WIDTH="26" VPOS="3951" HPOS="1536"/>
<String CONTENT="70356;" HEIGHT="45" WIDTH="169" VPOS="3950" HPOS="1563"/>
<SP HEIGHT="46" WIDTH="34" VPOS="3949" HPOS="1733"/>
<String CONTENT="Central" HEIGHT="40" WIDTH="201" VPOS="3949" HPOS="1768"/>
<SP HEIGHT="36" WIDTH="25" VPOS="3951" HPOS="1970"/>
<String CONTENT="states" HEIGHT="40" WIDTH="152" VPOS="3947" HPOS="1996"/>
</TextLine>
<TextLine HEIGHT="44" WIDTH="651" VPOS="4006" HPOS="226">
<String CONTENT="book" HEIGHT="39" WIDTH="120" VPOS="4006" HPOS="226"/>
<SP HEIGHT="38" WIDTH="29" VPOS="4008" HPOS="347"/>
<String CONTENT="co.," HEIGHT="33" WIDTH="79" VPOS="4017" HPOS="377"/>
<SP HEIGHT="43" WIDTH="31" VPOS="4007" HPOS="457"/>
<String CONTENT="Columbia," HEIGHT="43" WIDTH="265" VPOS="4007" HPOS="489"/>
<SP HEIGHT="41" WIDTH="29" VPOS="4009" HPOS="755"/>
<String CONTENT="Mo." HEIGHT="37" WIDTH="92" VPOS="4009" HPOS="785"/>
</TextLine>
</TextBlock>
<GraphicalElement ID="Page219_Block3" HEIGHT="4" WIDTH="86" VPOS="3223" HPOS="435"/>
</PrintSpace>
</Page>
</Layout>
</alto>