2350 4196
1127 4003 128 49 1510

290 452 84 48 [64]
405 462 41 37 p.
509 451 125 40 illus.
663 452 133 46 (part
826 453 111 40 col.)
1006 452 144 41 28½cm.

290 509 283 38 Illustrated
606 513 95 42 t.-p.
733 511 92 37 and
858 508 345 48 lining-papers
1234 509 48 38 in
1313 509 168 38 colors.

221 561 51 50 ©
301 566 114 37 Nov.
445 565 38 39 2.
515 564 138 40 1934:
685 566 65 39 2c.
779 566 115 37 Nov.
926 567 50 38 5:
1009 577 79 27 aff.
1119 566 116 38 Nov.
1265 565 50 39 3:
1348 566 46 41 A
1418 563 141 40 77085;
1620 565 147 37 Maud
1802 563 279 40 Petersham
2110 565 90 37 and

287 621 156 39 Miska
478 622 296 38 Petersham.
805 623 302 38 Woodstock.
1138 623 53 36 X.
1225 622 49 37 Y.
1348 620 278 44 (34-31833)

214 721 232 67 Phelps,
478 721 254 55 William
766 724 182 64 Lyon,
987 728 169 48 1865-

283 801 177 52 What
503 802 32 51 I
581 801 111 52 like
739 801 57 53 in
844 808 198 60 poetry
1094 803 106 65 [by]
1249 802 259 52 William
1554 803 158 64 Lyon
1762 801 227 65 Phelps.
2067 802 132 49 New

219 877 172 67 York,
416 879 256 64 London,
701 880 60 53 C.
796 879 309 55 Scribner’s
1131 896 143 48 sons,
1306 882 147 49 1934.

287 950 653 48 XX p., 1 l., 601 p. 21½cm.
222 1004 1983 51 © Nov. 2. 1934: 2c. Nov. 9: aff. Nov. 6; A 78000: Charles Scribner’s
289 1075 122 30 sons.
484 1065 277 46 (34-37814)

216 1167 222 64 Poulet,
472 1167 260 63 Charles,
768 1172 169 50 1887-

285 1243 55 51 A
378 1243 221 68 history
640 1243 64 53 of
740 1244 94 52 the
877 1243 262 54 Catholic
1180 1244 211 52 church
1433 1242 94 53 for
1568 1244 95 51 the
1706 1261 94 34 use
1843 1243 63 52 of
1950 1242 255 68 colleges,

214 1318 1992 148 seminaries, and universities, by Dom Charles Poulet … authorized translation and adaptation from the fourth French edition
216 1476 1985 68 by the Rev. Sidney A. Raemers … I. The ancient church.
217 1555 117 51 The
389 1555 215 51 middle
661 1574 143 48 ages.
898 1557 118 51 The
1068 1556 312 67 beginning
1435 1556 62 51 of
1551 1557 94 50 the
1699 1557 234 50 modern
1989 1556 214 66 period.

220 1631 79 55 St.
336 1634 190 54 Louis,
560 1635 113 49 Mo.
712 1635 108 50 and
856 1635 256 52 London.
1147 1637 64 49 B.
1247 1634 226 51 Herder
1507 1634 145 51 book
1686 1652 96 38 co.,
1820 1636 148 52 1934.

284 1708 163 39 xxxiv.
479 1706 85 40 760
591 1718 41 36 p.
689 1706 145 40 23½cm.

288 1761 288 41 Eliminates
610 1761 225 40 material
868 1762 288 46 interesting
1188 1762 110 45 only
1334 1764 48 36 to
1417 1761 187 39 French
1640 1761 221 39 students
1900 1761 94 39 and
2029 1760 178 40 inserts

215 1818 225 46 chapters
477 1819 79 37 for
595 1820 82 38 the
717 1818 314 39 information
1076 1820 50 39 of
1165 1818 255 39 American
1461 1819 95 38 and
1601 1817 201 47 English
1844 1817 223 40 students.
2146 1819 58 45 cf.

216 1874 324 41 Translator’s
568 1876 121 45 pref.

286 1930 348 48 Bibliography
659 1933 52 38 at
737 1933 90 38 end
857 1932 51 39 of
935 1932 118 39 each
1081 1931 211 47 chapter.

219 1986 1819 50 © Oct. 22, 1934; 2c. and aff. Oct. 24: A 76759: B. Herder book co.
295 2046 279 47 (34-37649)

214 2150 288 63 Prescott,
533 2149 186 55 Allen.

284 2225 120 51 The
453 2224 364 53 Wifesaver’s
865 2225 178 66 candy
1094 2225 226 66 recipes,
1370 2225 33 50 by
1491 2225 166 51 Allen
1711 2225 270 51 Prescott.
2068 2224 131 51 New

220 2301 173 58 York,
428 2301 143 51 Blue
604 2301 197 53 ribbon
833 2300 171 56 books
1042 2304 172 64 [c1934]

283 2372 83 38 viii
395 2382 42 37 p.,
479 2372 21 37 1
550 2404 7 7 l.,
601 2371 84 39 109
712 2382 43 37 p.,
796 2373 23 37 1
869 2404 6 7 l.
931 2372 112 39 21cm.

286 2428 156 39 Blank
469 2438 145 37 pages
643 2429 123 37 “For
792 2438 120 36 your
937 2439 103 28 own
1070 2429 208 46 recipes”
1308 2433 50 35 at
1384 2432 103 37 end.

218 2485 50 50 ©
306 2488 99 39 Oct.
441 2490 67 38 11.
542 2487 138 40 1934:
718 2488 65 39 2c.
821 2488 100 40 Oct.
956 2487 80 39 20:
1076 2488 80 40 aff.
1192 2489 98 39 Oct.
1326 2489 81 38 24:
1446 2491 38 36 A
1523 2489 166 39 76742:
1728 2492 53 38 A.
1818 2491 233 40 Prescott.
2088 2492 113 37 New

284 2546 142 38 York.
499 2544 276 47 (34-37679)

213 2648 276 63 Propper,
520 2649 208 51 Milton
759 2649 77 54 M.

281 2724 1915 68 The family burial murders, by Milton Propper … New
212 2801 160 51 York
399 2803 106 51 and
538 2802 255 54 London.
820 2802 232 65 Harper
1077 2805 45 49 &
1145 2803 275 55 brothers,
1450 2806 148 49 1934.

281 2873 526 49 4 p. l. , 342 p. 19cm.
284 2933 37 37 A
349 2932 192 46 Harper
568 2931 159 39 sealed
755 2933 214 44 mystery
997 2933 131 43 story
1166 2931 62 46 (p.
1258 2931 202 39 261-342
1486 2933 188 40 sealed)

284 2988 160 40 “First
476 2987 225 40 edition.”

218 3041 1870 50 © Nov. 8. 1934: 2c. Nov. 14: aff. Nov. 16: A 78140: Harper & bros.
296 3101 276 42 (34-37831)

214 3199 1223 59 Punch. v . 187, no. 4870, Oct. 17, 1934.
219 3271 1981 51 © 1c. Dec. 12. 1934: A ad int. 19743: pubd. Oct. 17: Herbert Heather.
285 3332 210 38 London.

213 3433 311 63 Reynolds,
554 3434 202 52 James
781 3434 237 63 Joseph.

286 3509 1907 64 Short stories of famous men, by James J. Reynolds … and
215 3585 1757 66 Mary A. Horn … New York, Noble and Noble [c1934]
286 3657 42 37 vi
357 3666 29 36 p.,
442 3658 24 38 1
513 3688 7 9 l.,
562 3657 84 40 248
672 3669 40 37 p.
768 3658 85 39 col.
879 3658 163 41 front.,
1070 3658 82 40 col.
1181 3659 126 40 illus.
1369 3659 114 40 20cm.

316 3711 230 41 “Contains
589 3723 24 29 a
659 3713 200 40 number
901 3714 50 40 of
994 3715 135 39 short
1173 3715 172 40 stories
1387 3715 51 39 of
1480 3716 81 40 the
1602 3716 119 39 lives
1764 3714 51 41 of
1855 3714 193 40 famous
2089 3724 105 30 men

216 3769 1981 47 from the days of Alexander the Great … to Thomas Edison and Henry
216 3825 413 40 Ford.’’—Introd.

218 3878 1813 50 © Oct. 23. 1934: 2c. Oct. 30; aff. Nov. 8: A 77130: Noble & Noble.
297 3938 275 46 (34-37621)
