2350 4196
1102 3996 97 48 123

157 433 234 53 Tucker.
456 432 239 53 Volume
876 476 7 8 XXVI.
913 430 186 66 Wills,
1130 431 130 65 §393
1290 434 58 47 to
1379 427 235 68 Zoning.
1684 429 113 53 San
1829 427 321 69 Francisco,

162 509 577 68 Bancroft-Wliitney
775 526 296 51 company,
1108 511 149 49 1933.

220 594 39 37 v,
320 585 56 39 605
406 596 39 35 p.
506 585 54 38 26
565 587 14 19 cm
615 617 5 6 .

157 651 49 51 ©
246 657 114 38 Nov.
401 656 67 45 11,
508 655 139 45 1938;
688 655 65 38 2c.
793 654 117 39 Nov.
949 653 81 46 22;
1147 685 6 6 aff.
1194 653 109 37 Feb.
1375 683 7 15 6,
1423 650 139 47 1934;
1605 651 41 37 A
1684 649 169 47 68244;
221 649 1930 110 Bancroft-Wliitney
479 724 66 28 co.

155 817 193 63 Mayo,
378 815 348 54 Katherine.

230 891 252 54 Soldiers
536 893 153 50 what
742 893 163 50 next!
987 893 89 66 By
1131 891 318 51 Katherine
1502 892 189 64 Mayo.
1769 891 217 50 Boston
2041 890 110 51 and

156 971 136 51 New
321 971 178 67 York,
527 970 319 68 Houghton
873 967 203 56 Mifflin
1105 987 296 49 company,
1432 972 151 48 1934.

224 1054 73 30 xv.
407 1077 7 15 [1],
456 1044 98 49 567,
600 1046 52 47 [1]
732 1077 8 6 p.
809 1044 55 38 21
869 1046 43 20 cm
919 1077 6 7 .

157 1110 51 51 ©
245 1115 109 39 Feb.
389 1115 38 46 7,
464 1114 139 47 1934;
642 1116 64 37 2c.
745 1115 107 38 Feb.
891 1114 80 46 10;
1011 1124 80 28 aff.
1128 1114 109 39 Feb.
1274 1113 52 46 9;
1364 1113 42 38 A
1439 1111 170 47 70216;
1699 1145 6 6 K.
1744 1112 157 46 Mayo,
1939 1110 215 40 Bedford

225 1171 141 47 Hills,
398 1169 53 40 N.
485 1171 50 39 Y.

157 1276 215 64 Moore,
406 1274 264 54 Clement
702 1276 228 63 Clarke,
964 1276 325 52 1779-1863.

224 1354 120 52 The
375 1352 167 68 night
574 1352 195 53 before
804 1352 347 68 Christmas;
1187 1352 260 68 showing
1478 1372 31 34 a
1542 1351 281 54 facsimile
155 1353 1980 132 reproduction
330 1431 63 52 of
445 1432 96 51 the
590 1431 124 55 first
767 1432 326 52 illustrated
1147 1432 216 52 edition
1418 1430 64 53 of
1536 1431 89 52 “A
1678 1431 139 53 visit
1868 1429 154 54 from
2075 1429 83 56 St.

156 1510 304 52 Nicholas”
503 1511 70 67 by
616 1510 257 54 Clement
916 1509 207 55 Clarke
1164 1510 213 53 Moore.
1459 1510 156 68 [New
1657 1509 181 68 York]
156 1510 1978 146 Encyclopaedia
391 1589 341 68 britannica,
764 1589 108 53 inc.
910 1622 13 34 [
928 1595 17 21 c
951 1592 152 65 1933]

223 1663 282 45 cover-title,
540 1665 52 48 [4]
621 1674 56 36 p.,
706 1664 188 39 facsim.
924 1663 111 49 ([16]
1067 1664 68 47 p.)
1172 1664 23 38 1
1246 1695 8 8 l.
1315 1663 129 40 ilius.
1473 1664 134 48 (incl.
1634 1663 148 49 port.)
1852 1664 55 38 14½
1940 1666 14 20 cm
1989 1694 8 9 .

251 1720 309 39 Introduction
592 1721 58 46 by
681 1722 52 37 A.
767 1721 55 40 N.
854 1720 235 48 Hosking.

225 1776 256 40 Facsimile
544 1788 53 29 has
626 1776 133 40 title:
790 1778 40 38 A
857 1777 114 40 visit
997 1777 128 39 from
1155 1777 66 41 St.
1250 1777 244 40 Nicholas.
1556 1777 70 47 By
1658 1777 217 40 Clement
1904 1776 49 42 C.
1984 1778 175 46 Moore,

215 1865 6 6 LL.
288 1844 35 36 D.;
359 1832 116 40 with
511 1833 207 48 original
751 1836 120 45 cuts,
908 1834 228 48 designed
1169 1835 94 39 and
1295 1834 242 47 engraved
1572 1835 58 46 by
1667 1835 148 46 Boyd.
1878 1834 282 46 New-York,

156 1891 56 38 H.
248 1892 44 38 M
340 1890 304 48 Onderdonk,
675 1891 127 40 1848.

228 1947 125 40 “The
388 1958 136 37 poem
561 1957 99 30 was
694 1948 106 39 first
834 1948 193 47 printed
1062 1949 349 46 anonymously
1446 1959 60 28 on
1541 1948 263 39 December
1839 1947 69 47 23,
1944 1946 114 41 1823
2096 1946 62 49 [in

157 2004 77 38 the
263 2005 125 46 Troy
417 2004 359 49 sentinel]”—p.
808 2003 55 51 [2]

159 2057 50 51 ©
237 2062 110 39 Dec.
374 2062 67 47 16,
468 2062 112 40 1933;
636 2062 67 39 2c.
732 2063 93 38 andaff.
962 2063 111 39 Dec.
1101 2062 81 46 20;
1212 2062 41 38 A
1280 2061 169 47 69338;
1479 2062 189 39 Arthur
1694 2062 54 38 N.
1777 2061 235 47 Hosking,
2040 2061 116 39 New

274 2120 193 41 Rochelle,
503 2120 53 38 N.
594 2120 53 39 Y.
729 2115 50 52 [©
816 2119 210 49 preface]
1103 2118 249 49 (34-2276)

163 2225 212 62 Moore,
405 2224 183 63 Floyd
619 2225 66 54 E.

229 2300 1926 69 Digest of federal tax decisions, by Floyd E. Moore … v. 1.
162 2379 398 67 Washington,
591 2382 70 50 D.
698 2382 79 65 C.,
810 2380 141 53 Pub.
986 2380 94 51 for
1112 2383 63 49 F.
1210 2382 66 51 E.
1310 2383 197 50 Moore
1536 2381 74 65 by
1643 2379 516 68 Fleet-McGinley,

159 2459 125 65 inc.,
316 2457 334 67 Baltimore,
682 2459 119 53 Md.
842 2492 12 33 [
860 2465 16 20 c
882 2462 122 48 1934
1021 2491 11 34 ]

224 2532 117 46 xlix,
372 2531 83 40 623
484 2543 41 37 p,
583 2532 54 39 23
641 2534 44 20 cm
691 2564 7 8 .

233 2588 252 40 “Advance
508 2590 160 38 sheets
692 2589 100 39 will
814 2590 53 40 be
889 2589 255 48 published
1168 2590 217 47 monthly
1408 2590 131 40 after
1564 2590 79 40 the
1666 2589 298 48 publication
1991 2589 49 39 of
2065 2589 95 39 this

162 2645 186 41 volume
396 2677 7 16 I,
432 2647 224 48 bringing
680 2646 65 40 all
771 2649 84 37 tax
882 2648 240 39 decisions
1171 2660 25 28 to
1219 2648 126 46 date,
1375 2648 156 39 which
1557 2648 215 39 advance
1798 2648 160 39 sheets
1984 2648 98 39 will
2106 2648 54 39 be

163 2705 156 38 bound
352 2704 48 38 in
431 2706 283 46 permanent
746 2704 127 40 form
904 2705 248 47 annually,
1184 2716 53 29 or
1267 2708 50 36 at
1350 2707 118 38 such
1499 2704 141 41 times
1672 2715 54 30 as
1756 2707 81 39 the
1867 2710 166 36 extent
2065 2706 95 38 and

162 2762 1999 99 volume of decisions require … Volume I commences January 1, 1932.”—Foreword.
162 2876 49 51 ©
241 2881 106 38 Jan.
435 2911 8 16 18,
470 2879 140 41 1934;
640 2879 65 40 2c.
734 2880 94 38 and
856 2889 80 29 aff.
966 2879 107 39 Feb.
1103 2879 51 46 1;
1183 2879 44 41 A
1252 2878 169 48 70085;
1454 2879 49 39 F.
1534 2881 51 38 E.
1615 2881 177 43 Moore,
1821 2878 334 47 Washington.

238 2936 249 49 (34-2416)

162 3040 294 63 Myerson,
486 3039 324 64 Abraham,
841 3042 170 49 1881-

235 3116 1928 70 .… Social psychology, by Abraham Myerson … New York,
161 3195 448 67 Prentice-Hall,
639 3195 126 68 inc.,
799 3197 150 51 1934.

227 3280 75 34 xv,
334 3268 83 40 640
448 3279 41 37 p.
551 3268 55 39 21
609 3271 43 20 cm
658 3299 7 8 .
738 3269 385 47 (Prentice-Hall
1157 3270 289 48 psychology
1481 3269 175 48 series)

229 3326 154 38 “Both
423 3326 79 39 the
541 3326 425 47 visceral-organic
1003 3327 96 39 and
1139 3327 79 39 the
1256 3325 306 49 sociological
1603 3328 139 39 bases
1782 3325 51 41 of
1868 3325 148 41 social
159 3336 1984 93 psychology
387 3392 81 29 are
498 3383 113 39 here
641 3383 139 47 given
810 3383 82 39 the
921 3382 244 48 emphasis
1196 3384 111 47 they
1339 3383 435 41 deserve.”—Pref.

230 3438 345 48 Bibliography
605 3441 50 38 at
682 3439 90 40 end
801 3439 51 39 of
880 3439 119 41 each
1028 3439 214 48 chapter.

162 3491 50 51 ©
241 3497 107 38 Jan.
378 3496 67 46 19,
475 3495 139 42 1934;
645 3497 65 38 2c.
741 3498 95 38 and
864 3496 80 40 aff.
976 3497 107 39 Jan.
1112 3497 80 46 25;
1225 3498 40 38 A
1293 3497 142 40 69187;
1494 3497 375 45 Prentice-Hall,
1900 3496 89 38 inc.

239 3552 248 48 (34-2399)

161 3654 294 66 Neuberg,
488 3657 260 54 Maurice
780 3658 240 64 Joseph,
1056 3661 170 50 1888-

289 3732 1864 69 … Principles and methods of vocational choice, by Maurice J.
159 3810 1573 70 Neuberg … New York, Prentice-Hall, inc., 1934.
229 3882 170 48 xxxiii,
431 3883 84 40 302
545 3894 42 37 p.
645 3884 178 46 diagrs.
883 3884 54 39 21
942 3888 14 20 cm
991 3918 7 7 .
1068 3884 384 47 (Prentice-Hall
1481 3887 290 47 psychology
1804 3885 174 47 series)
