2350 4196
1151 4004 97 48 610

217 373 281 63 Biunden,
530 374 270 53 Edmund
834 374 260 54 Charles.
1132 377 164 49 1896-
1511 389 177 51 comp.

292 450 232 54 Charles
575 452 207 65 Lamb;
836 452 86 51 his
973 451 103 53 life
1130 452 263 52 recorded
1448 451 72 66 by
1571 452 87 52 his
1711 453 491 66 contemporaries,

221 528 278 67 compiled
546 529 73 66 by
668 529 269 52 Edmund
986 529 277 51 Biunden.
1359 529 255 64 London,
1661 529 63 51 L.
1775 530 110 52 and
1936 529 265 68 Virginia

218 604 214 67 Woolf,
467 609 147 49 1934.

288 676 85 42 256
404 689 43 37 p.
523 678 53 38 22
581 681 42 20 cm
630 710 7 7 .
722 678 294 47 (Half-title:
1054 677 316 48 Biographies
1406 679 206 48 through
1652 680 81 38 the
1767 690 108 36 eyes
1913 680 50 40 of
218 685 1965 97 contemporaries.
513 745 52 38 [V.
597 737 39 46 1]
651 737 13 45 )

224 788 1978 51 © 1c. May 12. 1934; A ad int. 18939: pubd. Mar. 15: Edmund Blunden,
293 848 196 40 Oxford.
532 848 231 47 England.
840 847 277 47 (34-13745)

219 949 320 55 California
569 951 233 52 writers
832 949 145 55 club.

292 1070 54 8 ...
397 1030 217 50 Poems.
661 1030 149 48 1933.
891 1027 310 66 [Berkeley.
1245 1027 242 53 Printed
1532 1028 73 65 by
1651 1029 119 51 The
1814 1029 388 52 Professional
216 1123 173 49 press.
419 1113 16 20 c
441 1109 150 62 1933]

290 1179 24 39 3
343 1190 41 36 p.
449 1209 6 14 l.,
486 1178 125 40 9-67.
646 1179 52 48 [1]
730 1189 39 36 p.
828 1178 56 38 24½
917 1180 42 20 cm
966 1211 7 7 .

224 1231 50 51 ©
298 1236 117 38 Nov.
441 1236 36 39 7.
502 1235 113 40 1933;
669 1235 67 39 2c.
763 1236 107 37 Jan.
896 1235 38 45 8,
960 1234 113 40 1934;
1127 1233 79 40 aff.
1234 1234 108 39 Jan.
1369 1234 50 45 9;
1450 1235 40 37 A
1515 1234 141 40 68798:
1715 1235 269 40 California
2011 1233 192 43 writers

293 1292 119 39 club.
445 1292 247 46 Berkeley,
726 1291 142 40 Calif.

219 1382 319 63 Chapman,
568 1383 219 52 Hester
813 1382 85 54 W.

288 1460 80 50 To
402 1458 67 52 be
503 1476 28 33 a
568 1458 165 67 king;
772 1477 27 33 a
837 1459 111 51 tale
982 1458 62 52 of
1079 1459 325 55 adventure,
1436 1459 72 66 by
1547 1459 203 50 Hester
1784 1459 86 50 W.
1907 1457 295 69 Chapman
222 1578 54 9 ...
355 1537 254 62 London,
638 1536 68 51 V.
739 1535 288 54 Gollancz.
1055 1536 120 56 ltd..
1207 1538 148 51 1934.

287 1608 86 42 479
405 1620 43 38 p.
508 1609 59 41 20½
596 1612 44 21 cm
645 1641 7 9 .

223 1663 1979 52 © 1c. May 9. 1934; A ad int. 18937: pubd. Mar. 12: H. W. Chapman,
289 1725 286 44 Matravers,
612 1725 188 39 Dorset.
839 1725 234 46 England.
1145 1724 276 46 (31-13425)

218 1814 321 53 Crawford.
569 1816 204 61 Henry
799 1814 197 64 Paine,
1028 1821 67 46 tr.

294 1890 119 53 The
451 1909 120 34 new
615 1890 105 51 law
765 1891 61 51 of
865 1889 354 69 bankruptcy
1261 1889 61 52 of
1361 1889 94 53 the
1496 1888 312 68 Argentine
1850 1886 252 69 republic
2144 1905 59 35 as

223 1967 309 53 translated
572 1967 148 53 from
755 1968 93 53 the
886 1966 243 57 original
1169 1966 245 62 Spanish
1451 1967 72 52 by
1561 1967 199 51 Henry
1797 1966 177 52 Paine
224 1964 1954 132 Crawford
392 2089 52 8 ...
521 2045 273 66 [Atlanta,
825 2045 287 52 Adamson
1142 2044 261 68 printing
1432 2063 76 34 co.]
1567 2048 146 47 1934.

292 2116 279 47 cover-title,
600 2117 54 39 43
685 2126 41 37 p.
785 2116 114 40 23cm.

294 2172 118 39 This
450 2174 97 38 law
588 2173 153 39 forms
786 2174 121 38 book
950 2173 110 39 four
1105 2174 49 38 of
1198 2175 79 38 the
1323 2174 127 40 Code
1492 2174 49 39 of
1586 2184 259 30 commerce
1901 2174 199 47 (Código
2144 2176 57 38 de

222 2228 256 48 comercio)

224 2286 50 50 ©
302 2291 112 45 May
440 2290 67 39 10.
536 2290 138 40 1934;
704 2290 65 39 2c.
798 2291 112 46 May
937 2290 79 39 18:
1048 2289 80 40 aff.
1158 2291 112 45 May
1295 2291 81 38 14:
1407 2290 40 38 A
1476 2289 167 40 72430:
1672 2290 169 47 Henry
1867 2289 149 40 Paine
288 2289 1899 102 Crawford,
447 2348 215 38 Atlanta.
737 2346 276 47 (34-13009)

216 2433 260 55 Decimal
509 2434 182 70 digest
725 2436 62 52 of
817 2437 95 52 the
943 2437 243 51 Indiana
1225 2437 271 67 Supreme
1530 2437 111 51 and
1673 2437 309 67 Appellate
2016 2440 187 47 courts

287 2513 290 54 decisions,
622 2515 150 50 from
816 2515 93 51 the
955 2515 221 52 earliest
1221 2514 198 67 period
1462 2521 56 46 to
1564 2515 144 51 date.
1783 2514 271 51 Lifetime
2099 2513 102 54 ed.,

285 2591 139 52 with
465 2592 339 52 cumulative
845 2592 199 68 pocket
1085 2594 398 65 supplements.
1561 2592 211 52 Edited
1813 2593 73 65 by
1926 2592 94 52 the
285 2592 1891 129 publisher’s
536 2669 263 53 editorial
834 2667 146 55 staff,
1056 2689 49 32 v.
1143 2673 45 49 2.
1262 2671 373 67 Appearance
1671 2676 57 47 to
1764 2669 269 55 Carriers.
286 2669 1891 144 Indianapolis,
670 2749 118 52 The
838 2748 439 53 Bobbs-Merrill
1325 2767 277 49 company
1656 2751 174 63 [c1934]

290 2820 520 48 1 p. l., 916 p. 26cm.
292 2877 224 38 Lettered
545 2888 59 28 on
633 2887 138 29 cover:
830 2878 206 38 Indiana
1068 2877 199 39 decimal
1299 2877 167 48 digest.

223 2928 50 50 ©
307 2934 112 45 May
450 2933 67 39 20.
550 2933 138 40 1934;
723 2934 67 38 2c.
823 2935 113 45 May
967 2934 54 39 26:
1083 2933 80 39 aff.
1197 2935 112 46 May
1340 2934 80 39 28:
1456 2935 40 37 A
1531 2933 140 40 71826:
1734 2931 365 40 Bobbs-Merrill
2132 2941 67 31 co.

219 3020 214 64 Deibel,
464 3023 199 62 Harry
690 3022 206 64 Lewis,
926 3024 81 53 ed.

287 3100 134 48 1934
452 3099 370 66 supplement.
927 3099 244 54 Deibel's
1204 3101 148 54 Ohio
1384 3101 235 66 probate
1650 3101 126 53 law,
1809 3099 246 68 practice
2088 3095 112 53 and

219 3173 193 55 forms,
449 3176 329 68 containing
811 3196 120 32 new
969 3180 152 53 laws,
1159 3178 194 54 forms,
1391 3180 109 50 and
1538 3177 360 53 annotations
1935 3176 153 50 from
2123 3175 76 50 all

218 3250 147 55 Ohio
407 3258 184 47 courts
633 3255 109 51 and
784 3255 261 66 opinions
1085 3255 61 52 of
1186 3257 94 51 the
1318 3259 282 62 Attorney
1640 3255 244 68 general,
1926 3253 271 67 complete

214 3335 58 47 to
303 3332 135 63 May
473 3335 78 48 14.
583 3334 159 47 1934;
776 3332 256 52 uniform
1062 3334 146 52 rules
1240 3334 61 52 of
1331 3336 274 64 practice;
1642 3333 110 52 and
1783 3331 256 52 uniform
214 3349 1958 109 procedure
448 3409 419 52 recommended
906 3411 72 65 by
1014 3411 92 50 the
1141 3412 233 65 probate
1409 3413 132 51 code
1577 3411 331 52 committee.
1986 3407 212 53 Edited

215 3483 72 65 by
331 3483 316 67 publishers'
709 3485 261 52 editorial
1015 3485 149 53 staff,
1209 3489 107 51 and
1364 3489 519 52 “Administration
1928 3486 60 52 of
2033 3505 26 32 a
214 3485 1959 128 decedent’s
484 3567 172 48 estate”
723 3564 71 65 by
826 3567 194 63 Harry
1053 3565 179 52 Lewis
1263 3567 198 51 Deibel
1498 3609 54 8 ...
1625 3564 325 57 Cleveland.
1981 3563 217 53 Banks-

213 3639 264 51 Baldwin
508 3642 107 49 law
648 3641 331 68 publishing
1010 3661 275 47 company
1323 3677 11 32 [
1340 3651 17 19 c
1363 3648 133 48 1934]

286 3712 279 40 cover-title.
601 3714 111 47 [180]
747 3725 39 36 p.
846 3714 142 41 19½cm.

285 3768 116 40 This
425 3770 299 45 supplement
748 3770 40 37 is
813 3774 46 35 to
884 3772 54 38 be
964 3771 209 40 inserted
1199 3772 46 38 in
1273 3773 79 38 the
1379 3773 287 45 "Perpetual
1693 3769 209 40 revision
1927 3766 196 50 pocket"
2151 3767 50 39 in

218 3825 77 38 the
325 3825 118 39 back
473 3825 52 39 of
552 3827 81 37 the
661 3829 280 43 permanent
973 3829 199 37 volume.

218 3876 51 50 ©
308 3882 111 44 May
455 3881 67 38 28.
560 3881 136 40 1934;
736 3883 65 39 2c.
843 3884 108 47 May
988 3884 80 39 31;
1109 3883 79 40 aff.
1228 3885 112 46 May
1379 3883 80 41 29:
1502 3884 40 38 A
1579 3883 168 40 72541:
1789 3878 410 42 Banks-Baldwin
286 3937 95 39 law
405 3937 106 47 pub.
538 3948 66 30 co.
