2350 4196
1148 3997 93 52 742

228 461 76 49 all
342 463 137 51 laws
519 462 61 52 of
621 481 28 33 a
691 461 228 68 general
957 468 200 48 nature
1195 466 199 65 passed
1433 466 34 51 by
1545 466 94 52 the
1681 471 131 48 1933
1852 469 207 67 special
2101 470 110 51 and

229 537 1981 72 1934 regular sessions of the General assembly … Under the
224 614 1961 135 editorial supervision of William Edward Baldwin … annotations
225 693 1985 151 by Richard Priest Dietzman … Cleveland, Banks-Baldwin law publishing company [ c 1934]
297 845 87 41 368
412 857 41 36 p.
513 845 55 39 25½
601 848 43 20 cm
652 878 6 7 .

230 911 50 51 ©
315 917 125 38 June
470 916 71 46 28,
574 915 139 46 1934;
748 916 65 38 2c.
850 916 114 47 July
997 916 53 46 2;
1086 916 79 40 aff.
1199 918 125 39 June
1355 917 82 46 30;
1473 920 41 38 A
1547 919 169 46 73275;
1752 921 216 39 William
2002 921 209 41 Edward

297 971 236 46 Baldwin,
563 972 272 40 Cleveland.

222 1089 1927 72 Das kluge alphabet; konversationslexikon in zehn bänden …
292 1174 43 47 1.
377 1170 90 52 bd.
509 1168 366 68 A-Bilclung.
952 1168 215 68 Berlin,
1205 1171 551 69 Propyläen-verlag
1802 1205 11 34 [
1819 1178 15 21 c
1842 1175 134 50 1934
1979 1205 12 34 ]

298 1241 1852 53 390, [2] p. ilius., plates (part col., part fold.) fold. maps, diagrs. 17cm
228 1296 56 50 ©‘
312 1300 119 40 Mar.
463 1301 37 44 1,
534 1299 111 39 1934;
706 1300 64 39 1c.
804 1300 111 47 May
946 1301 23 36 1;
1032 1299 305 48 A-Foreign
1371 1300 142 40 24525;
1576 1301 470 48 Propyläen-verlag,
2079 1314 41 36 g.
2151 1315 58 28 m.

295 1357 37 38 b.
363 1358 43 37 h.
481 1355 277 48 (34-16856)

289 1471 128 54 Lift
460 1492 74 48 up
577 1473 92 52 the
712 1473 182 68 glory,
933 1474 60 66 bj
994 1492 13 23 7
1045 1473 95 53 the
1181 1474 205 52 author
1427 1473 62 53 of
1530 1473 138 54 This
1711 1475 195 67 bright
1946 1493 259 36 summer.

219 1552 135 52 New
388 1549 176 67 York,
596 1548 212 58 Covici,
838 1548 203 53 Friede
1256 1582 11 33 [c1934]

289 1624 84 41 347
407 1634 41 37 p.
509 1623 56 40 20
569 1625 42 21 cm
617 1655 8 8 .

225 1677 1979 55 © May 22, 1934; 2c. June 5; aff. June 6; A 72631; Covici, Friede, inc.
301 1736 279 51 (34-16181)

216 1853 310 66 Mauclère,
562 1856 164 62 Jean,
762 1853 169 54 1887-

348 1929 1244 69 … Une étoilc. Paris, J. Tallandier [1934]
289 2003 85 41 254
409 2014 42 37 p.
513 2003 54 40 16½cm.
728 2003 112 48 (Les
878 2012 192 30 romans
1105 2002 146 40 bleus.
1318 2002 109 50 [46])

223 2058 1982 56 © Feb. 15, 1934; 1c. Apr. 6; A- Foreign 24395; Société d'éditions et de
287 2119 336 49 publications,
658 2117 153 40 Paris.
885 2116 277 49 (34-17048)

215 2234 446 64 Meier-Graefe,
691 2233 209 64 Julius,
934 2238 168 49 1867-

345 2311 1828 69 … Geschichten neben der kunst. Berlin, S. Fischer [1933]
289 2382 935 53 3 p. l., [9]-223, [1] p. illus. 20 ½ cm .
292 2441 167 41 “Erste
488 2443 72 39 bis
588 2442 147 39 dritte
766 2440 229 50 auilage.”

293 2498 170 40 ‘’Diese
509 2500 218 38 noveilen
775 2499 181 48 spielen
1001 2498 64 38 im
1108 2497 156 40 kreise
1309 2499 83 38 der
1435 2498 221 39 künstler
1701 2499 95 38 und
1842 2498 199 44 dichter,
2088 2491 111 46 aber

220 2553 206 40 handeln
459 2556 133 39 nicht
626 2566 91 28 von
750 2554 485 41 kunst.”—Vorwort.

221 2608 1963 111 © Sept. 28, 1933; 1c. Jan. 9, 1934; A -Foreign 23296; S. Fischer verlag, a.-g. (34-16705)
217 2788 264 64 [Moroso,
514 2787 152 52 John
699 2786 276 66 Antonio]
1014 2788 166 51 1874-

282 2862 180 53 Black
492 2862 228 67 chalice,
755 2880 361 51 anonymous.
1191 2862 138 52 New
1362 2862 178 68 York,
1571 2863 118 51 The
1721 2862 302 66 Macaulay
211 2875 1964 136 company
581 2973 11 33 [c1934]

282 3012 366 49 254 p. 19 ½c m .
218 3067 1678 54 © May 29, 1934; 2c. and aff. June 2; A 72594; Macaulay co.
297 3126 277 49 (34-16180)

211 3245 278 53 National
532 3246 225 62 society
798 3247 61 51 of
902 3248 100 52 the
1046 3246 241 53 colonial
1331 3246 202 53 dames
1574 3246 62 52 of
1679 3245 292 53 America.
276 3242 1898 137 Connecticut.

283 3400 368 55 Connecticut
684 3401 146 51 circa
867 3404 150 57 1625,
1051 3401 72 53 its
1159 3401 211 52 Indian
1405 3401 179 65 trails,
1618 3400 236 67 villages
1891 3400 111 51 and
213 3396 1951 138 sachemdoms

544 3473 1646 74 … published by the Connecticut society of the colonial
213 3557 188 52 dames
427 3555 63 51 of
514 3556 279 52 America,
819 3556 123 66 inc.,
969 3556 149 52 from
1145 3559 132 50 data
1301 3556 262 53 collected
1593 3557 74 65 by
1692 3555 251 52 Mathias
1971 3553 217 67 Spiess;

213 3626 1977 76 edited by Elinor H. Bulkeley Ingersoll … [Wethersfield,
215 3710 175 54 Conn.,
438 3717 17 20 c
463 3714 147 59 1934]

285 3781 67 46 26,
398 3783 42 48 [3]
468 3792 42 37 p.
573 3781 52 40 23
630 3784 42 20 cm
680 3814 5 6 .

285 3838 117 39 This
441 3837 314 39 information
795 3838 39 38 is
873 3836 251 49 published
1165 3839 45 38 to
1250 3847 290 38 accompany
1579 3849 24 28 a
1643 3848 112 36 map
1792 3838 50 39 of
1880 3836 310 42 Connecticut

217 3893 162 41 before
413 3896 63 37 its
513 3894 280 45 occupation
828 3894 58 46 by
923 3895 79 37 the
1035 3893 144 40 while
1213 3904 124 28 man.
1399 3895 98 40 The
1532 3895 204 44 original
1773 3904 122 36 map,
1931 3894 165 40 drawn
2131 3894 58 46 by
