2350 4196
1135 4015 131 48 1240

204 381 266 67 Wallace,
505 385 224 53 Doreen
764 385 197 53 Eileen
996 387 238 61 Agnew,
1269 387 168 49 1897-

279 462 156 53 Even
471 465 131 50 such
642 463 42 53 is
719 463 149 54 time,
902 464 33 51 by
1010 465 218 50 Doreen
1266 461 247 52 Wallace
1554 504 53 7 ...
1746 479 78 31 New
1920 459 99 50 York,
2072 460 116 50 The

208 538 327 54 Macmillan
568 560 294 48 company.
893 546 146 48 1934.

282 614 26 36 4
339 624 24 35 p
442 645 7 7 l.,
479 613 141 39 7-285
648 625 39 35 p.
750 614 141 39 19½cm.

214 665 51 51 ©
296 670 99 39 Oct.
426 672 37 38 2.
493 670 113 39 1934;
665 673 64 37 2c.
760 673 91 36 and
884 683 80 29 aff.
996 671 100 39 Oct.
1128 671 23 38 3;
1211 670 40 37 A
1282 668 139 39 76292;
1482 668 126 37 Dora
1641 667 165 38 Eileen
1839 668 177 43 Agnew
2048 666 144 39 Rash.

286 727 123 38 Diss.
445 727 217 39 Norfolk.
700 729 232 43 England.
1005 726 274 45 (34-31983)

207 799 294 65 Wearner,
536 802 218 53 Alonzo
787 802 237 64 Joseph,
1062 804 168 49 1892-

282 879 118 52 The
437 891 88 41 art
561 881 62 51 of
660 883 257 64 personal
953 879 371 67 evangelism;
1363 877 273 66 practical
1672 876 336 51 instruction
213 875 1953 149 leading
343 968 56 41 to

433 954 1763 70 efficiency in the finest art—soul winning, by Alonzo J .
214 1035 204 51 Wearn
427 1054 57 32 er
538 1078 55 8 ...
681 1036 252 51 Takoma
981 1034 172 66 Park,
1200 1032 398 67 Washington,
1646 1032 69 51 D.
1765 1031 81 65 C.,
1894 1032 302 51 Peekskill.

272 1154 8 7 N.
317 1112 64 51 Y.
420 1119 136 59 [etc.]
591 1113 228 50 Review
852 1114 108 51 and
994 1111 195 53 herald
1220 1110 335 68 publishing
1585 1128 143 34 assn.
1764 1143 11 33 [
1783 1117 15 20 c
1807 1114 148 62 1934]

283 1181 85 38 262
396 1191 42 38 p.
494 1181 114 40 20cm.

286 1238 318 48 "Companion
634 1240 186 38 volume
851 1243 45 35 to
930 1272 42 5 ...
1022 1238 379 39 “Fundamentals
1430 1239 49 38 of
1509 1238 134 39 Bible
1672 1239 466 40 doctrine.”—Pref.

214 1295 51 50 ©
296 1302 116 39 Aug.
445 1299 66 39 27.
546 1300 112 37 1934;
718 1299 62 39 2c.
814 1301 92 36 and
941 1299 78 38 aff.
1054 1299 116 43 Aug.
1203 1296 53 40 28;
1317 1299 39 35 A
1391 1296 136 40 74681;
1594 1297 189 38 Review
1820 1298 35 38 &
1887 1298 170 38 herald
2088 1298 107 46 pub.

283 1367 123 27 assn.
481 1357 275 44 (34-31773)

214 1420 298 60 Wellman,
544 1424 141 51 Paul
761 1466 13 21 I.,
807 1426 169 50 1895-

277 1500 185 52 Death
513 1519 66 33 on
631 1501 93 52 the
773 1500 238 67 prairie;
1063 1500 94 51 the
1201 1498 184 68 thirty
1433 1498 179 68 years’
1659 1499 256 68 struggle
1962 1499 93 53 for
2102 1500 94 52 the

211 1584 229 47 western
484 1577 202 69 plains,
728 1580 70 64 by
839 1580 146 52 Paul
1026 1579 46 50 I.
1113 1578 298 54 Wellman.
1544 1596 80 34 New
1669 1578 175 63 York,
1885 1579 119 52 The
209 1580 1965 128 Macmillan

437 1674 294 50 company,
766 1660 145 48 1934.

284 1732 80 39 xii,
393 1730 82 40 298
506 1741 38 37 p.
602 1732 169 46 plates,
800 1735 145 42 ports.
1004 1729 143 39 22½cm.

287 1789 38 37 A
354 1792 133 42 story
517 1787 50 38 of
597 1787 80 39 the
705 1788 215 46 struggle
951 1787 211 38 between
1194 1786 79 39 the
1306 1785 200 41 Indians
1538 1786 93 40 and
1663 1785 146 40 white
1840 1797 105 28 men
1978 1785 224 45 covering

215 1845 79 39 the
324 1855 140 36 years
493 1843 112 40 1862
637 1846 47 37 to
713 1842 125 41 1892.

284 1901 344 47 Bibliography;
691 1911 40 35 p.
761 1898 213 41 283-284.

216 1953 51 51 ©
299 1958 124 46 Sept.
453 1957 66 40 18.
549 1956 112 39 1934;
717 1960 63 34 2c.
812 1958 92 36 and
935 1956 79 39 aff.
1049 1958 122 45 Sept.
1202 1955 53 39 19;
1313 1957 40 36 A
1380 1954 139 41 74991;
1578 1952 279 43 Macmillan
1887 1968 65 28 со.

295 2014 276 43 (34-31574)

209 2081 384 63 Wentworth,
629 2080 274 62 Patricia,
939 2081 193 64 pseud.

285 2159 189 51 Touch
537 2159 109 51 and
707 2176 69 47 go
860 2158 89 66 [by]
1017 2156 248 54 Patricia
1327 2159 372 51 Wentworth.
1775 2157 422 67 Philadelphia.

219 2235 1314 67 London, J . B. Lippincott company [ c 1934]
287 2308 83 38 320
435 2342 6 5 p.
504 2308 52 39 19½cm.

218 2363 50 50 ©
300 2368 117 40 Aug.
445 2368 69 38 22,
543 2365 113 39 1934;
712 2368 52 35 2c
807 2367 92 37 and
931 2365 77 39 aff.
1045 2367 125 44 Sept.
1201 2366 53 37 20;
1313 2366 40 37 A
1385 2365 139 39 76226;
1584 2366 40 37 J.
1659 2366 51 38 B.
1742 2364 274 47 Lippincott
2048 2374 66 30 со.

296 2422 276 47 (34-31799)

213 2489 266 54 Windsor
511 2505 184 47 press,
727 2490 112 51 San
872 2491 318 51 Francisco.

280 2567 275 51 Printers’
599 2564 217 53 flowers;
893 2566 439 53 whimsicalities
1376 2567 153 52 from
1574 2568 93 51 the
1712 2567 271 52 Windsor
2027 2584 171 49 press.

215 2644 135 66 [San
378 2644 319 66 Francisco,
748 2647 149 62 c1933]

285 2716 1107 50 2 p. l., , 18. [2] p. illus. (part col.) 13½cm.
289 2774 111 40 "150
427 2774 157 47 copies
610 2773 192 47 printed
830 2773 50 40 of
905 2773 156 40 which
1092 2773 94 40 this
1215 2775 39 39 is
1282 2785 74 30 no.
1383 2775 126 39 131."

286 2830 291 48 “Copyright
609 2863 43 7 ...
689 2830 88 48 [by]
809 2829 163 40 James
1002 2829 257 41 Johnson.”

219 2884 50 50 ©
301 2889 110 38 Dec.
441 2888 67 38 31.
540 2885 111 40 1933;
738 2888 64 37 2c.
835 2888 93 37 and
960 2886 78 38 aff.
1072 2887 123 39 June
1227 2888 66 37 12.
1327 2888 113 38 1934;
1502 2889 37 37 A
1570 2887 141 40 73030;
1774 2888 163 38 James
1971 2888 227 38 Johnson.

290 2944 94 39 San
413 2943 270 40 Francisco.
756 2943 275 45 (34-31386)

210 3011 143 52 Yale
382 3012 348 61 university.
806 3013 180 50 Press.

286 3092 46 48 À
368 3088 300 52 handbook
700 3088 61 50 of
794 3089 141 63 style
969 3088 92 49 for
1093 3089 141 51 Yale
1266 3088 313 68 university
1611 3108 171 48 press,
1816 3089 277 66 compiled
2124 3088 72 65 by

213 3167 182 53 Laura
423 3167 230 65 Hadley
676 3166 264 65 Moseley.
1001 3165 380 68 Preliminary
1407 3169 81 51 ed.
1606 3186 79 33 New
1709 3168 204 51 Haven
1943 3166 250 66 [Printed

217 3250 58 46 at
304 3245 96 52 the
429 3243 446 67 Printing-office
906 3243 61 50 of
998 3244 93 52 the
1123 3245 142 51 Yale
1294 3245 316 67 university
1639 3263 172 49 press]
1850 3248 146 48 1934.

292 3316 96 40 viii.
417 3316 87 39 143
528 3327 54 35 p..
612 3316 24 37 2
684 3349 4 4 l.
748 3315 137 38 illus..
915 3327 25 35 pl
1030 3317 141 36 23½cm.

293 3373 156 39 Blank
476 3374 99 38 leaf
601 3373 75 38 for
705 3373 367 37 “Memoranda"
1101 3376 49 34 at
1176 3374 103 38 end.

219 3428 1979 50 © July 19. 1934; 2c. Sept. l., 9; aff. Sept. 18; A 73384; Yale univ. press.
297 3487 275 47 (34-30915)

221 3552 438 60 Yeats-Brown,
694 3552 240 53 Francis
966 3552 241 54 Charles
1240 3555 274 63 Claypon,
1550 3559 170 48 1886-

287 3631 156 63 Dogs
478 3632 61 51 of
574 3631 144 51 war!
799 3631 45 50 By
919 3630 64 51 F.
1020 3633 407 50 Yeats-Brown
1472 3676 53 7 ...
1605 3633 256 56 London.
1895 3635 62 48 P.
1990 3631 210 53 Davies

223 3712 169 63 [1934]

285 3780 570 49 xi. 223 p., 1 l., 19½cm.
286 3840 42 37 A
352 3839 151 39 direct
533 3840 132 44 reply
693 3844 46 34 to
767 3838 229 45 Beverley
1025 3837 194 39 Nichols'
1290 3841 93 45 “Cry
1412 3840 207 39 havoc!"

220 3890 1978 51 © 1c. Sept. 8. 1934; A ad int. 19349; pubd. July 12; Francis Yeats-Brown.
287 3951 210 39 London.
569 3949 275 48 (34-32712)
