2350 4196
1117 4000 132 50 1021

244 449 134 40 “List
402 449 52 40 of
483 450 78 38 (he
586 449 159 39 works
772 448 51 40 of
851 446 162 48 Sergei
1039 442 401 42 Rachmaninoff”:
1499 453 43 38 p.
1568 441 218 42 257-266.

173 503 50 51 ©
257 507 114 46 July
402 505 68 46 20,
503 504 140 47 1934;
677 505 67 41 2c.
776 506 93 38 and
901 503 81 41 aff.
1016 503 114 46 July
1162 501 80 46 21;
1279 501 39 38 A
1351 498 143 42 73739;
1559 498 280 40 Macmillan
1871 506 66 31 co.

240 496 1907 115 [Copyright
398 563 41 39 is
466 563 204 39 claimed
700 574 58 27 on
790 564 79 37 (lie
898 560 341 44 introduction,
1270 559 60 46 by
1361 557 174 40 Daniel
1567 557 215 47 Gregory
1813 557 184 47 Mason]

251 620 277 48 (34-23116)

167 720 382 64 Rasmussen,
584 721 286 64 Gerhard,
907 721 169 53 1857-

241 815 215 67 Vesper
484 813 384 68 meditations,
894 815 75 67 by
995 812 262 56 Gerhard
1284 813 373 63 Rasmussen;
1687 810 301 52 broadcast
2014 809 153 53 from

170 892 96 53 the
303 891 83 55 St.
427 891 142 55 Olaf
608 893 210 67 college
854 890 162 55 radio
1054 890 190 53 studio
1278 889 252 67 WCAL,
1566 888 344 66 Northfield,

171 889 1972 134 Minnesota.
379 970 402 68 Minneapolis,
815 970 201 67 Minn.,
1050 968 311 69 Augsburg
1394 967 335 69 publishing
1761 968 173 52 house
1972 1001 11 34 [
1989 974 17 20 c
2012 970 135 49 1934
2153 1000 11 33 ]

247 1042 911 50 [160] p. incl. front. (port.) 20½ cm .
248 1100 144 40 “This
437 1101 41 39 is
526 1101 82 40 the
653 1101 106 39 first
803 1100 242 40 facsimile
1089 1099 183 41 edition
1314 1098 129 41 from
1488 1100 81 39 the
1616 1099 208 48 original
1869 1100 302 49 manuscript

175 1157 193 42 written
402 1159 61 46 by
495 1157 221 41 Gerhard
749 1156 338 42 Rasmussen.”

177 1212 1993 51 © July 2. 1934; 2c. July 6; aff. July 5; A 74132; Augsburg pub. house.
254 1273 278 48 (34-22581)

170 1376 158 54 Rock
332 1377 182 65 wood,
553 1377 199 55 Edith.

244 1465 321 54 Industrial
606 1467 304 52 standards
951 1465 93 54 for
1084 1484 215 34 women
1342 1465 265 67 workers,
1648 1466 75 70 by
1765 1466 182 53 Edith
178 1467 1970 130 Rockwood.

422 1543 1601 72 Washington, D. C., Dept. of women in industry,
176 1545 1970 130 National
382 1623 200 67 league
608 1622 64 53 of
698 1640 215 35 women
943 1627 203 63 voters,
1176 1624 150 50 1933.

245 1694 55 40 31
331 1706 43 37 p.
433 1695 56 41 23
494 1697 43 22 cm
542 1728 7 7 .
666 1692 129 50 $0.15

248 1750 374 44 “References”:
653 1761 42 38 p.
724 1751 157 41 30-31.

182 1806 1994 54 © Dec. 21, 1933; 2c. and aff. Dec. 27; A 67743; National league of
249 1878 184 29 women
464 1870 174 37 voters.
714 1866 278 49 (34-22938)

179 1968 227 66 Rohifs,
436 1972 136 51 Mrs.
605 1971 172 52 Anna
811 1969 328 54 Katharine
1171 1972 251 64 (Green)
1464 1976 170 49 1846-

249 2048 121 52 The
397 2048 413 52 Leavenworth
836 2067 150 48 case;
1016 2069 31 33 a
1073 2048 256 69 lawyer’s
1353 2055 175 63 story,
1554 2050 76 68 by
1656 2051 172 53 Anna
1853 2052 323 52 Katharine

180 2124 1956 74 Green … with an introduction by S. S. Van Dine [pseud.]
178 2202 138 54 New
348 2204 179 66 York,
556 2204 68 54 G.
653 2204 65 52 P.
749 2204 295 54 Putnam’s
1072 2224 126 35 sons
1235 2239 12 34 [
1253 2212 17 21 c
1276 2209 134 50 1934
1415 2242 12 33 ]

253 2277 957 49 1 p. l., v-viii, 409 p. diagr. 19½ cm .
186 2330 1993 56 © Aug. 10, 1934; 2c. Aug. 13: aff. Aug. 11; A 74507; G. P. Putnam’s
256 2402 124 29 sons.
447 2392 277 49 [Copyright
754 2393 41 38 is
825 2394 203 38 claimed
1058 2405 59 29 on
1147 2395 255 49 foreword]
1479 2397 280 47 (34-23096)

183 2493 250 67 Romier,
469 2494 238 67 Lucien,
747 2500 170 49 1885-

312 2573 1858 74 … Si 1c capitalisme disparaissait. [Paris] Hachette [ c 1933]
258 2643 558 53 185, [1] p., 1 l. 19 cm .
188 2700 1973 109 © Nov. 8. 1933; 1c. June 12, 1934; A-Foreign 24787; Librairie Hachette. (34-23791)
183 2865 268 65 Runyon,
486 2866 247 65 Damon,
773 2870 170 50 1880-

255 2940 226 53 Damon
523 2941 292 68 Runyon’s
857 2944 143 53 Blue
1042 2946 154 67 plate
1237 2947 238 69 special;
1523 2949 139 54 with
1706 2970 31 34 a
1782 2951 285 56 foreword
2109 2953 74 69 by

185 3016 221 55 Walter
437 3018 302 54 Winchell.
811 3021 137 52 New
984 3023 180 69 York,
1197 3025 310 54 Frederick
1540 3027 71 54 A.
1651 3027 204 56 Stokes
1887 3049 298 49 company,

189 3097 149 52 1934.

258 3168 646 50 xiv p., 2 l., 3-321 p. 19½cm.
260 3222 145 44 Short
437 3225 187 41 stories.

193 3279 50 51 ©
274 3284 119 47 Aug.
420 3284 39 47 3,
489 3283 140 48 1934;
660 3285 68 41 2c.
757 3287 94 38 and
881 3287 81 41 aff.
992 3288 118 49 Aug.
1142 3290 50 41 8:
1225 3292 39 38 A
1292 3292 143 40 73799;
1496 3295 55 38 D.
1583 3295 219 48 Runvon,
1835 3298 116 38 New
1981 3298 130 38 York

270 3340 279 48 (34-22757)

187 3440 249 68 Russell,
467 3443 255 56 William
751 3447 222 66 Henry,
1007 3452 170 51 1895-

323 3520 1864 68 … The function of the New Testament in the formation of
194 3596 1995 84 the Catholic high school teacher … by William Henry Russell
254 3675 1934 78 … Washington, D. C., The Catholic university of America,
195 3754 150 52 1934.

266 3835 42 37 v,
340 3824 87 42 294
455 3837 43 38 p.
558 3826 56 39 22½cm.

270 3881 61 41 At
358 3883 124 41 head
509 3884 52 41 of
585 3884 135 42 title:
750 3888 100 41 The
877 3888 219 44 Catholic
1123 3894 270 49 university
1421 3896 52 41 of
1500 3897 235 43 America.
