2350 4196
1150 4004 63 48 91

182 360 233 63 Melton,
444 360 145 61 Roy.

245 425 1925 76 Metaphysics of numerology … by Roy Melton, MS. D., with
178 507 1995 72 an introduction by Eugene P. Cantwell … v. 1. Number
177 593 286 67 ontology.
540 591 234 66 Boston,
813 589 119 52 The
974 587 376 67 Christopher
1388 585 338 68 publishing
1760 585 173 51 house
1978 587 191 64 [c1934]

241 667 53 39 88
358 699 7 7 p.
421 666 115 38 21cm.

178 733 50 51 ©
258 737 108 39 Jan.
396 736 67 46 23,
494 736 139 45 1934;
666 735 64 38 2c.
762 735 95 38 and
887 733 81 39 aff.
999 733 108 39 Jan.
1138 731 80 46 29;
1252 731 40 38 A
1321 730 169 46 69221;
1525 729 318 47 Christopher
1872 730 108 47 pnb.
2012 730 163 38 house.

256 793 249 48 (34-2167)

179 892 357 66 Mississippi
566 895 109 52 and
708 894 282 55 Southern
1022 893 199 67 digest.
1298 892 326 66 December,
1654 894 151 64 1933,
1833 890 343 54 cumulative

248 970 1714 70 pamphlet … St. Paul, West publishing co. [c1933]
244 1049 84 38 414
359 1059 38 35 p.
456 1048 115 38 24cm.

167 1113 50 51 ©
243 1119 110 37 Dec.
375 1116 37 47 8,
434 1117 112 39 1933;
599 1118 65 38 2c.
691 1118 94 37 and
809 1128 80 28 aff.
916 1116 107 39 Jan.
1046 1115 67 47 19,
1133 1116 112 39 1934;
1300 1115 40 38 A
1364 1115 142 39 69087;
1560 1113 135 41 West
1719 1115 107 46 pub.
1853 1124 63 29 co.

183 1221 213 63 Myers,
431 1221 225 63 George
688 1221 291 63 Edmund,
1014 1221 170 51 1871-

248 1298 290 67 Planning
568 1314 141 48 your
739 1297 222 56 future;
995 1316 69 34 an
1095 1296 394 67 occupational
1518 1295 171 53 civics
1717 1300 121 48 text
1868 1294 94 53 for
1989 1294 193 68 junior

180 1372 2001 72 high school grades, by George E. Myers … Gladys M. Little
237 1452 1944 65 … and Sarah A. Robinson … 2d ed. New York and London,
180 1533 421 54 McGraw-Hill
636 1533 145 52 book
812 1549 297 50 company,
1142 1532 122 66 inc.,
1298 1534 147 51 1934.

250 1605 1160 49 xiv, 419 p. incl. front., illus., dinars. 21cm.
252 1678 373 47 Bibliography:
673 1689 38 35 p.
754 1677 230 40 403-410;
1060 1677 157 39 "Books
1259 1679 48 37 to
1349 1677 114 38 read"
1535 1679 47 36 at
1625 1677 90 38 end
1757 1675 50 40 of
1848 1678 124 37 most
2013 1676 49 38 of
2102 1676 78 39 the

180 1737 239 46 chapters.

183 1804 50 51 ©
266 1809 108 38 Jan.
404 1808 68 46 22,
505 1807 139 40 1934;
678 1807 65 39 2c.
776 1807 108 38 Jan.
916 1806 80 39 23;
1032 1805 81 41 aff.
1146 1806 107 39 Jan.
1286 1805 80 47 25;
1401 1805 41 39 A
1472 1804 143 41 68987;
1677 1804 354 41 McGraw-Hill
2061 1804 122 39 book

251 1877 66 27 co.,
360 1866 87 39 inc.
513 1864 249 48 (34-1924)

186 1969 278 52 National
493 1971 357 50 association
881 1969 62 51 of
973 1968 255 52 railroad
1260 1969 114 51 and
1406 1968 254 53 utilities
1687 1969 496 53 commissioners.

314 2044 1869 70 … Proceedings of forty-fifth annual convention held at
186 2125 346 66 Cincinnati,
561 2125 168 59 Ohio,
756 2124 245 54 October
1062 2127 30 49 10
1117 2130 58 46 to
1204 2129 81 63 13,
1314 2127 149 50 1933.
1528 2127 138 51 New
1694 2125 164 53 York
1882 2124 132 68 city,
2040 2124 142 52 Pub.

184 2203 73 67 by
305 2204 122 51 The
477 2203 159 54 State
686 2204 107 52 law
843 2203 299 68 reporting
1189 2222 298 49 company,
1536 2200 199 56 official
1785 2207 257 64 reporter
2090 2203 95 51 for

185 2282 94 52 the
314 2282 272 52 National
624 2281 337 53 association
995 2282 62 53 of
1091 2282 253 52 railroad
1380 2283 111 51 and
1526 2282 242 52 utilities
183 2280 1978 133 commissioners
304 2364 191 64 [c1934]

250 2434 63 42 xi,
344 2435 82 39 533
456 2446 39 36 p.
557 2435 172 38 double
757 2435 148 39 front,
937 2433 197 49 (ports.)
1199 2434 145 40 23½cm.

186 2500 50 51 ©
268 2505 106 38 Jan.
406 2504 37 47 9,
475 2504 138 46 1934;
647 2505 64 39 2c.
743 2505 95 39 and
869 2516 79 27 aff.
980 2505 108 39 Jan.
1118 2506 81 45 24;
1232 2505 41 39 A
1303 2504 169 47 69183;
1505 2506 129 38 Natl,
1668 2504 295 40 association
1994 2505 50 38 of
255 2502 1912 99 railroad
399 2564 94 37 and
519 2561 207 40 utilities
752 2562 402 47 commissioners,
1180 2563 117 38 New
1322 2563 145 40 York.

190 2666 214 63 Neave,
435 2666 221 53 Dorina
682 2667 299 52 Lockhart
1014 2667 286 65 (Clifton)
1336 2668 150 67 lady.

255 2741 356 68 Twenty-six
650 2761 163 50 years
853 2761 70 34 on
965 2744 95 52 the
1103 2744 350 68 Bosphorus,
1492 2744 76 69 by
1609 2743 222 54 Dorina
1873 2744 62 53 L.
1980 2744 207 52 Neave.

185 2819 256 68 London,
470 2819 262 69 Grayson
760 2821 45 49 &
833 2820 262 70 Grayson
1128 2823 172 65 [1933]

257 2891 85 41 256
371 2903 41 37 p.
474 2894 84 39 col.
590 2895 146 39 front,
767 2894 170 48 (port.)
977 2895 169 46 plates.
1210 2893 146 42 22½cm.

259 2949 38 37 A
326 2950 294 46 description
648 2951 51 39 of
727 2950 194 46 Turkey
951 2953 152 38 under
1132 2952 81 40 the
1244 2951 133 47 reign
1408 2951 51 40 of
1487 2952 158 40 Abdul
1677 2951 182 40 Hamid
1932 2983 8 8 II.

190 3018 1997 54 © 1 c. Jan. 13, 1934; A ad int. 18603; pubd. Nov. 17, 1933; D. L. Neave,
259 3080 167 41 Dulas,
454 3080 250 47 Anglesey,
735 3081 234 46 England.
1038 3081 249 48 (34-1952)

190 3182 302 65 Nijinsky,
523 3185 242 51 Romola
797 3186 98 64 (de
925 3186 286 63 Pulszky)

255 3259 1933 72 Nijinsky, by Romola Nijinsky … London, V. Gollancz,
185 3338 120 62 ltd.,
337 3341 148 50 1933.

255 3411 87 39 416
373 3422 41 37 p.
475 3412 163 48 front.,
672 3414 170 47 plates,
877 3417 147 44 ports.
1085 3414 115 40 22cm.

190 3479 1979 112 © 1c. Jan. 2, 1934; A ad int. 18575; pubd. Nov. 13, 1983; Simon & Schuster, inc., New York. (34-2099)
189 3641 265 67 O’Brien,
485 3644 253 54 William
772 3645 221 67 Alexis,
1029 3651 169 49 1896-

256 3721 70 51 In
354 3720 238 68 sacristy
621 3723 109 51 and
761 3729 331 63 sanctuary;
1125 3744 30 33 a
1182 3726 170 66 guide
1381 3727 93 51 for
1499 3725 95 53 the
1622 3724 275 54 sacristan
1925 3724 139 52 with
186 3725 1975 125 detailed

394 3799 367 54 instructions
793 3803 398 64 accompanied
1224 3804 75 57 by
1332 3803 271 52 directive
1635 3802 289 53 schedules
1958 3803 112 52 and
187 3804 1974 139 diagrams

452 3877 260 67 showing
748 3879 127 51 how
917 3881 111 51 and
1071 3881 152 52 what
1263 3887 56 46 to
1361 3888 95 61 get
1494 3882 174 66 ready
1710 3880 93 53 for
1842 3881 94 51 the
1977 3899 209 48 proper
