2350 4196
1149 4008 130 50 1366

324 458 93 47 xiv,
447 457 84 39 132
560 468 42 36 p.
662 457 25 38 28
721 460 42 20 cm
770 490 6 8 .

257 512 1962 98 Added t.-p· ; The book of the wars of the Lord; containing the polemics of the Karaite
772 570 192 40 Salmon
989 571 89 40 ben
1106 570 229 39 Yeruhim
1362 569 192 47 against
1586 567 144 42 Saadi
1739 580 23 28 a
1796 569 132 40 Gaon;
1990 571 156 39 edited
2179 570 58 45 by

260 624 144 41 Israel
459 626 262 40 Davidson.
803 628 114 39 New
970 628 140 41 York,
1164 627 99 39 The
1315 625 181 40 Jewish
1551 625 284 46 theological
1892 627 239 45 seminary
2189 627 50 37 of

254 682 233 46 America,
519 682 125 43 1934.

255 737 51 50 ©
339 742 117 46 Aug.
490 743 67 38 10.
590 741 138 41 1834;
763 743 65 38 2c.
861 743 117 45 Aug.
1012 744 53 36 25;
1128 741 78 38 aff.
1241 742 118 45 Aug.
1393 742 80 37 27;
1509 742 40 36 A
1584 741 111 38 75076;
1788 743 153 37 Israel
1974 740 261 42 Davidson,

321 798 115 39 New
468 799 142 38 York.
682 799 276 46 (34-34007)

245 902 280 63 Saroyan,
558 904 270 54 William.

321 980 118 53 The
488 979 206 68 daring
740 998 192 50 young
978 999 128 32 man
1157 998 68 33 on
1274 980 92 50 the
1415 979 177 66 flying
1643 985 223 59 trapeze
1916 980 111 51 and
2075 981 158 49 other

249 1057 213 54 stories,
486 1058 33 50 by
583 1057 256 53 William
869 1058 271 54 Sarovan.
1216 1058 136 50 New
1381 1057 175 52 York.
1583 1057 261 51 Random
1870 1058 184 51 house.
2084 1062 146 47 1934.

322 1130 84 38 270
435 1140 41 36 p.
538 1130 53 39 23½
625 1133 42 20 cm
675 1165 6 7 .

323 1185 209 41 “Second
560 1188 215 46 printing
803 1186 162 40 before
994 1186 307 47 publication.
1331 1185 215 41 October,
1575 1185 156 39 1934.”

253 1240 1981 51 © Oct. 15, 1934; 2c. Oct. 18; aff. Oct. 17 ; A 75833; Modern library, inc..
319 1302 116 37 New
459 1302 141 37 York.
673 1301 276 47 (34-34422)

248 1390 217 64 Simon,
498 1392 57 53 S.
589 1392 236 62 Sylvan.

318 1464 181 69 Camp
534 1466 355 67 theatricals;
929 1467 233 67 making
1198 1484 141 49 your
1378 1483 162 50 camp
1578 1464 465 54 entertainments
2081 1482 154 34 more

247 1540 269 69 effective,
555 1544 73 68 by
671 1543 54 54 S.
770 1543 214 69 Sylvan
1029 1544 210 54 Simon.
1317 1544 138 51 New
1497 1543 177 66 York,
1714 1543 112 52 Los
1866 1542 265 69 Angeles,
2175 1542 57 54 S.

248 1619 249 64 French;
525 1621 256 67 London,
811 1620 56 55 S.
897 1622 239 65 French,
1164 1621 119 67 ltd.,
1314 1623 148 52 1934.

316 1676 827 64 vi p., 1 l., 146 p. illus. 19½ cm .
319 1748 1692 49 “Lists of plays and books suitable for camp use” ; p. 134-146.
251 1804 1786 50 © June 1, 1934 ; 2c. and aff. .June 16 ; A 73107; Samuel French.
327 1865 276 46 (34-34005)

239 1949 351 69 Sindlinger,
627 1956 251 62 Harvey,
916 1958 168 49 1886-

314 2031 225 53 Illinois
579 2032 285 67 township
904 2034 153 64 laws,
1099 2033 137 52 with
1277 2032 197 67 forms,
1516 2033 361 52 annotations
1918 2031 110 52 and
247 2031 1957 128 opinions
412 2109 62 52 of

519 2110 93 51 the
661 2111 530 67 attorney-general,
1234 2112 247 66 relating
1525 2116 58 47 to
1627 2110 285 67 township
1958 2112 154 64 laws,
2155 2109 75 67 by

247 2185 232 68 Harvey
533 2186 332 69 Sindlinger
916 2189 110 50 and
1077 2188 66 53 G.
1194 2189 68 51 E.
1314 2189 210 52 Nelson
1580 2231 54 8 ...
1728 2188 268 68 Chicago,
2047 2189 65 51 P.
2164 2189 65 51 F.

245 2263 295 53 Pettihone
570 2267 45 49 &
645 2283 95 43 со.,
774 2269 148 48 1934.

313 2335 25 40 3
368 2348 40 36 p.
438 2338 43 41 l.,
510 2337 83 40 515
620 2347 42 38 p.
723 2337 54 39 23½
812 2339 42 21 cm
860 2370 7 6 .

299 2389 1930 54 © Sept. 10. 1934; 2c. Sept. 15; aff. Sept. 12; A 75323; F. F. Pettihone &
314 2461 65 28 со.
452 2451 276 46 (34-34030)

238 2535 213 67 Smith,
483 2540 156 57 Max,
676 2543 165 50 1905-

313 2615 118 53 The
463 2616 373 69 relationship
869 2618 246 52 between
1142 2620 135 51 item
1307 2621 244 66 validity
1584 2620 112 53 and
1725 2626 109 46 test
1863 2620 262 67 validity,
2153 2619 72 68 by

243 2691 136 52 Max
423 2693 187 54 Smith
657 2737 55 9 ...
792 2695 138 52 New
973 2696 160 52 York
1173 2698 130 67 city,
1343 2699 276 52 Teachers
1661 2699 226 67 college,
1927 2697 298 55 Columbia

243 2770 330 67 university,
607 2775 149 48 1934.

312 2843 80 40 vii,
425 2843 55 40 40
512 2854 41 37 p.
615 2842 142 40 23½cm.
831 2846 261 45 (Teachers
1125 2848 188 48 college.
1349 2848 248 41 Columbia
1631 2850 285 46 university.
243 2849 1964 90 Contributions
397 2902 50 38 to
472 2901 269 40 education,
772 2912 72 28 no.
874 2901 106 46 621)

314 2955 165 41 Issued
510 2958 102 39 also
641 2968 53 29 as
724 2959 150 39 thesis
913 2959 106 45 (PH.
1079 2962 32 43 D.)
1153 2959 246 43 Columbia
1427 2964 284 47 university.

313 3012 818 51 “List of references" ; p. 39-40.
245 3067 1979 60 © July 13. 1934 ; 2c. Aug. 24 ; aff. Aug. 27 ; A 75072 ; M. Smith. Brooklyn.
323 3127 276 43 (34-34040)

236 3213 172 68 Snell,
443 3218 126 62 Roy
603 3218 242 64 Judson,
883 3222 167 49 1878-

313 3293 1907 78 Smoky Moon ; a mystery story for young boys and girls,
242 3353 1975 94 ages 7 to 12, by Roy J . Snell. Chicago, The Reilly & Lee со.
245 3481 11 32 [
263 3454 17 20 c
286 3451 133 49 1934
423 3483 11 32 ]

312 3521 634 48 3 p. l., 11-205 p. 19 ½cm .
245 3573 1867 55 © Oct. 15, 1934; 2c. Oct. 22; aff. Oct. 19; A 76687 ; Reilly & Lee со.
321 3634 276 47 (34-34425)

235 3725 199 63 Sorge,
468 3726 201 54 Ernst.

307 3801 113 52 Mit
467 3802 257 68 flugzeug
777 3804 26 51 f
807 3805 214 52 altboot
1071 3809 113 51 und
1237 3808 349 56 filmkamera
1638 3813 56 51 in
1749 3814 105 52 den
1909 3812 311 67 eisfjorden

238 3880 341 67 Grönlands,
608 3900 107 33 von
747 3882 174 54 Ernst
952 3882 192 70 Sorge.
1220 3887 113 52 Ein
1360 3889 221 52 bericht
1607 3891 136 51 über
1773 3892 90 50 die
1893 3889 325 56 Universal-
