2350 4196
1122 4046 98 48 333

247 393 168 52 Funk
450 394 50 53 &
534 394 303 64 Wagnalls
870 396 138 50 New
1043 395 275 52 standard
1355 396 399 67 encyclopedia
1791 397 62 51 of
1888 398 287 52 universal

180 472 346 67 knowledge.
602 474 291 65 Prepared
928 473 180 52 under
1141 474 94 51 the
1270 473 264 53 editorial
1569 474 277 52 direction
1881 475 63 52 of
1978 477 196 51 Frank

181 550 1991 69 H. Vizetelly … by an editorial staff of experts and specialists
183 628 136 52 with
345 628 94 52 the
465 629 132 66 help
626 628 63 52 of
713 628 233 67 leading
973 629 266 66 scholars,
1266 628 299 66 scientists,
1593 630 111 52 and
1731 649 127 33 men
1887 630 62 51 of
1977 630 195 54 affairs

178 705 1993 70 of the English-speaking world … New York and London,
179 784 167 51 Funk
377 787 45 49 &
450 783 300 67 Wagnalls
780 802 280 48 company
1115 787 174 63 [c1934]

249 855 57 40 25
336 867 41 29 v.
438 855 126 41 illus.
594 853 134 49 (incl.
759 855 178 48 music)
977 855 180 48 diagrs.
1215 855 147 42 15½cm.

251 911 227 41 Lettered
512 923 59 28 ou
606 923 139 29 cover
764 924 9 28 :
809 912 244 41 Standard
1085 912 354 49 encyclopedia.

252 967 349 49 Bibliography
628 972 51 37 at
705 970 92 39 end
820 968 54 40 of
897 978 131 32 some
1052 969 53 40 of
1129 969 82 40 the
1237 968 212 42 articles.

182 1021 50 51 ©
262 1026 118 39 Mar.
411 1025 68 48 19,
508 1026 140 46 1934;
679 1027 66 38 2c.
772 1028 125 39 each
922 1028 94 38 and
1046 1026 79 39 aff.
1157 1028 120 39 Mar.
1307 1026 82 47 28;
1421 1027 40 38 A
1490 1026 144 41 70827;
1693 1027 141 40 Funk
1863 1028 35 40 &
1928 1028 250 48 Wagnalls

248 1094 66 28 co.
378 1078 68 53 [©
477 1085 195 45 general
704 1083 225 49 revision]
1003 1083 250 48 (34-6405)

180 1170 334 67 Gallagher,
547 1174 254 53 Edward
830 1173 174 64 John,
1038 1176 170 50 1860-

305 1249 283 52 Vocational
623 1249 278 69 guidance
938 1250 114 52 and
1088 1268 230 50 success,
1353 1249 75 71 by
1464 1250 254 54 Edward
1754 1251 56 54 J.
1848 1250 330 70 Gallagher.

176 1325 358 69 Milwaukee,
573 1327 139 53 New
752 1329 163 51 York
976 1332 119 63 [etc.]
1140 1328 121 53 The
1299 1329 183 52 Bruce
1524 1329 337 70 publishing
1898 1347 280 52 company

201 1406 175 66 [c1934]

248 1478 63 46 xi,
342 1477 84 42 203
458 1488 43 38 p.
563 1478 128 40 illus.
751 1477 117 43 20cm.

247 1533 212 42 “Second
492 1534 227 42 edition.”

181 1589 51 52 ©
261 1594 109 39 Feb.
398 1594 68 46 13,
494 1593 114 40 1934;
664 1594 67 39 2c.
760 1596 95 37 and
882 1594 82 40 aff.
993 1595 121 39 Mar.
1143 1594 80 47 10;
1253 1594 40 39 A
1322 1594 169 47 69802;
1522 1596 157 40 Bruce
1707 1596 106 47 pub.
1845 1606 66 29 co.
1993 1591 50 52 [©
2071 1604 105 32 new

249 1653 193 46 matter]
519 1651 249 48 (34-6281)

181 1742 285 65 Gardner,
497 1741 159 53 Elsie
686 1741 143 55 Bell.

247 1818 192 53 Maxie
476 1825 58 46 at
568 1818 339 53 Brinksome
941 1820 148 66 hall;
1127 1838 79 49 or,
1245 1820 245 66 Strange
1525 1821 338 52 adventures
1898 1820 139 53 with
2073 1821 99 52 her

178 1895 1991 70 chums, by Elsie Bell Gardner … New York, Cupples & Leon
177 1991 280 51 company
511 1978 172 64 [c1934]

252 2046 61 48 iv,
341 2046 83 39 212
455 2059 41 36 p.
557 2046 148 40 front.
768 2046 144 42 19½cm.
977 2048 117 48 [Her
1126 2048 162 39 Maxie
1317 2049 164 47 series]

180 2100 50 52 ©
263 2106 121 38 Mar.
414 2105 68 45 15,
514 2104 138 48 1934;
685 2105 66 39 2c.
784 2107 95 37 and
909 2105 79 39 aff.
1021 2106 121 40 Mar.
1173 2106 80 46 22;
1285 2106 42 38 A
1356 2105 169 47 69962;
1561 2105 206 48 Cupples
1799 2105 34 39 &
1864 2106 127 38 Leon
2022 2115 65 30 co.

259 2161 250 49 (34-6209)

181 2249 191 67 Garis,
404 2250 256 55 Howard
692 2253 213 63 Roger,
939 2251 169 53 1873-

248 2329 212 67 Buddy
486 2330 109 51 and
624 2330 92 52 the
744 2336 176 47 secret
944 2349 130 35 cave;
1132 2350 79 46 or,
1236 2332 55 51 A
1315 2330 111 67 boy
1451 2331 112 52 and
1589 2330 92 52 the
1709 2329 210 67 crystal
1945 2329 224 66 hermit,

181 2406 1989 69 by Howard R. Garis … New York, Cupples & Leon company
184 2487 190 64 [c1934]

250 2556 1337 50 2 p. l., 209 p. front. 19½cm. [His Buddy books]
180 2609 50 52 ©
260 2616 120 39 Mar.
409 2615 68 45 15,
505 2614 140 47 1934;
676 2615 66 39 2c.
773 2617 96 37 and
896 2615 81 41 aff.
1007 2616 119 39 Mar.
1156 2616 81 46 22;
1268 2616 40 38 A
1337 2614 168 47 69963;
1539 2614 206 48 Cupples
1775 2613 35 39 &
1838 2614 128 39 Leon
1995 2624 64 28 co.

258 2671 250 49 (34-6208)

180 2745 226 67 Gazier,
442 2745 206 68 Cécile,
683 2747 172 54 1878-

351 2822 1819 71 … Madame de Sévigné … [Paris] E. Flammarion [ c1933]
250 2895 98 48 220,
387 2897 53 49 [2]
475 2908 43 36 p.
579 2896 144 41 19½cm.
799 2898 113 48 (Les
945 2899 180 46 grands
1158 2899 178 46 cœurs)

182 2950 1974 111 © Dec. 21, 1933; 1c. Jan. 9, 1934; A-Foreign 23377; Ernest Flammarion. (34-6388)
181 3085 244 67 Gilbert,
456 3088 250 56 Marion.

361 3158 1811 74 … En Angleterre; collèges et clubs féminins; illustré de
179 3241 266 67 planches
472 3241 132 53 hors
629 3246 165 48 texte.
871 3243 183 67 Paris,
1083 3242 293 66 Fasquelle
1431 3244 150 63 [1933]

178 3312 1974 106 198 p., 1 l. front. (port.) plates. 19 ½ cm. ( On cover: Collection voyageuses de lettres)
181 3426 1990 52 © Nov. 3, 1933; 1c. Jan. 23, 1934; A- Foreign 23490; Fasquelle éditeurs.
258 3487 249 49 (34-6301)

181 3561 166 67 Goss,
375 3564 205 52 James
608 3564 272 64 Edward,
913 3567 170 50 1885-

180 3636 1995 148 Chats in an employment office, by J. Edward Goss … Foreword by Richard D. Allen … New York, Inor publishing
177 3813 295 49 company,
503 3797 149 50 1934.

247 3867 57 40 39
333 3879 41 36 p.
435 3869 116 39 20cm.
623 3867 13 48 (
646 3868 253 48 Half-title
907 3881 15 27 :
952 3869 114 39 Inor
1093 3868 288 47 pamphlets,
1441 3878 74 29 no.
1543 3865 51 48 1)

184 3919 50 52 ©
267 3925 111 40 Feb.
410 3927 67 41 17.
509 3926 140 41 1934;
684 3926 64 39 2c.
784 3928 94 37 and
910 3926 81 40 aff.
1025 3926 108 39 Feb.
1167 3925 80 47 26;
1282 3925 39 38 A
1352 3924 170 45 70564;
1558 3924 41 38 J.
1635 3923 51 39 E.
1720 3921 133 45 Goss,
1887 3918 284 48 Edgewood,

251 3982 53 38 R.
335 3983 34 38 I.
442 3982 250 49 (34-6546)
