2350 4196
1126 3994 100 55 307

176 366 252 66 Gerwig,
463 366 226 65 George
721 365 275 67 William,
1031 365 133 55 1867-

242 443 194 67 Jesus;
462 465 31 33 a
518 443 208 52 sister’s
748 442 312 69 memories,
1083 443 73 68 by
1184 442 218 69 George
1427 443 256 53 William
1712 443 243 69 Gerwig.
2031 445 138 54 East

175 520 243 69 Aurora,
445 519 66 52 N.
543 520 89 66 Y.,
661 520 238 53 Printed
928 520 73 69 by
1029 522 95 52 the
1153 520 122 67 Roy
1280 521 241 55 crofters
1555 555 11 34 [
1572 529 18 21 c
1596 524 128 48 1934]

243 591 1874 51 4 p. l., [17]-150, [3] p. col. mounted front., col. mounted illus. 214 cm .
175 664 54 51 ©
265 669 120 39 Mar.
424 669 38 45 7,
500 667 140 42 1934;
680 668 67 40 2c.
786 669 95 37 and
919 667 81 39 aff.
1040 668 119 39 Mar.
1199 668 51 46 8;
1292 668 39 38 A
1370 667 169 48 69771;
1581 668 53 41 G.
1671 670 72 38 W.
1784 668 204 48 Gerwig,
243 669 1912 103 Pittsburgh.
486 723 225 49 (34-5954)

175 828 304 65 Gilpatric,
510 829 150 63 Guy.

243 908 373 51 Brownstone
655 905 161 54 front
857 940 13 33 [
875 905 74 67 by
955 941 12 32 ]
1010 905 130 68 Guy
1176 904 304 69 Gilpatric.
1582 908 136 53 [New
1757 907 180 67 York]
1979 909 190 66 Dodd,

173 959 773 92 Mead R company [ c 1934]
248 1055 594 49 xvi p., 1 l., 266 p. 19½cm.
243 1113 288 40 Illustrated
565 1115 97 46 t.-p.

251 1169 184 41 Stories
460 1170 51 39 of
535 1170 80 39 the
640 1169 97 48 city
762 1170 51 39 of
836 1170 117 40 New
976 1169 133 41 York
1134 1178 53 31 as
1213 1169 38 41 it
1276 1179 101 30 was
1402 1169 49 40 in
1478 1170 81 39 the
1582 1169 155 41 1890’s.
1812 1170 60 47 cf.
1900 1170 270 41 Foreword.

175 1236 51 52 ©
257 1242 121 38 Mar.
407 1242 69 46 14,
505 1241 140 46 1934;
677 1241 65 39 2c.
774 1242 121 39 Mar.
925 1240 82 47 16;
1040 1240 81 42 aff.
1153 1242 119 39 .Mar.
1303 1242 81 45 17;
1417 1241 39 38 A
1487 1240 169 48 69998;
1691 1241 50 40 G.
1775 1240 251 50 Gilpatric,
2058 1243 115 40 New

242 1299 142 39 York.
457 1297 251 49 (34-6049)

175 1401 197 66 Greig,
399 1401 249 65 Maysie.

241 1480 120 52 Ten
414 1486 127 46 cent
591 1481 142 65 love,
786 1481 74 66 by
914 1479 221 68 Maysie
1189 1479 193 68 Greig.
1459 1480 233 54 Garden
1747 1481 151 66 City,
1954 1482 67 52 N.
2080 1482 89 64 Y.,

170 1557 356 67 Doubleday,
554 1559 198 51 Doran
780 1562 44 49 &
854 1575 297 49 company,
1179 1558 126 66 inc.,
1335 1563 148 49 1934.

245 1630 560 48 4 p. l., 299 p. 19½ cm .
245 1685 163 42 “First
438 1686 228 41 edition.”

175 1739 51 52 ©
254 1745 121 39 Mar.
400 1744 68 43 21,
495 1743 113 40 1934;
663 1744 64 40 2c.
756 1746 95 38 and
877 1744 80 39 aff.
987 1734 121 50 Mar.
1135 1745 53 38 24;
1244 1745 40 38 A
1311 1744 142 40 69977;
1511 1745 297 46 Doubleday,
1837 1745 166 38 Doran
2029 1744 36 40 &
2089 1753 83 37 co.,

241 1800 90 41 inc,
406 1800 251 51 (34-5970)

173 1902 227 67 Haury,
432 1904 155 53 Emil
617 1904 244 66 Walter,
895 1908 171 50 1904-

242 1980 121 52 The
396 1980 233 68 Canyon
663 1981 159 53 creek
853 1983 128 51 ruin
1017 1982 112 53 and
1160 1981 93 54 the
1287 1979 119 54 cliff
1436 1980 298 68 dwellings
1764 1979 63 53 of
1856 1980 94 53 the
1981 1978 187 55 Sierra

174 2058 1998 71 Ancha, by Emil W. Haury … [Globe, Ariz., Priv. print, for
172 2137 94 52 the
297 2136 331 69 Medallion]
669 2140 149 50 1934.

244 2208 80 49 vii,
361 2210 86 40 173
482 2220 42 37 p.
589 2211 85 39 col.
711 2210 164 48 front.,
911 2210 128 40 illus.
1068 2210 134 47 (incl.
1239 2221 150 38 maps,
1429 2211 165 48 plans)
1621 2212 170 48 plates.
1855 2211 54 40 25½cm.
2073 2211 97 48 (On

172 2278 163 31 cover:
367 2267 265 40 Medallion
655 2277 189 39 papers,
896 2277 77 33 no.
1090 2267 16 49 XIV)

241 2325 119 40 Part
389 2325 52 40 of
469 2325 81 39 the
578 2324 330 42 illustrations
936 2336 83 29 are
1047 2327 260 39 numbered
1334 2337 55 28 as
1419 2327 169 46 plates.

245 2382 179 48 Figure
451 2384 25 40 7
504 2382 342 48 accompanied
873 2383 61 47 by
960 2383 155 47 guard
1145 2383 137 40 sheet
1307 2382 119 41 with
1455 2383 244 49 duplicate
1727 2384 184 40 outline
1939 2383 232 46 drawing.

241 2440 350 48 Bibliography;
653 2450 42 37 p.
718 2439 216 41 157-160.

175 2497 51 52 ©
261 2503 120 39 Mar.
413 2502 39 46 2,
486 2501 140 40 1934;
661 2500 67 40 2c.
764 2501 121 38 Mar.
919 2500 51 46 6;
1008 2500 79 39 aff.
1124 2501 119 38 Mar.
1279 2500 51 46 5;
1366 2500 40 38 A
1439 2500 169 46 70531;
1647 2500 107 40 Gila
1790 2501 184 47 pueblo,
2010 2498 160 47 Globe,

243 2558 125 40 Ariz.
442 2556 251 50 (34-5939)

176 2661 217 54 Health
430 2660 311 55 education
778 2660 365 63 conference,
1178 2663 136 50 Ann
1347 2661 208 66 Arbor,
1588 2661 192 66 Mich.,
1818 2664 148 51 1933,

247 2742 300 52 Advances
584 2742 61 51 in
682 2740 196 52 health
916 2738 318 68 education,
1274 2759 59 33 as
1370 2738 302 53 evidenced
1714 2744 59 47 at
1808 2738 96 52 the
1943 2738 232 52 seventh

179 2819 214 53 Health
428 2819 301 53 education
764 2818 332 52 conference
1131 2817 281 69 arranged
1447 2817 75 68 by
1553 2816 95 54 the
1683 2816 305 53 American
2023 2816 152 53 child

177 2899 192 52 health
401 2897 339 53 association
772 2897 113 52 and
913 2896 135 52 held
1077 2902 59 48 at
1163 2896 94 52 the
1284 2896 311 52 invitation
1623 2895 63 53 of
1715 2896 94 52 the
1840 2896 336 68 University

178 2976 63 53 of
281 2977 298 67 Michigan
619 2992 247 35 summer
903 2976 212 51 session
1155 2980 58 47 at
1252 2974 134 52 Ann
1425 2973 207 67 Arbor,
1672 2973 314 69 Michigan,
2026 2975 151 54 June

177 3058 189 64 20-24,
403 3058 151 48 1933.
627 3054 141 52 New
804 3053 164 52 York
1003 3053 134 68 city,
1174 3053 305 52 American
1517 3052 153 52 child
1707 3051 194 55 health
175 3054 1978 147 association,
351 3135 152 51 1934.

245 3203 886 52 vi p., 1 l., 305 p. diagrs. 23½ cm .
178 3261 51 52 ©
259 3266 110 40 Feb.
397 3265 69 43 23,
495 3264 140 45 1934;
666 3264 67 40 2c.
763 3264 95 38 and
888 3262 79 41 aff.
999 3263 119 38 Mar.
1150 3263 49 39 5;
1232 3262 39 38 A
1301 3262 168 47 70474;
1503 3262 156 40 Amer.
1690 3262 126 40 child
1847 3264 168 38 health
2044 3274 126 30 assn.

260 3321 250 50 (34-6089)

183 3426 262 64 Heffron,
472 3425 104 52 Ida
607 3425 203 53 Cassa.

249 3502 240 53 Francis
529 3500 291 68 Wayland
865 3499 248 67 Parker;
1162 3518 70 34 an
1276 3498 372 68 interpretive
1692 3499 321 69 biography
2080 3501 73 67 [by]

180 3577 1770 68 Ida Cassa Heffron … Los Angeles, I. Deach, jr., 1934.
247 3654 84 40 127
363 3665 43 37 p.
467 3653 164 45 front.,
664 3654 148 46 ports.
873 3650 55 40 23½
962 3653 42 20 cm
1011 3683 7 7 .

251 3712 145 40 “This
434 3711 109 39 first
581 3710 198 46 edition,
822 3708 261 48 sponsored
1124 3708 58 46 by
1224 3708 82 39 the
1348 3707 202 40 Francis
1590 3708 69 39 W.
1702 3708 184 41 Parker
1924 3711 161 40 school
2127 3713 50 40 of

179 3769 224 49 Chicago,
427 3770 43 38 is
494 3766 189 41 limited
707 3769 52 38 to
783 3777 87 30 one
896 3765 221 40 hundred
1142 3764 158 48 copies
1324 3764 50 40 of
1400 3765 157 38 which
1582 3765 99 40 this
1706 3766 42 40 is
1773 3769 202 39 number
1999 3767 98 42 80.”

251 3826 362 42 “Publications
641 3824 51 42 of
720 3822 203 40 Francis
950 3823 70 39 W.
1049 3820 213 40 Parker”:
1321 3832 42 38 p.
1394 3820 155 41 13-14.

182 3884 52 51 ©
269 3888 110 38 Feb.
415 3885 68 46 10,
521 3884 113 39 1934;
699 3882 66 39 2c.
801 3882 96 38 and
933 3879 78 40 aff.
1052 3879 119 39 Mar.
1209 3877 81 47 19;
1330 3879 40 37 A
1406 3878 168 48 70739;
1616 3881 35 40 I.
1690 3880 46 40 C.
1775 3881 218 48 Heffron,
252 3884 1904 105 Pasadena,
418 3941 145 41 Calif.
635 3937 249 50 (34-6086)
