2350 4196
1124 4003 128 48 1546

255 455 136 45 xxiii,
425 454 84 40 395
541 465 42 36 p.
644 454 162 46 front.,
841 454 142 45 illus.,
1017 455 169 45 plates,
1220 454 162 46 ports.,
1414 451 116 39 fold.
1566 460 123 37 map.
1753 449 57 39 22½
1841 451 43 20 cm
1891 480 7 7 .
1964 447 209 49 [Science

186 507 1333 50 and culture series, J. Husslein … general editor]
256 569 138 46 Maps
425 578 59 29 on
514 567 358 47 lining-papers.

257 624 347 50 Bibliography:
661 634 43 37 p.
733 622 215 41 379-384.

534 703 58 4 CONTENTS.—
596 682 68 46 pt.
691 686 33 33 I.
751 681 99 37 The
878 679 195 47 finding.
1131 679 141 38 From
1300 678 155 39 Ponce
1483 677 58 39 de
1570 677 128 39 León
1726 679 48 37 to

1804 676 153 39 Pedro
188 674 1969 103 Menéndez
308 737 56 40 de
400 736 177 47 Avilés,
614 736 405 48 1512-1565.—pt.
1059 742 52 33 II.
1148 736 98 38 The
1281 733 250 47 founding.
1597 733 101 39 The
1735 731 436 41 Menéndez-Jesuit

188 794 178 47 period,
396 793 273 40 1565-1574.

192 860 1713 53 © Oct. 29, 1934; 2c. and aff. Nov. 16; A 78102: Bruce pub. co.
270 921 277 47 (34-38334)

188 1022 188 65 Klein,
412 1024 198 63 Jacob,
650 1026 170 49 1896-

259 1094 1919 71 Economic problems of today, by Jacob Klein … and Woolf
189 1172 1985 72 Colvin … Chicago, Dallas [etc.] Lyons and Carnahan [ c 1934]
265 1260 105 36 xxv,
402 1251 29 47 [1
447 1270 24 28 j.
501 1248 84 40 486
613 1259 41 36 p.
683 1248 106 40 incl.
821 1248 139 44 illus.,
991 1248 168 46 plates,
1188 1247 177 45 diagrs.
1427 1245 56 40 20½cm.

262 1305 345 41 “References”
638 1308 50 36 at
714 1306 88 38 end
832 1305 50 39 of
909 1306 118 39 each
1054 1305 209 46 chapter.

195 1374 1982 51 © Sept. 4, 1934; 2c. Nov. 5: aff. Oct. 29: A 76925: Lyons & Carnahan.
273 1434 278 48 (34-38501)

195 1536 269 66 Labiche,
500 1538 238 62 Eugène
768 1536 210 60 Marin,
1013 1540 322 51 1815-1888.

258 1616 79 50 Le
372 1633 215 50 voyage
620 1616 66 51 de
720 1615 284 52 monsieur
1039 1614 327 66 Perrichon,
1403 1614 244 53 comédie
1684 1633 65 32 en
1784 1622 196 59 quatre
2017 1620 163 60 actes,

192 1712 104 48 par
329 1693 246 52 Labiche
612 1700 54 44 et
700 1693 247 66 Martin;
988 1692 186 52 edited
1211 1691 140 52 with
1386 1697 157 47 notes
1581 1695 109 51 and
1728 1693 342 52 imcabulary
2106 1693 73 65 by

189 1770 1989 62 Edmund M. McClosky … Winchester, Mass., Locke Jocelyn
191 1866 95 50 co.]
323 1857 16 19 c
346 1852 147 49 1934.

346 1919 1262 48 111 p. 18 cm . (On cover: Foreign classics series)
199 1989 53 51 ©
281 1995 118 45 Aug.
431 1992 68 40 20,
533 1990 138 42 1934;
707 1990 64 39 2c.
805 1992 94 37 and
931 1990 79 39 aff.
1045 1991 119 46 Aug.
1195 1989 80 47 22;
1311 1991 39 37 A
1380 1989 168 40 78121:
1584 1990 155 39 Locke
1772 1991 199 46 Jocelyn
2005 2001 63 29 co.

270 2048 278 49 [Copyright
572 2049 40 38 is
639 2048 202 39 claimed
868 2059 57 27 on
951 2050 136 36 notes
1113 2048 93 37 and
1233 2047 307 48 vocabulary]
1608 2047 278 49 (34-38567)

196 2152 135 64 Lea,
367 2151 221 53 Fannie
626 2149 256 66 Heaslip,
921 2155 170 48 1884-

322 2228 1658 67 … Dorée. New York, Dodd, Mead & company, 1934.
266 2300 524 50 4 p. l., 275 p. 19 cm .
268 2361 62 38 At
357 2361 123 38 head
509 2359 51 38 of
588 2359 133 38 title:
752 2358 169 46 Fanny
950 2357 203 47 Heaslip
1180 2358 107 38 Lea.

202 2413 1983 51 © Nov. 15. 1934; 2c. and aff. Nov. 20; A 77289; F. H. Lea, New York.
281 2473 277 48 (34-38717)

200 2576 213 63 Leyen,
441 2573 302 55 Friedrich
769 2591 112 35 von
908 2575 119 63 der,
1057 2575 169 53 1873-

329 2652 1853 68 … Volkstum und dichtung; studien zum ursprung und zum
200 2730 157 52 leben
387 2731 98 51 der
514 2730 292 66 dichtung.
872 2729 163 53 Jena,
1065 2731 65 49 E.
1160 2730 332 54 Diederichs
1527 2765 11 32 [
1545 2738 16 19 c
1568 2735 131 48 1933
1706 2765 11 31 ]

270 2803 636 48 2 p. l., [3]—189 p. 23 ½ cm .
300 2859 308 40 "Nachweise”:
669 2870 40 36 p.
743 2857 245 49 [187]-189.

207 2913 1965 105 © Aug. 11. 1933; 1c. Mar. 13. 1934; A-Foreign 23994: Eugen Diederichs verlag. (A C 33—4157)
204 3073 366 63 Lounsbury,
603 3074 147 63 Ralph
829 3075 296 62 Greenlee,
1163 3078 166 49 1896-

269 3152 118 50 The
423 3150 220 52 British
679 3149 207 67 fishery
920 3155 58 47 at
1013 3150 480 69 Newfoundland,
1530 3154 325 64 1634-1763,
1889 3154 72 65 by
1997 3153 188 66 Ralph

200 3227 1987 70 Greenlee Lounsbury … New Haven, Yale university press;
202 3305 254 64 London,
481 3304 76 51 H.
582 3304 265 66 Milford,
872 3303 229 54 Oxford
1126 3305 314 68 university
1465 3326 172 46 press,
1665 3311 147 48 1934.

273 3377 99 47 viii,
419 3377 69 48 [2],
530 3376 85 40 398
656 3387 42 36 p.
762 3386 134 37 maps
926 3376 47 47 (1
1016 3376 142 46 fold.)
1226 3378 54 38 22½
1313 3380 43 20 cm
1363 3410 7 8 .
1441 3379 298 49 (Half-title:
1780 3381 118 38 Yale
1940 3380 249 40 historical

204 3433 334 48 publications.
596 3432 295 47 Miscellany,
1069 3432 13 47 XXVII)

276 3489 126 38 “The
428 3489 312 39 seventeenth
767 3489 188 39 volume
981 3488 252 48 published
1260 3492 152 38 under
1438 3492 80 39 the
1545 3492 235 39 direction
1807 3493 51 38 of
1884 3493 79 38 the
205 3492 1969 93 Department

359 3544 52 40 of
435 3544 187 47 history
647 3555 60 29 on
732 3545 81 39 the
838 3545 233 47 Kingsley
1098 3547 127 38 trust
1250 3547 293 40 association
1569 3547 296 48 publication
1892 3549 119 38 fund
205 3549 1970 91 established
382 3600 60 47 by

466 3601 79 38 the
570 3600 151 40 Scroll
746 3602 93 38 and
863 3601 91 46 key
977 3601 179 46 society
1179 3602 52 40 of
1254 3603 118 40 Yale
1395 3603 326 47 college.”—p.
1750 3604 43 49 [i]

280 3656 298 47 “Originally
610 3657 235 47 prepared
876 3667 53 29 as
961 3667 26 29 a
1020 3658 213 39 doctoral
1266 3658 315 42 dissertation
1612 3660 157 40 which
1800 3669 100 29 was
1931 3660 257 39 submitted

205 3711 1936 53 at Yale university in 1928 … the work has been thoroughly revised …
206 3767 993 48 and … completely rewritten.”—Pref.
281 3823 439 48 “Bibliographical
752 3823 139 40 note”:
953 3835 42 37 p.
1032 3824 244 49 [337]-351.

214 3875 50 51 ©
296 3880 99 39 Oct.
425 3879 68 46 23,
524 3879 138 47 1934;
696 3880 65 39 2c.
792 3881 115 38 Nov.
939 3880 51 40 2:
1024 3880 80 40 aff.
1136 3881 98 39 Oct.
1267 3882 80 46 31;
1381 3884 39 36 A
1451 3883 168 41 76885;
1655 3884 118 40 Yale
1806 3884 127 40 univ.
1964 3893 144 37 press.

292 3936 275 47 (34-38378)
