2350 4196
1126 4001 131 48 1199

158 357 238 65 Terrell,
428 357 218 64 Upton.

235 428 1928 70 The little dark man … by Upton Terrell. Chicago, The
163 514 192 66 Reilly
383 515 45 50 &
456 512 111 52 Lee
596 530 78 35 co.
709 545 12 33 [
726 517 17 21 c
749 513 134 50 1934
888 544 12 33 ]

235 587 26 38 4
288 597 44 37 p.
361 586 44 42 1.,
437 583 173 42 11-309
639 595 43 38 p.
744 583 55 40 19½cm.

170 637 1994 55 © Sept. 17. 1934; 2c. Sept. 20: aff. Sept. 19; A 74997; Reilly & Lee co.
247 698 279 49 (34-30249)

162 800 2004 69 Texas jurisprudence … a complete statement of the law and
234 883 248 65 practice
525 881 62 51 of
628 881 96 51 the
766 885 144 47 state
952 879 62 52 of
1056 880 201 64 Texas,
1298 879 74 65 by
1412 878 256 54 William
1717 880 76 50 M.
1837 880 329 67 McKinney

235 957 1872 67 and other lawyers. Volume XXXI. New trial to Parole …
237 1036 115 55 San
384 1038 322 65 Francisco,
740 1035 581 59 Bancroft-Whitney
1353 1054 297 48 company,
1685 1039 147 51 1934.

243 1113 99 46 viii,
374 1111 116 41 1380
517 1122 40 37 p.
618 1110 57 40 25
676 1113 43 20 cm
726 1144 6 6 .

174 1165 1995 53 © Oct. 3. 1934; 2c. Oct. 8: aff. Oct. 9; A 76433: Bancroft-Whitney co.
164 1272 274 65 Thomas,
473 1272 305 55 Cromwell
809 1271 259 54 Holmes.

173 1347 1996 151 Problems of contempt of court; a study in law and public policy. by Cromwell Holmes Thomas … Baltimore, Md.
181 1508 259 68 [Printed
466 1509 75 67 by
568 1508 411 55 Horn-Shafer
1008 1526 295 49 company]
1341 1511 148 49 1934.

247 1583 100 49 viii,
374 1583 87 40 120
486 1594 42 37 p.
590 1582 26 39 24cm.

251 1641 100 39 “An
380 1641 302 39 elaboration
711 1641 51 39 of
790 1651 25 28 a
846 1640 316 40 dissertation
1190 1639 234 47 prepared
1456 1639 154 39 under
1639 1640 80 40 the
1751 1639 236 40 direction
2016 1641 50 39 of
2096 1642 80 38 the

180 1699 320 46 Department
533 1698 52 39 of
615 1698 218 47 political
867 1697 183 41 science
1083 1696 51 39 of
1166 1697 153 39 Johns
1350 1696 223 48 Hopkins
1607 1696 272 48 university
1913 1697 49 39 in
1996 1697 177 48 partial

179 1753 1692 48 fulfillment … for the degree of doctor of philosophy.”—Pref.
181 1809 1996 52 © Sept. 20. 1934; 2c. and aff. Sept. 21; A 76041; Sedwick Cromwell
249 1871 199 39 Holmes
481 1871 225 44 Thomas,
741 1869 280 40 Baltimore.
1097 1868 279 48 (34-30743)

172 1957 314 68 Thomson,
520 1958 254 56 William
809 1961 89 64 A.,
935 1960 171 54 1879-

244 2037 244 68 Making
519 2037 250 54 millions
803 2039 134 51 read
971 2038 111 52 and
1113 2038 141 66 buy;
1290 2038 96 52 the
1415 2038 277 53 influence
1724 2039 112 51 and
1868 2058 93 34 use
1993 2038 63 52 of
2085 2040 96 52 the

174 2115 2007 69 newspaper in advertising, by William A. Thomson … New
177 2194 180 69 York,
386 2194 91 54 W.
509 2194 158 68 Drey
705 2229 11 33 [
723 2200 17 21 c
746 2197 151 63 1934]

250 2267 1930 52 xiv, 248 p. illus., plates, 4 facsim. on 2 l., diagrs. 21 cm. (Editor and
181 2326 252 47 publisher
459 2326 175 48 series)

253 2382 283 41 Facsimiles
566 2382 341 48 accompanied
939 2383 59 48 by
1029 2383 101 40 leaf
1161 2383 117 40 with
1309 2383 293 48 descriptive
1633 2385 296 47 letterpress.

186 2436 2000 53 © Sept. 1. 1934; 2c. Sept. 17: aff. Sept. 14; A 74951: Editor & publisher
253 2507 80 36 co.,
365 2498 117 38 New
514 2498 142 38 York.
730 2497 279 46 (34-30536)

179 2583 280 68 Tolstai͡a,
494 2587 372 53 Aleksandra
899 2586 282 66 L'vovna,
1323 2590 169 65 grafīni͡a,
1528 2593 170 51 1884-

251 2665 31 51 I
327 2665 226 51 worked
598 2665 93 52 for
732 2667 94 50 the
870 2666 196 53 soviet,
1108 2667 72 66 by
1224 2667 275 54 Countess
1542 2669 332 51 Alexandra
1919 2671 263 65 Tolstoy;

181 2744 316 51 translated
525 2744 73 67 by
623 2743 95 53 the
748 2745 205 50 author
979 2747 60 50 in
1068 2745 406 54 collaboration
1507 2748 138 51 with
1674 2748 247 52 Roberta
1954 2748 231 52 Yerkes.

182 2821 138 52 New
347 2821 224 61 Haven,
602 2824 145 51 Yale
775 2824 318 67 university
1124 2842 171 49 press,
1327 2828 148 51 1934.

257 2896 80 41 vii.
368 2895 84 40 254
482 2907 39 36 p.
582 2899 25 35 24cm.

192 2949 1997 55 © Sept. 25. 1934; 2c. Sept. 29: aff. Sept. 28: A 76456; Yale univ. press.
180 3040 289 67 Tunstall,
500 3041 292 58 Beatrice.
1984 3011 117 43 7735

259 3117 121 53 The
416 3119 136 67 long
588 3118 113 68 day
737 3119 173 53 closes
972 3120 90 68 [by]
1107 3121 260 53 Beatrice
1407 3121 283 52 Tunstall.
1764 3120 230 54 Garden
2039 3120 153 70 City,

191 3192 68 55 N.
288 3195 90 66 Y.,
404 3194 358 67 Doubleday.
787 3196 195 53 Doran
1014 3200 46 50 &
1086 3215 298 46 company,
1415 3199 126 62 inc.,
1571 3202 150 50 1934.

259 3267 585 49 7 p. l., 3-322 p. 21 cm .
261 3323 139 49 Maps
427 3336 59 29 on
517 3325 360 48 lining-papers.

265 3379 162 43 “First
459 3381 227 42 edition.”

199 3434 1993 57 © Sept. 5. 1934; 2c. and aff. Sept. 20; A 75486: B. Tunstall, Chester.
270 3497 235 47 England.
580 3498 280 46 (34-30873)

193 3597 120 55 The
350 3600 219 55 United
609 3603 203 54 States
853 3610 223 61 patents
1116 3609 319 64 quarterly;
1477 3613 222 61 reports
1738 3608 62 52 of
1839 3627 148 33 cases
263 3610 1908 135 relating

265 3684 1906 139 to patents, trade marks and copyrights … v. 3. … including
266 3757 1908 213 decisions presented in The United States daily, October-December, 1929 … Washington, David Lawrence publications, 1930.
