2350 4196
1119 4050 98 54 751

179 398 264 54 Indiana.
517 402 166 51 Laws
689 449 10 18 ,
728 407 255 59 statutes,
1013 407 99 47 etc.

248 476 331 53 Annotated
620 478 248 52 Indiana
908 482 255 62 statutes,
1203 480 150 64 1933,
1394 478 333 66 containing
1767 479 76 51 all
1885 483 115 47 acts
2041 479 62 51 of
2146 499 30 33 a

178 558 227 65 general
433 556 111 51 and
568 556 193 67 public
784 560 204 47 nature
1008 557 61 50 in
1093 555 154 52 force
1273 555 330 67 September
1632 561 44 61 1,
1704 559 150 64 1933,
1880 558 297 68 including

180 635 116 49 also
323 634 94 51 the
445 639 143 46 state
619 635 111 51 and
760 635 219 51 federal
1008 633 415 65 constitutions,
1451 642 160 43 court
1640 636 148 50 rules
1820 636 110 51 and
1961 637 214 52 certain

179 712 237 51 selected
464 710 218 53 federal
730 715 153 62 laws,
931 713 75 50 all
1054 712 334 66 completely
1437 713 323 51 annotated.
1846 714 211 52 Edited
2103 717 72 64 by

177 788 1998 147 Harrison Burns, revised by Benjamin F. Watson. This edition by the publisher’s editorial staff … v. 5 [Aeronautics to
179 942 435 71 Congressional
687 945 270 66 districts]
1055 945 416 67 Indianapolis,
1542 948 119 51 The
1734 950 441 53 Bobbs-Merrill

176 1042 277 49 company
489 1027 189 64 [c1934]

255 1098 78 47 vii,
365 1098 82 40 893
480 1108 28 36 p.
580 1098 115 39 26cm.

184 1151 50 51 ©
265 1155 128 39 June
418 1154 68 45 28,
517 1154 139 41 1934;
689 1155 66 40 2c.
786 1155 115 46 July
930 1154 51 45 2;
1016 1153 80 40 aff.
1127 1153 115 47 July
1271 1153 51 47 9;
1355 1155 41 37 A
1425 1155 170 46 73357;
1628 1156 368 40 Bobbs-Merrill
2027 1169 66 30 co.

176 1244 220 64 James,
431 1244 162 52 Elias
625 1243 165 62 Olan,
828 1245 170 50 1879-

249 1320 239 52 Thieves
534 1319 63 53 of
642 1338 207 50 mercy,
895 1320 74 68 by
1017 1318 159 53 Elias
1224 1317 150 55 Olan
1423 1317 210 54 James.
1719 1316 159 53 Mills
1930 1316 245 70 College,

180 1397 193 69 Calif.,
401 1399 120 51 The
548 1398 355 68 Eucalyptus
930 1414 173 51 press,
1134 1398 147 50 1934.

248 1468 1022 54 2 p. l., iii-viii p., 1 l., 25 p., 1 l. 23cm.
252 1527 85 40 “In
371 1529 152 38 honor
555 1528 50 39 of
639 1528 254 40 Professor
927 1527 51 40 E.
1016 1526 50 41 O.
1103 1527 162 39 James
1301 1537 27 29 a
1366 1525 184 41 limited
1587 1525 183 40 edition
1804 1527 51 38 of
1890 1524 85 41 250
2011 1525 164 48 signed

180 1584 170 49 copies,
383 1586 192 46 printed
607 1585 59 46 by
699 1585 80 39 the
811 1584 298 48 Eucalyptus
1142 1592 146 38 press,
1326 1584 50 38 at
1410 1583 81 39 the
1525 1584 192 45 request
1751 1582 51 40 of
1835 1583 80 39 the
1951 1584 225 39 alumnae

180 1641 53 38 of
267 1640 130 41 Mills
436 1641 176 46 college
650 1642 95 38 and
783 1642 80 39 the
903 1642 222 38 students
1165 1640 93 38 and
1299 1638 267 48 colleagues
1608 1639 50 39 of
1698 1639 80 39 the
1819 1640 190 39 author.
2076 1638 103 41 The

180 1695 109 48 sigil
324 1709 58 28 on
418 1699 80 38 the
533 1698 107 39 title
674 1707 118 37 page
827 1708 98 28 was
961 1697 225 46 designed
1223 1696 59 46 by
1318 1694 186 41 Arvilla
1540 1695 225 40 Parker.”
1830 1695 118 41 This
1984 1705 117 39 copy
2136 1695 41 40 is

179 1753 191 41 neither
396 1753 262 41 numbered
688 1764 88 29 nor
805 1753 179 48 signed.

249 1811 40 37 A
316 1819 151 38 poem.

182 1864 51 52 ©
259 1870 112 46 May
394 1869 68 46 31,
488 1868 113 39 1934;
655 1869 65 39 2c.
747 1869 125 38 June
897 1868 23 38 5;
976 1867 79 40 aff.
1082 1868 125 39 June
1229 1867 26 38 4;
1311 1867 39 38 A
1374 1867 170 41 72608;
1574 1868 49 37 E.
1653 1867 52 40 O.
1732 1868 177 46 James,
1938 1867 235 48 Oakland,

289 1925 102 40 Calif.
467 1924 279 49 (34-16309)

173 2014 283 62 Johnson,
488 2015 176 53 Alvin
694 2016 317 55 Saunders,
1045 2013 169 55 1874-

246 2092 233 52 Deliver
521 2110 62 34 us
627 2091 152 52 from
822 2093 205 66 dogma
1077 2090 108 68 [by]
1232 2090 178 52 Alvin
1455 2090 277 54 Johnson.
1812 2092 138 52 New
1996 2092 179 68 York,

176 2170 120 53 The
327 2169 308 53 American
669 2169 336 53 association
1041 2169 93 51 for
1168 2168 160 53 adult
1364 2168 318 69 education,
1719 2172 149 51 1934.

245 2243 57 40 84
328 2254 44 37 p.
432 2242 116 41 22cm.

244 2301 43 37 A
321 2309 149 38 group
509 2299 50 40 of
592 2309 167 35 essays
796 2299 202 40 selected
1037 2298 125 40 from
1198 2299 136 39 those
1372 2298 258 48 originally
1669 2299 253 47 published
1961 2311 52 30 as
2052 2301 103 40 fore

178 2357 156 39 words
362 2359 47 38 to
437 2357 81 40 the
545 2356 181 46 weekly
754 2356 228 40 bulletins
1011 2356 50 39 of
1089 2356 79 39 the
1197 2355 115 38 New
1341 2356 158 39 school
1531 2356 77 39 for
1638 2356 144 39 social
1819 2358 220 40 research.
2142 2360 15 43 cf

178 2412 38 38 A
245 2415 112 39 note
387 2413 51 40 of
467 2413 328 46 explanation,
827 2413 193 46 signed:
1052 2411 140 46 Mary
1223 2411 49 39 L.
1305 2412 90 48 Ely
1443 2412 111 49 [and]
1587 2412 158 41 Morse
1776 2413 54 40 A.
1863 2412 313 50 Cartwright.

181 2468 50 51 ©
266 2473 112 46 May
412 2472 38 46 9,
486 2471 113 40 1934;
662 2472 64 38 2c.
764 2472 93 38 and
893 2471 80 40 aff.
1009 2471 125 39 June
1168 2471 80 46 27;
1285 2471 40 38 A
1359 2471 169 46 74016;
1566 2472 157 40 Amer.
1761 2483 112 29 assn.
1922 2473 79 40 for
2036 2472 139 42 adult

248 2529 269 40 education.
593 2528 279 48 (34-27164)

175 2619 360 64 Kaufmann,
573 2618 283 64 Walther,
892 2616 170 54 1887-

172 2695 1975 132 Angewandte hydromechanik, von dr.-ing. Walther Kaufmann …
565 2778 47 49 2.
655 2774 90 52 bd.
823 2774 402 66 Ausgewählte
1267 2773 218 67 kapitel
1529 2793 97 36 aus
1671 2776 99 51 der
1812 2777 359 53 technischen

173 2854 495 67 Strömungslehre.
746 2852 215 57 Berlin,
996 2853 55 53 J.
1090 2852 294 67 Springer,
1421 2856 147 51 1934.

247 2904 1066 71 vii, 293 p. illus., tables, diagrs. 24 ½ cm.
251 2985 233 41 Contains
515 2983 401 47 bibliographical
947 2982 276 40 foot-notes.

180 3039 1851 52 © Mar. 28, 1934; 1c. July 3; A-Foreign 25056; Julius Springer.
173 3133 226 62 Kessel,
428 3133 169 51 Hans
624 3146 132 48 von,
787 3131 168 49 1894-

347 3200 1826 75 … Handgranaten und rote fahnen; ein tatsachenbericht aus
183 3289 124 51 dem
338 3285 202 68 kampf
573 3301 176 50 gegen
784 3282 98 53 das
914 3288 120 47 rote
1065 3279 214 68 Berlin,
1314 3281 323 50 1918-1920.
1710 3278 215 67 Berlin,
1960 3278 214 68 Verlag

182 3366 97 53 für
312 3361 426 68 kulturpolitik,
774 3362 149 50 1933.

250 3436 88 41 317
369 3448 43 36 p.
473 3435 114 39 20cm.

182 3489 1973 114 © Oct. 26, 1933; 1c. Mar. 301, 1934; A -Foreign 24216; Verlag für kulturpolitik, g. m. b. h. (34-17227)
181 3630 297 63 Klopsteg,
508 3627 143 53 Paul
684 3627 235 61 Ernest,
951 3626 170 50 1889-

248 3705 250 53 Turkish
533 3703 236 66 archery
803 3701 112 52 and
948 3700 97 51 the
1079 3699 305 67 composite
1418 3698 142 67 bow,
1594 3698 74 68 by
1703 3699 147 51 Paul
1887 3699 66 52 E.
180 3699 1967 153 Klopsteg

421 3775 1750 71 … a review of an old chapter in the chronicles of archery
180 3863 106 52 and
335 3881 30 32 a
407 3860 229 52 modern
685 3856 350 63 addendum;
1083 3854 138 51 with
1266 3852 368 69 frontispiece
1680 3855 111 51 and
1837 3857 63 49 33
1948 3854 222 69 figures.

180 3939 310 65 Evanston,
519 3937 113 55 Ill.,
660 3936 64 51 P.
755 3934 67 52 E.
851 3932 302 69 Klopsteg,
1179 3933 173 51 c1934.
