2350 4196
1143 4008 100 48 418

198 372 302 65 Brigham,
533 376 208 54 Albert
773 378 203 61 Perry,
1013 380 322 52 1855-1932.

261 453 313 53 Essentials
598 454 62 50 of
685 455 347 66 geography.
1095 459 99 63 1st,
1216 456 71 51 2d
1312 456 91 52 bk.
1465 460 87 64 By
1579 457 205 52 Albert
1807 460 180 64 Perry
189 460 1969 123 Brigham

413 531 1769 72 … and Charles T. MacFarlane … Rev. ed. New York,
192 607 328 54 Cincinnati
558 615 136 60 j-ete.]
730 611 305 50 American
1066 611 143 52 book
1239 630 277 49 company
1554 616 169 63 [1934]

267 683 29 37 2
318 694 41 27 v.
415 684 83 38 col.
527 683 162 39 front.,
717 683 126 39 illus.
875 684 133 46 (part
1036 684 112 45 col.;
1178 684 108 41 incl.
1315 685 161 47 maps)
1542 686 55 39 25½
1630 688 44 20 cm
1679 719 6 7 .

268 738 286 40 Illustrated
584 738 362 48 lining-papers.

270 794 69 39 “A
367 794 136 40 short
530 795 86 39 list
644 795 52 39 of
724 795 161 39 useful
919 794 298 41 references”
1249 798 51 38 at
1330 798 90 38 end
1449 797 52 39 of
1530 797 106 40 first
1666 798 132 40 book.

197 847 1985 57 1st bk., © Mar. 21, 1984: 2c. and aff. Mar. 23; 2d bk., © Apr. 10; 2c.
272 909 94 38 and
402 908 79 38 aff.
516 909 112 46 Apr.
664 908 53 39 13
737 919 7 29 :
782 910 41 36 A
857 907 155 49 69995,
1048 909 141 40 72040
1208 921 7 35 ;
1254 911 143 39 Flora
1434 912 71 39 TV.
1541 912 245 47 Brigham,
1822 913 161 40 Dobbs
2020 913 164 49 Ferry,

267 965 54 39 N.
350 965 67 42 Y.,
447 966 94 37 and
570 965 200 39 Charles
799 966 50 38 T.
881 966 299 40 McFarlane.
1210 967 254 39 Hartford.

281 1021 249 47 (34-7807)

204 1122 211 65 Brush,
441 1124 174 52 Anna
641 1124 53 55 J.

268 1200 119 51 The
428 1219 168 48 green
637 1201 182 67 diary,
856 1203 74 65 by
968 1203 171 51 Anna
1178 1205 54 53 J.
1274 1204 204 52 Brush.
1556 1206 231 63 Boston,
1827 1207 120 51 The
197 1206 1962 137 Christopher
429 1278 333 67 publishing
792 1279 170 53 house
998 1314 12 32 [
1016 1286 16 21 c
1038 1284 149 63 1934]

271 1348 84 41 103
386 1360 42 37 p.
488 1350 54 38 21
547 1352 44 21 cm
596 1382 8 7 .

202 1403 50 51 ©
283 1408 120 37 Mar.
430 1407 68 39 24.
528 1407 138 41 1934;
696 1409 65 39 2c.
791 1410 95 37 and
915 1408 80 41 aff.
1024 1409 111 47 Apr.
1164 1410 80 45 11;
1275 1410 41 38 A
1345 1410 167 39 70979:
1545 1411 315 48 Christopher
1889 1412 107 48 pub.
2026 1414 160 38 house.

282 1463 248 48 (34-8052)

197 1565 342 55 California.
616 1568 274 66 Supreme
922 1576 173 47 court.

196 1642 1967 131 Reports of cases determined … April 19, 1933, to September
332 1726 81 52 15.
452 1725 147 48 1933.
676 1724 310 67 Randolph
1023 1726 68 52 V.
1128 1726 283 68 Whiting,
1448 1733 271 61 reporter,
1793 1745 49 37 v.
1880 1731 117 49 218.
2074 1729 114 54 San

196 1800 320 59 Francisco,
550 1800 579 68 Bancroft-Whitney
1161 1822 294 50 company.
1489 1809 147 48 1934.

274 1874 183 46 xxxvii,
486 1874 83 40 912
598 1886 40 36 p.
696 1875 55 38 22½
784 1878 43 20 cm
834 1908 7 7 .

205 1927 50 51 ©
283 1932 113 46 Apr.
424 1931 68 45 26,
521 1931 113 40 1934
653 1942 7 30 :
691 1932 64 39 2c.
786 1933 112 46 May
924 1933 26 38 2
969 1943 7 36 ;
1007 1932 81 40 aff.
1117 1934 111 46 May
1256 1935 52 44 1;
1340 1934 40 38 A
1407 1935 143 39 71456
1569 1946 7 28 :
1609 1935 454 40 Bancroft-Whitney
2123 1948 67 29 co.

205 2030 295 68 Carvajal,
532 2036 228 62 Gaspar
792 2036 86 62 de,
910 2039 321 50 1504-1584.

334 2106 1857 74 … The discovery of the Amazon according to the account of
206 2187 166 54 Friar
409 2187 222 68 Gaspar
668 2190 68 51 de
774 2186 268 69 Carvajal
1079 2189 110 51 and
1225 2189 159 52 other
1420 2189 341 65 documents,
1798 2206 58 32 as
1892 2183 297 70 published

204 2267 135 51 with
370 2285 69 33 an
468 2268 387 52 introduction
883 2269 75 66 by
984 2269 101 52 José
1145 2267 230 54 Toribio
1404 2265 262 67 Medina;
1697 2264 316 55 translated
2042 2263 151 53 from

206 2341 1925 72 the Spanish by Bertram T. Lee; edited by H. C. Heaton …
203 2419 135 55 New
373 2421 176 68 York,
581 2421 301 55 American
915 2423 399 67 geographical
1350 2421 224 67 society,
1610 2423 148 50 1934.

271 2491 81 40 xiv
375 2503 56 37 p.,
454 2493 28 39 4
538 2524 7 15 l.,
570 2494 142 39 7-467
734 2506 42 36 p.
827 2495 125 39 illus.
984 2495 146 47 (map,
1154 2494 239 49 facsims.)
1456 2495 54 39 26
1513 2497 43 20 cm
1563 2528 8 8 .
1632 2493 279 47 (American
203 2490 1971 98 geographical
326 2549 194 48 society.
582 2550 187 48 Special
799 2551 298 48 publication
1125 2563 72 29 no.
1228 2553 79 47 17)

275 2608 224 39 Includes
540 2608 339 47 reproduction
917 2610 94 38 and
1053 2608 200 48 English
1292 2609 294 40 translation
1625 2608 51 39 of
1716 2607 205 48 original
1972 2606 218 47 (Sevilla,

204 2663 138 47 1894)
379 2665 96 47 t.-p.

276 2721 273 42 Contents.
567 2746 60 5 —
643 2725 69 47 pt.
753 2732 31 32 I.
826 2722 335 40 Introduction
1201 2723 60 46 by
1304 2722 207 39 Medina.
1530 2745 59 4 —
1605 2723 69 48 pt.
1712 2729 54 33 II.
1807 2720 272 47 Carvajal's

205 2731 1969 99 account.—pt.
521 2788 74 32 III.
624 2778 621 48 Documents.—Appendix
1264 2790 7 27 :
1307 2779 263 40 Selections
1597 2780 126 38 from
1755 2778 219 41 Oviedo's
207 2777 1967 98 “Historia
308 2837 57 38 de
393 2836 74 39 las
496 2835 196 40 Indias”
723 2835 200 49 bearing
950 2847 59 28 on
1040 2835 267 41 Orellana's
1336 2839 94 37 two
1457 2835 317 48 expeditions.

210 2892 50 51 ©
293 2897 106 39 Jan.
430 2896 68 45 12,
529 2896 139 40 1934;
701 2897 65 38 2c.
800 2896 106 39 Jan.
938 2895 53 40 23
1011 2905 7 36 ;
1053 2895 80 39 aff.
1166 2895 108 40 Feb.
1306 2896 52 44 2;
1391 2895 40 39 A
1463 2894 168 46 69392;
1666 2896 155 38 Amer.
1854 2892 339 50 geographical

277 2953 180 46 society
484 2953 51 39 of
602 2964 73 28 New
699 2953 142 38 York.
915 2952 248 47 (34-7762)

209 3056 150 64 Cole,
389 3055 230 54 Arthur
650 3055 305 64 Harrison,
988 3059 168 48 1889-

209 3129 1983 147 A manual of thesis-writing for graduates and undergraduates, by Arthur H. Cole … and Karl W. Bigelow … New
208 3285 178 68 York,
410 3286 54 53 J.
489 3286 190 54 Wiley
702 3289 45 49 &
769 3305 144 48 sons,
936 3287 135 65 inc.;
1096 3286 256 66 London,
1380 3285 297 67 Chapman
1704 3286 45 49 &
1771 3285 160 67 Hall,
1956 3284 237 52 limited.

210 3365 149 50 1934.

276 3434 27 38 2
325 3445 43 37 p.
415 3469 7 7 l.,
466 3435 149 48 iii-ix,
642 3436 57 39 48
722 3446 42 37 p.
826 3437 126 39 illus.
1012 3435 56 39 21½
1100 3437 44 22 cm
1149 3467 7 8 .
1275 3433 128 50 $0.75

277 3489 346 50 Bibliography
642 3502 7 28 :
685 3502 42 37 p.
762 3492 156 40 47-48.

213 3545 50 51 ©
294 3551 121 37 Mar.
444 3550 68 39 26.
543 3549 138 40 1934;
714 3550 64 39 2c.
811 3551 120 40 Mar.
962 3551 81 38 27:
1077 3549 79 40 aff.
1188 3551 120 37 Mar.
1339 3550 82 39 28:
1454 3550 41 38 A
1524 3550 143 39 70854
1686 3560 7 29 :
1727 3550 52 39 A.
1811 3550 60 38 H.
1904 3549 124 40 Cole.
279 3548 1897 106 Cambridge,

488 3607 159 44 Mass.,
679 3607 93 38 and
803 3608 121 38 Karl
953 3606 71 41 TV.
1055 3606 224 47 Bigelow.
1310 3606 208 40 Buffalo.
1591 3606 248 47 (34-7793)

212 3691 273 67 Collings,
521 3694 262 55 Gilbeart
816 3696 250 64 Hooper,
1102 3699 169 49 1895-

280 3770 371 55 Commercial
693 3772 332 68 fertilizers;
1070 3774 147 51 their
1257 3791 220 35 sources
1517 3775 111 51 and
1667 3792 112 40 use,
1817 3773 75 64 by
1933 3770 260 56 Gilbeart

208 3848 1984 68 H. Collings … 85 illustrations. Philadelphia, P. Blakiston’s
208 3942 98 35 son
337 3930 43 49 &
409 3945 95 48 co.,
532 3927 105 54 inc.
713 3932 151 58 [c1934]
