2350 4196
1100 4004 98 48 423

136 366 165 54 Ohio.
381 368 204 50 Courts
611 367 68 65 of
707 364 250 68 appeals.

206 441 1932 70 Reports of cases argued and determined … Reported by
137 523 76 51 H.
247 524 64 50 L.
344 524 88 52 W.
468 523 261 66 Henney,
763 526 160 49 court
956 520 63 51 of
1055 522 231 65 appeals
1322 525 273 61 reporter,
1632 520 234 55 Clinton
1903 519 236 58 Collins,

137 600 75 52 H.
243 602 63 52 L.
341 601 115 54 Con
466 605 138 62 nett,
637 600 267 52 assistant
933 603 299 63 reporters,
1308 617 51 32 v.
1392 602 81 48 45.
1508 595 219 58 Official
1759 598 82 52 ed.
139 597 1977 148 Columbus,

286 679 120 52 The
434 680 64 50 F.
527 680 54 53 J.
608 679 154 52 Heer
789 677 265 68 printing
1081 695 95 48 co.,
1208 679 150 49 1934.

209 754 50 46 li,
289 753 83 39 675
437 784 6 6 p.
505 752 57 38 22½c
609 754 27 19 m
643 785 6 6 .

145 819 52 51 ©
222 823 112 47 Apr.
360 822 68 40 20.
455 822 140 46 1934;
624 822 66 38 2c.
717 823 94 37 and
838 821 78 39 aff.
946 820 111 48 Apr.
1085 820 55 38 25
1160 831 7 30 ;
1195 820 43 38 A
1262 820 169 46 72151;
1462 820 42 40 J.
1532 820 51 40 L.
1610 821 70 39 W.
1710 821 217 45 Henney,
1954 820 79 39 for
2060 820 82 39 the

213 882 127 37 state
372 880 51 39 of
454 878 135 47 Ohio,
624 879 273 46 Columbus,
932 877 52 41 O.

141 995 217 55 Pacific;
409 1001 272 63 reporter.
761 995 218 55 Second
1034 994 183 54 series.
1295 994 169 54 Cases
1521 996 214 67 argued
1792 996 111 52 and
208 996 1907 131 determined

428 1075 59 51 in
515 1076 95 53 the
640 1075 275 67 Supreme
943 1078 187 48 courts
1159 1073 61 51 of
1251 1073 343 67 California,
1624 1075 242 65 Kansas,
1897 1075 247 67 Oregon,

206 1154 404 67 Washington,
654 1153 300 67 Colorado,
995 1154 297 64 Montana,
1332 1153 272 62 Arizona,
1645 1153 253 67 Nevada,
1941 1153 204 58 Idaho,

209 1232 327 68 Wyoming,
581 1232 176 59 Utah,
803 1232 138 51 New
984 1230 239 67 Mexico,
1269 1230 350 67 Oklahoma;
1667 1232 247 52 District
1957 1237 188 47 courts

211 1311 63 52 of
310 1313 205 65 appeal
552 1311 108 51 and
700 1310 308 67 Appellate
1045 1309 362 68 department
1442 1309 63 52 of
1540 1310 95 52 the
1676 1311 274 66 Superior
1986 1317 162 48 court

211 1389 63 52 of
311 1387 322 56 California
674 1389 112 52 and
824 1387 282 56 Criminal
1141 1393 161 47 court
1337 1387 64 52 of
1437 1390 232 65 appeals
1707 1389 63 51 of
1806 1389 340 55 Oklahoma,

212 1466 139 54 with
380 1467 109 67 key
519 1468 237 51 number
787 1465 379 53 annotations,
1231 1487 50 32 v.
1313 1469 67 49 27
1413 1466 127 67 (2d)
1618 1469 326 66 December,
212 1472 1936 140 1933-January,

531 1548 148 48 1934.
760 1545 82 54 St.
879 1546 165 66 Paul,
1080 1547 160 52 West
1275 1545 337 67 publishing
1649 1564 97 38 co.,
1785 1550 150 49 1934.

216 1620 133 40 xviii.
380 1620 113 40 1203
525 1630 40 37 p.
628 1619 54 39 26½
717 1621 43 21 cm
766 1652 6 6 .

149 1687 55 52 ©
233 1692 119 39 Mar.
385 1690 67 40 22.
484 1690 140 46 1934;
657 1690 65 39 2c.
754 1690 111 46 Apr.
898 1688 82 42 20:
1013 1688 80 40 aff.
1126 1689 112 47 Apr.
1270 1688 81 42 25:
1385 1689 40 38 A
1456 1689 170 47 71382;
1661 1690 133 41 West
1827 1690 109 48 pub.
1968 1702 68 29 co.

150 1805 251 69 Pickett,
433 1808 205 55 Elbert
669 1810 200 63 Deets,
903 1811 172 49 1885-

217 1888 383 66 Temperance
644 1886 112 52 and
796 1885 96 53 the
936 1885 287 69 changing
1265 1885 188 68 liquor
1496 1886 276 53 situation
1839 1887 92 67 [by]
1980 1888 172 52 Deets

148 1965 244 53 Pickett.
454 1965 141 52 New
621 1964 179 68 York,
827 1963 328 56 Cincinnati
1190 1970 137 61 [etc.]
1360 1965 121 52 The
1511 1965 316 53 Methodist
1853 1966 147 54 book
147 1986 1980 110 concern
313 2077 13 34 [
331 2050 17 21 c
353 2046 153 63 1934]

217 2117 86 40 176
336 2127 43 38 p.
440 2116 55 40 17½
528 2118 44 21 cm
577 2148 8 8 .

221 2174 376 49 Bibliography:
631 2185 43 37 p.
707 2173 217 41 167-176.

153 2242 50 52 ©
238 2248 120 37 Mar.
391 2245 68 48 19,
493 2246 139 45 1934;
667 2246 67 39 2c.
768 2245 93 39 and
896 2244 80 42 aff.
1012 2246 120 39 Mar.
1167 2246 80 46 26;
1283 2246 39 39 A
1357 2247 141 40 70796
1518 2258 7 36 ;
1563 2249 147 41 Deets
1745 2249 204 48 Pickett,
220 2253 1913 98 Washington.
476 2303 250 48 (34-7824)

147 2419 276 66 Seghers,
449 2421 160 52 Frau
636 2420 192 63 Anna,
860 2422 172 50 1900-

151 2496 1981 131 … Der kopflohn, roman aus einem deutschen dorf im spätsommer
423 2576 150 50 1932.
639 2574 384 67 Amsterdam,
1055 2574 252 64 Querido
1339 2576 215 69 verlag,
1587 2581 149 49 1933.

220 2645 89 42 265
334 2658 44 37 p.
438 2647 56 40 19
498 2649 43 21 cm
546 2679 8 8 .

156 2715 1998 60 © Dec. 15, 1933; 1c. Feb. 16, 1934; A-Foreign 23690; Querido verlag.
235 2776 249 48 (34-9194)

152 2893 193 65 Shaw,
372 2894 250 54 Wilfred
651 2895 217 63 Byron.

221 2972 56 51 A
309 2971 158 52 short
501 2972 223 67 history
756 2972 62 52 of
851 2974 94 51 the
978 2973 336 69 University
1349 2975 63 54 of
1444 2976 314 68 Michigan,
1793 2979 73 66 by
1900 2981 254 55 Wilfred

152 3049 66 52 B.
253 3050 187 55 Shaw.
515 3049 136 53 Ann
679 3050 208 67 Arbor,
916 3051 67 55 G.
1013 3053 198 66 Wahr,
1244 3056 149 50 1934.

228 3124 84 39 viii
344 3135 56 36 p.,
432 3124 24 37 2
523 3155 7 14 l.,
562 3124 83 39 157
677 3134 43 37 p.
750 3124 109 40 incl.
891 3124 147 40 front,
1070 3123 169 50 (port.)
1281 3126 141 48 illus.,
1456 3128 168 47 plates,
1688 3132 147 44 ports.
1897 3131 57 39 20
1956 3135 43 19 cm
2006 3166 7 8 .

230 3180 1927 51 “Chapters II, III, and IV are for the most part taken from a sketch
158 3237 51 40 of
242 3238 79 38 the
356 3236 270 47 university
660 3239 237 45 prepared
929 3238 78 39 for
1042 3239 79 39 the
1156 3239 329 49 forthcoming
1517 3242 354 48 Encyclopedia
1907 3246 50 38 of
158 3246 1984 95 Michigan.’'—Pref.

230 3350 349 48 Bibliography
598 3361 8 28 :
638 3360 40 38 p.
711 3350 216 41 152-153.

162 3415 50 52 ©
244 3421 121 39 Mar.
396 3420 69 46 28,
499 3420 139 46 1934;
674 3421 67 39 2c.
773 3422 100 41 and,
901 3421 81 40 aff.
1013 3421 113 48 Apr.
1158 3421 51 47 2;
1244 3423 41 38 A
1316 3422 170 47 70882;
1523 3424 182 50 George
1737 3428 163 40 Wahr.

240 3478 250 47 (34-7790)

161 3594 309 66 Sherman,
501 3596 132 62 Ray
659 3596 87 54 W.

232 3672 63 51 If
332 3690 112 50 you
483 3678 154 47 want
674 3677 59 48 to
772 3678 95 63 get
907 3673 198 69 ahead,
1144 3675 74 68 by
1257 3676 130 67 Ray
1423 3676 90 54 W.
1556 3676 296 56 Sherman.
1927 3682 234 68 Boston,

161 3749 196 67 Little,
384 3751 230 65 Brown,
642 3749 112 53 and
784 3769 296 51 company,
1111 3755 149 50 1934.

230 3823 64 47 ix,
328 3822 85 40 186
444 3833 44 38 p.
549 3822 55 41 19½
637 3825 44 21 cm
685 3854 9 9 .

165 3875 51 52 ©
243 3880 112 48 Apr.
385 3880 38 47 6,
452 3880 113 40 1934
584 3891 8 36 ;
621 3881 67 39 2c.
714 3882 97 40 and
839 3881 78 41 aff.
948 3882 112 48 Apr.
1091 3885 51 44 7;
1173 3884 38 38 A
1240 3884 167 42 71178;
1440 3886 54 40 R.
1525 3887 70 40 W.
1628 3888 249 49 Sherman,
1909 3892 237 45 Flushing

277 3969 7 7 L.
313 3937 51 47 I.,
391 3937 55 39 N.
474 3937 54 39 Y.
599 3936 251 50 (34-7820)
