2350 4196
1090 3996 97 49 909

207 431 60 45 vi,
298 431 112 39 1131
440 441 42 36 p.
540 431 55 39 26
599 433 43 20 cm
648 463 7 7 .

141 483 50 51 ©
221 487 115 47 July
365 487 68 46 23,
494 487 109 42 1934;
637 488 63 39 2c.
733 488 118 47 Aug.
881 488 52 44 4;
967 486 79 39 aff.
1079 486 114 47 July
1222 486 81 46 27;
1335 486 41 38 A
1406 484 169 47 74452;
1609 481 369 42 Bobbs-Merrill
2007 493 66 29 co.

132 646 235 66 Jepson,
399 649 325 65 Margaret,
758 649 169 51 1907-

263 724 54 52 Via
346 725 273 67 Panama,
648 725 73 68 by
749 725 295 68 Margaret
1073 724 230 67 Jepson.
1371 723 138 51 New
1541 721 162 52 York
1733 721 111 51 and
1875 720 258 65 London,

141 801 226 69 Harper
396 802 44 49 &
470 803 275 67 brothers,
777 806 149 49 1934.

205 875 26 40 3
258 885 43 37 p.
365 907 9 16 l.,
402 874 85 41 319
512 885 44 38 p.
619 875 55 41 19½
708 878 44 21 cm
757 908 7 8 .

213 931 160 41 “First
405 932 227 39 edition.”

142 999 50 51 ©
219 1004 114 46 July
418 1035 7 14 18,
453 1003 112 41 1934
585 1015 7 30 ;
620 1005 66 39 2c.
715 1006 94 38 and
835 1004 81 39 aff.
943 1004 114 47 July
1085 1003 54 40 20
1159 1014 7 35 ;
1194 1003 39 38 A
1259 1002 169 46 73519;
1459 1003 249 46 Margaret
1736 1001 180 46 Jepson
208 999 1910 103 Birkinshaw,

388 1061 268 47 Amberley,
690 1062 155 39 North
879 1061 325 46 Canberbury,
1238 1060 117 39 New
1390 1059 224 39 Zealand.

222 1117 279 48 (34-20214)

137 1221 129 63 Lee,
298 1221 226 64 George
555 1220 411 65 Washington,
1000 1226 170 49 1894-

209 1300 170 51 Beale
419 1303 188 62 street,
650 1299 185 52 where
875 1299 95 52 the
1011 1299 156 51 blues
1208 1298 183 66 began
1458 1297 91 67 [by]
1597 1295 221 68 George
1859 1295 90 52 W.
1992 1293 139 66 Lee;

140 1375 284 53 foreword
459 1377 75 67 by
567 1377 89 54 W.
692 1377 61 54 C.
792 1376 233 68 Kandy.
1095 1377 137 51 New
1268 1376 179 66 York,
1481 1376 69 51 R.
1588 1373 67 55 O.
1689 1374 211 51 Ballou
1938 1405 12 34 [
1955 1377 16 21 c
1977 1374 152 63 1934]

209 1449 84 40 296
324 1461 42 37 p.
428 1449 163 48 front.,
624 1452 148 46 ports.
833 1450 55 39 21
893 1452 42 21 cm
941 1483 7 7 .

143 1516 50 51 ©
229 1521 115 46 July
436 1552 7 15 18,
477 1521 139 46 1934;
653 1522 65 39 2c.
754 1521 95 39 and
883 1520 79 40 aff.
999 1521 114 47 July
1145 1520 82 46 20;
1265 1521 40 38 A
1339 1519 142 41 73530
1484 1531 2 10 1
1501 1530 8 35 ;
1549 1519 52 40 G.
1636 1519 71 39 W.
1743 1519 105 45 Lee,
1885 1517 251 47 Memphis,

209 1578 147 40 Tenn.
428 1578 279 49 (34-20400)

139 1680 216 65 Logan,
386 1680 300 64 Algernon
718 1681 254 64 Sydney,
1006 1685 323 50 1849-1925.

211 1758 191 54 Vistas
436 1759 153 53 from
624 1760 94 52 the
753 1764 226 63 stream,
1014 1759 74 68 by
1123 1758 292 69 Algernon
1459 1757 232 69 Sydney
1729 1757 225 68 Logan;
142 1774 1971 116 comments

357 1856 152 49 upon
550 1856 124 34 men
716 1839 112 51 and
867 1843 190 47 events
1101 1838 109 52 and
1252 1838 264 67 opinions
1556 1854 156 50 upon
1750 1835 106 53 life
1896 1835 111 53 and
2048 1840 90 49 art

147 1914 1989 64 jotted down in note books from 1881 to 1925 … Collected ed.
145 1994 421 67 Philadelphia,
608 1994 273 53 National
922 1994 335 69 publishing
1298 2012 296 50 company,
1635 1997 152 48 1934.

212 2067 25 38 2
265 2077 43 29 v.
368 2066 162 48 front.,
562 2068 156 47 plates
748 2067 131 47 (inch
909 2068 176 46 music)
1124 2071 147 45 ports.
1332 2067 55 38 22
1392 2071 42 20 cm
1440 2100 7 7 .

212 2124 1928 50 Vol. I includes Biographical sketch of the author by his son, Robert
141 2182 247 49 Restalrig
419 2183 176 48 Logan.

145 2237 50 51 ©
223 2242 125 39 June
372 2241 67 47 15,
467 2241 139 43 1934;
636 2240 65 40 2c.
730 2241 117 39 each
875 2240 114 47 July
1016 2240 81 47 11;
1126 2241 41 37 A
1191 2240 169 46 73378;
1391 2241 130 40 Natl.
1548 2242 107 46 pub.
1685 2253 65 28 co.

222 2298 278 48 (34-20386)

142 2403 360 61 Macdonald,
538 2404 62 54 V.
634 2404 158 62 May.

272 2478 1870 69 … Mental hygiene and the public health nurse; practical
143 2556 1937 69 suggestions for the nurse of today, by V. May Macdonald …
145 2633 1937 69 with a foreword to the first edition by Thomas W. Salmon …
144 2713 110 52 and
285 2732 71 33 an
384 2713 391 52 introduction
803 2718 57 47 to
890 2713 94 51 the
1014 2713 202 51 second
1245 2713 217 52 edition
1491 2714 75 67 by
1599 2713 220 70 Sanger
1850 2714 230 67 Brown,
2097 2731 47 35 n

206 2790 1936 69 … 2d ed. rev. and enl. Philadelphia, London [etc.] J. B.
145 2869 335 68 Lippincott
509 2887 278 50 company
825 2901 13 34 [
843 2874 17 21 c
866 2871 151 63 1934]

218 2944 92 46 xvi,
340 2944 55 38 72
425 2953 41 37 p.
528 2941 46 39 21
587 2945 41 19 cm
635 2974 7 7 .
716 2941 339 48 (Lippincott’s
1085 2941 202 48 nursing
1316 2942 247 48 manuals)

218 2999 408 40 “Recommended
663 2998 226 47 reading”
926 3001 51 36 at
1012 3000 90 38 end
1139 2999 49 38 of
1226 2999 371 46 “Introductory
1633 3000 291 39 statement”
1964 3002 94 39 and
2095 3000 51 40 of

147 3057 115 37 each
292 3058 200 44 chapter
521 3057 167 44 except
717 3056 199 45 chapter
947 3054 39 40 3.

151 3110 49 51 ©
228 3115 123 39 June
377 3113 69 48 20,
472 3113 113 40 1934
604 3125 7 35 ;
641 3113 66 39 2c.
734 3114 94 38 and
856 3112 79 39 aff.
965 3113 115 47 July
1106 3113 25 37 2
1151 3124 7 33 ;
1187 3113 40 38 A
1255 3113 142 40 73325
1416 3124 7 36 ;
1455 3114 42 40 J.
1525 3115 53 39 B.
1607 3114 277 48 Lippincott
1911 3123 65 32 co.

231 3171 278 48 (34-20416)

145 3276 172 64 Mills,
345 3275 205 54 Nellie.

228 3349 1916 70 Just as of old, by Nellie Mills … Philadelphia, Dorrance &
149 3448 293 49 company,
477 3431 103 50 inc.
619 3461 12 33 [
637 3434 16 21 c
659 3431 151 63 1934]

219 3502 85 41 260
331 3513 41 37 p.
433 3501 55 40 19½
522 3504 42 21 cm
571 3533 7 7 .

154 3558 50 51 ©
231 3563 114 42 July
369 3561 68 44 10,
464 3560 113 40 1934
596 3571 7 30 ;
634 3560 66 38 2c.
728 3559 114 46 July
869 3558 54 40 20
943 3569 7 30 ;
981 3558 81 39 aff.
1090 3558 114 48 July
1230 3558 80 47 19;
1342 3560 39 37 A
1407 3560 170 47 74278;
1608 3561 249 40 Dorrance
1883 3562 35 39 &
1945 3573 80 36 co.,
2054 3562 89 41 inc.

230 3617 277 50 (34-20213)

151 3722 334 63 Montague,
518 3721 214 62 Joseph
763 3718 300 64 Franklin,
1096 3723 169 49 1893-

220 3798 118 51 The
368 3796 233 53 modern
632 3800 305 47 treatment
970 3794 63 51 of
1063 3795 411 68 hemorrhoids,
1506 3796 76 68 by
1612 3796 218 69 Joseph
1862 3798 285 53 Franklin

152 3872 1992 72 Montague … foreword by Harlow Brooks … 116 illustrations.
