2350 4196
1166 4014 97 48 898

246 374 334 68 Littlefield,
613 379 205 64 Henry
848 379 239 57 Wilson.

377 454 1854 77 … An outline of the history of Europe, 1815 to 1934 (with
247 532 1986 78 maps) by Henry Wilson Littlefield … 3d ed. New York,
246 608 216 53 Barnes
494 614 45 49 &
571 612 197 66 Noble,
799 612 107 53 inc.
946 646 12 33 [
964 619 17 21 c
986 616 150 63 1934]

317 683 29 39 4
375 694 43 37 p.
486 713 7 16 l.,
527 684 97 47 189,
657 685 82 38 xvi
771 695 43 37 p.
875 685 127 41 illus.
1031 686 183 48 (maps)
1284 686 55 39 21
1344 689 43 21 cm
1392 719 9 8 .
1473 688 214 48 (College
1720 690 184 40 outline
1937 690 174 51 series)

317 739 373 49 Bibliography:
723 752 41 37 p.
796 741 199 40 vii-viii.

252 791 51 51 ©
334 796 114 47 July
476 797 39 45 3,
547 797 138 47 1934;
718 798 66 40 2c.
816 800 94 38 and
941 799 80 40 aff.
1053 799 115 47 July
1197 801 51 44 7;
1282 801 40 37 A
1352 800 168 44 74135;
1554 800 186 41 Barnes
1771 802 35 39 &
1835 802 162 49 Noble,
2030 804 90 40 inc.

332 852 277 49 (34-19689)

242 943 183 63 Lloyd
460 944 242 65 George,
737 946 207 55 David.

311 1019 111 52 Mr.
480 1023 185 66 Lloyd
723 1023 265 68 George’s
1046 1043 118 33 war
1218 1025 279 52 memoirs.
1597 1045 67 47 [V.
1725 1031 47 48 3.
1863 1029 368 52 Instalments

244 1101 186 63 19-23]

325 1173 83 47 (In
434 1169 199 43 London
661 1169 146 53 Daily
832 1170 278 53 telegraph,
1138 1172 125 43 June
1293 1173 163 51 18-22,
1487 1173 142 50 1934)

249 1224 1978 59 © 1c. each Aug. 16, 1934; A ad int. 19286; pubd. June 18, 19, 20, 21, 22;
315 1286 55 38 D.
399 1286 150 47 Lloyd
578 1286 194 48 George,
801 1288 211 39 London.

243 1361 219 62 Lynch,
494 1361 274 57 Richard.

311 1438 277 52 Freedom
628 1438 152 53 from
817 1440 126 52 fear
1003 1441 91 63 [by]
1138 1442 253 52 Bichard
1429 1443 212 61 Lynch.
1741 1444 137 50 [New
1918 1444 177 60 York]
2139 1446 88 53 W.

239 1517 385 66 Drey [ c 1934]
313 1590 27 39 6
367 1601 41 36 p.
473 1621 7 16 l.,
511 1591 140 39 5-253
681 1602 40 36 p.
779 1591 55 38 21½
868 1594 43 20 cm
916 1624 7 6 .

246 1642 50 51 ©
323 1647 126 39 June
474 1648 67 45 11,
569 1647 139 46 1934;
738 1647 64 40 2c.
833 1650 94 37 and
955 1648 81 40 aff.
1065 1649 124 38 June
1215 1649 53 39 13;
1326 1649 41 37 A
1395 1648 141 40 73676;
1594 1649 54 40 R.
1677 1649 176 47 Lynch,
1882 1650 119 38 New
2025 1650 143 42 York.

324 1703 278 48 (34-20741)

238 1777 220 65 Marks,
489 1778 237 65 Robert,
757 1780 83 52 ed.

315 1854 221 65 Wines;
582 1855 142 66 how,
771 1856 177 67 when,
993 1856 111 51 and
1150 1855 155 52 what
1346 1863 57 45 to
1449 1874 173 49 serve,
1666 1854 187 54 edited
1898 1855 73 68 by
2071 1855 156 52 Robert
248 1931 210 52 Marks.
520 1931 136 53 New
685 1931 176 67 York,

885 1931 276 69 Schenley
1186 1932 211 68 import
1424 1934 375 67 corporation,
1826 1936 149 50 1934.

312 2002 66 48 63,
418 2003 54 48 [1]
506 2013 43 37 p.
611 2003 127 40 illus.
767 2003 136 48 (part
936 2006 109 46 col.)
1117 2005 54 39 23½
1204 2007 44 21 cm
1254 2036 7 8 .

244 2060 50 51 ©
322 2065 113 46 May
460 2063 68 47 29,
556 2063 138 41 1934;
724 2064 67 39 2c.
820 2065 93 38 and
941 2063 79 40 aff.
1051 2064 115 47 July
1191 2065 51 44 3;
1273 2065 41 37 A
1342 2064 168 46 73285;
1545 2064 231 48 Schenley

1804 2065 180 47 import
311 2076 1897 84 corporation.
500 2119 278 48 (34-19646)

235 2193 272 66 Marling,
537 2196 219 63 Joseph
783 2196 208 61 Maria,
1023 2198 168 51 1904-

368 2273 1856 68 … The order of nature in the philosophy of St. Thomas
235 2350 1987 145 Aquinas, by Joseph M. Marling … Washington, D. C, The Catholic university
870 2428 64 54 of
961 2427 281 69 America,
1274 2433 149 51 1934.

310 2503 82 47 xii,
422 2503 84 40 187
535 2513 43 37 p.
633 2502 54 40 23
692 2504 43 21 cm
741 2534 8 8 .

305 2561 63 39 At
393 2560 124 39 head
544 2559 51 39 of
620 2559 134 40 title:
782 2559 100 39 The
908 2558 219 41 Catholic
1155 2557 269 50 university
1449 2560 52 40 of
1528 2559 236 41 America.

307 2617 170 39 Thesis
514 2616 105 47 (PH.
679 2614 324 48 D.)—Catholic
1031 2615 269 49 university
1325 2616 52 40 of
1403 2615 236 48 America,
1667 2616 127 40 1934.

308 2674 128 39 Vita.

307 2729 373 48 Bibliography:
710 2739 41 37 p.
781 2727 214 41 179-185.

239 2782 53 52 ©
318 2788 112 45 May
457 2786 67 46 28,
552 2785 139 46 1934;
721 2785 66 40 2c.
816 2786 94 38 and
938 2784 81 40 aff.
1048 2785 125 40 June
1198 2785 81 46 27;
1310 2786 40 37 A
1378 2785 168 46 74004;
1579 2784 218 41 Catholic
1825 2785 127 39 univ.
1980 2785 54 40 of
307 2785 1896 98 America.
468 2841 276 48 (34-19679)

235 2919 308 66 [Massard,
579 2916 303 68 Secondin]

372 2990 1850 57 … The art and secrets in the manufacture of wines and
241 3071 210 67 liquors
492 3071 301 67 according
828 3077 59 46 to
925 3070 224 53 ancient
1183 3070 110 52 and
1330 3070 233 54 modern
1601 3068 402 55 international
237 3068 1956 148 methods—requiring
721 3167 72 33 no

817 3147 340 69 machinery.
1218 3148 113 51 For
1355 3149 271 67 students,
1653 3161 279 39 amateurs
1956 3146 112 53 and
240 3164 1955 116 professionals;
593 3225 424 68 supplemented
1043 3226 139 52 with
1212 3244 27 32 a
1270 3226 232 67 chapter
1530 3245 70 33 on
1627 3227 94 52 the
1751 3225 135 52 food
1915 3225 161 52 value
2107 3225 110 51 and

235 3304 302 53 medicinal
559 3303 313 68 properties
894 3303 63 53 of
977 3303 381 53 wines—with
1382 3303 276 52 formulas
1680 3303 91 52 for
1794 3302 234 68 making
2048 3302 170 67 them,

239 3381 277 67 compiled
554 3381 110 52 and
702 3382 227 52 written
963 3380 74 68 by
1075 3380 194 54 Bruno
1306 3381 306 68 La-Vogue
1716 3383 168 66 [pseud.]
1926 3380 291 68 enologist,

241 3458 137 53 with
401 3458 206 66 special
631 3458 380 53 contribution
1034 3457 73 68 by
1131 3457 303 69 European
1459 3458 161 52 mfrs.
1646 3459 111 55 and
1784 3459 157 51 other
238 3456 1953 132 authorities.
413 3535 133 52 New
577 3536 176 66 York,
781 3536 120 53 The
927 3534 306 68 La-Vogue
1261 3536 129 68 pub.
1421 3554 76 35 co.
1535 3570 12 34 [
1552 3543 17 21 c
1575 3539 133 48 1934
1713 3570 12 33 ]

305 3606 53 39 63
390 3617 42 37 p.
490 3607 53 39 23
548 3609 43 21 cm
597 3639 8 7 .
719 3605 128 49 $1.75

307 3663 71 40 On
404 3675 164 28 cover:
598 3664 122 39 How
747 3666 46 37 to
820 3664 152 46 make,
1000 3663 113 48 mix,
1141 3673 147 38 serve,
1316 3665 148 40 wines
1493 3668 94 38 and
1616 3666 181 47 liquors
1824 3668 96 38 and
1947 3667 137 38 other
235 3674 1961 86 confidential
488 3720 330 41 information.

306 3777 100 39 “An
435 3778 373 46 extraordinary
837 3775 249 42 collection
1116 3777 52 39 of
1196 3778 207 40 selected
1432 3780 95 39 and
1554 3780 232 46 practical
1817 3779 240 40 formulas
2084 3778 127 40 from

235 3843 23 29 a
293 3834 238 40 lucrative
564 3834 265 47 industry.”

236 3890 51 50 ©
317 3894 125 39 June
469 3895 38 44 8,
537 3894 138 46 1934;
708 3894 64 40 2c.
804 3896 94 37 and
929 3893 80 40 aff.
1040 3894 125 38 June
1193 3894 79 45 11;
1306 3894 40 37 A
1376 3893 141 39 73022;
1581 3895 42 39 S.
1656 3896 236 46 Massard,
1924 3895 114 38 New
2075 3894 137 39 York.

317 3950 276 48 (34-19645)
