2350 4196
1096 4003 96 49 895

228 434 85 41 244
341 445 42 37 p.
445 435 53 39 20½
532 437 43 21 cm
581 469 7 7 .

228 491 347 50 Bibliography:
633 504 43 36 p.
705 492 216 41 241-242.

160 547 50 51 ©
240 551 120 41 Mar.
389 550 39 46 2,
460 551 138 46 1934;
630 551 65 39 2c.
728 551 126 41 June
882 551 81 46 20;
995 550 81 40 aff.
1108 550 127 39 June
1260 549 55 40 23;
1375 550 41 38 A
1444 549 168 49 74195;

1646 551 52 39 A.
1730 549 208 50 Henkin,
228 552 1904 103 Brooklyn.
394 607 279 48 (34-19802)

155 697 253 66 [Hester,
440 697 220 54 Robert
696 696 314 68 Fordham]
1052 699 166 50 1896-

223 773 94 58 An
353 776 390 52 ultramodern
780 775 309 68 oligarchic
1124 772 334 68 manifesto;
1500 794 79 46 or,
1615 776 56 51 A
1706 776 199 52 herald
1945 776 63 51 of
2043 777 95 52 the

155 849 1990 137 ultimate society, by R. Frederick Hester [pseud.] and M. Hugh Cembrook … New
806 932 177 68 York,
1012 933 121 51 The
1159 931 408 54 Ultramodern
1597 949 156 50 press
1787 966 12 33 [
1804 938 18 21 c
1828 936 151 56 1934]

228 1003 704 51 2 p. l., 7-118 p., 1 l. 15 crn .
157 1059 51 52 ©
236 1063 113 48 May
375 1063 67 46 20,
470 1063 139 47 1934;
637 1064 66 39 2c.
731 1064 95 39 and
853 1063 79 40 aff.
962 1063 126 39 June
1112 1063 53 45 4;
1194 1063 40 37 A
1262 1061 169 48 72603;
1463 1062 345 41 Ultramodern
1836 1072 148 39 press.

234 1120 278 48 (34-19850)

148 1207 415 68 Hitschmann,
598 1212 257 62 Eduard,
892 1208 170 55 1871-

219 1288 108 53 Die
365 1288 503 69 geschlechtskälte
909 1289 99 52 der
1046 1288 151 66 frau,
1234 1289 92 53 ihr
1364 1306 181 35 wesen
1582 1288 118 53 und
1736 1288 125 54 ihre
149 1289 1973 146 behandlung,

150 1364 1974 135 von dr. Eduard Hitschmann … und dr. Edmund Bergler …
397 1444 185 68 Wien,
612 1444 145 54 “Ars
787 1444 264 69 Medici”,
1082 1448 148 50 1934.

226 1520 68 47 87,
327 1521 54 48 [1]
413 1530 40 38 p.
512 1519 178 48 diagrs.
747 1519 57 39 24½
837 1521 44 21 cm
886 1552 7 7 .

155 1569 1994 56 © Jan. 1, 1934; 1c. Feb. 9; A-Foreign 23766; Eduard Hitschmann and
222 1634 222 40 Edmund
473 1634 212 47 Bergler,
716 1632 201 41 Vienna.
988 1632 279 48 (34-20073)

149 1710 233 54 Hooker
416 1706 501 57 electrochemical
953 1724 305 48 company.

221 1783 192 56 Mural
455 1785 296 68 paintings
791 1784 76 69 by
908 1784 239 53 Francis
1190 1783 161 55 Scott
1392 1783 299 55 Bradford
1733 1785 60 52 in
1836 1786 94 52 the
1972 1783 177 56 offices

151 1863 63 53 of
237 1863 92 54 the
354 1862 234 54 Hooker
614 1862 479 54 electrochemical
1117 1879 296 45 company,
1439 1861 138 55 New
1604 1863 164 52 York
1792 1864 131 59 city.
2010 1863 133 55 [New

152 1941 179 68 York]
371 1945 150 49 1934.

224 2013 68 51 [27]
338 2026 42 37 p.
441 2025 32 28 x
502 2014 228 40 mounted
759 2013 128 41 illus.
946 2012 57 41 25½c
1052 2014 27 22 m
1084 2045 7 8 .

156 2071 51 51 ©
242 2074 127 40 June
398 2074 69 45 20,
500 2073 141 46 1934;
676 2073 66 39 2c.
776 2071 127 40 June
934 2072 82 45 30;
1052 2070 79 41 aff.
1168 2072 126 39 June
1324 2072 83 46 29;
1442 2072 41 40 A
1516 2073 170 46 74117;
1723 2074 196 39 Hooker

221 2075 1911 96 electrochemical
483 2141 80 37 co.,
593 2130 116 39 New
737 2130 143 39 York.
955 2127 279 50 (34-19709)

150 2208 260 63 Hudson,
446 2206 238 56 Estelle.

222 2281 178 56 Czech
450 2282 257 68 pioneers
753 2281 64 53 of
861 2282 96 52 the
1006 2280 340 68 Southwest,
1392 2281 76 69 by
1517 2281 215 53 Estelle
1776 2282 264 70 Hudson,
2090 2283 56 52 in

152 2360 408 55 collaboration
603 2360 143 52 with
788 2358 204 70 Henry
1035 2358 69 52 R.
1150 2358 245 53 Maresh.
1477 2358 219 69 Dallas,
1739 2361 155 68 Tex.,
152 2360 1974 133 Southwest
317 2458 173 49 press,
520 2439 106 51 inc.
664 2471 12 33 [
681 2443 18 21 c
705 2440 150 63 1934]

220 2521 77 39 xv,
326 2512 86 40 418
441 2522 42 37 p.
543 2512 84 39 col.
658 2510 165 47 front.,
854 2510 141 46 illus.,
1028 2509 169 48 plates,
1226 2511 163 45 ports.,
1420 2508 189 44 facsim.
1669 2510 56 39 24
1729 2513 44 21 cm
1778 2544 8 7 .

226 2568 132 43 “List
387 2568 52 41 of
464 2567 152 41 Czech
643 2566 148 41 books
820 2567 47 39 in
898 2567 81 39 the
1008 2566 221 40 Houston
1259 2566 161 47 public
1451 2566 239 48 library”:
1721 2578 43 38 p.
1793 2568 217 46 387-389.

156 2625 52 52 ©
232 2628 114 49 July
370 2628 39 45 5,
434 2627 139 46 1934;
602 2626 64 40 2c.
694 2626 115 46 July
833 2625 81 45 14;
942 2624 80 41 aff.
1048 2625 116 47 July
1188 2625 81 47 13;
1297 2626 40 37 A
1361 2625 170 48 73421;
1563 2625 293 42 South-west
1881 2638 149 38 press,
2057 2629 89 40 inc.

234 2683 280 50 (34-19998)

150 2759 294 65 Huebner,
475 2759 270 55 Solomon
776 2758 75 63 S.,
884 2758 171 50 1882-

224 2836 440 70 Opportunities
699 2835 63 52 of
793 2834 95 53 the
919 2833 106 53 life
1054 2835 376 53 underwriter
1461 2835 61 53 in
1553 2836 96 52 the
1683 2837 148 67 light
1864 2838 63 52 of
1960 2845 184 48 recent

155 2923 207 59 events,
405 2915 140 53 with
589 2912 285 69 principal
916 2912 283 67 emphasis
1241 2930 154 50 upon
1437 2915 368 68 partnership
1849 2918 111 52 and
2002 2918 145 54 close

154 2989 1991 77 corporation insurance, by Dr. S. S. Huebner … [Springfield,
153 3073 189 68 Mass.,
368 3079 17 20 c
391 3076 150 62 1934]

225 3146 56 41 37
309 3156 30 37 p
412 3145 58 40 19½
500 3147 43 21 cm
550 3177 6 7 .

158 3197 1971 105 © June 28, 1934; 2c. and aff. July 5; A 73302; S. S. Huebner, ℅ Massachusetts
469 3259 190 39 mutual
686 3257 88 39 life
799 3256 261 40 insurance
1084 3266 81 37 co.,
1196 3255 303 49 Springfield,
1531 3259 146 40 Mass.

237 3316 279 51 (34-19856)

153 3394 262 65 Hughes,
445 3391 156 55 John
634 3389 71 56 A.

159 3460 1969 156 … The Light of the world. Delivered at Arch street meeting house,
492 3538 1658 80 Philadelphia, by John A. Hughes … Philadelphia,
157 3624 309 54 Published
498 3623 75 67 by
606 3621 95 52 the
734 3618 164 53 Book
930 3618 318 53 committee
1283 3619 65 53 of
1379 3620 99 52 the
1510 3620 294 71 Religious
1841 3625 213 70 society
2088 3626 60 53 of

156 3702 241 55 Friends
425 3700 63 53 of
514 3696 409 68 Philadelphia
952 3696 112 52 and
1092 3696 242 69 vicinity
1369 3730 12 33 [
1385 3702 20 22 c
1410 3700 151 66 1933]

229 3776 99 43 viii.
356 3775 56 40 56
438 3784 41 37 p.
540 3773 58 39 18½
628 3772 44 22 cm
676 3803 8 7 .
757 3769 238 48 (William
1024 3768 131 41 Penn
1182 3769 197 49 lecture,
1408 3768 138 52 1933)

161 3832 51 51 ©
236 3836 112 46 Apr.
373 3833 68 46 31,
467 3831 140 45 1933;
634 3830 66 39 2c.
727 3829 122 39 Mar.
876 3826 38 48 9,
941 3826 141 47 1934;
1111 3826 81 40 aff.
1219 3828 121 40 Mar.
1367 3828 53 46 3;
1447 3829 41 39 A
1515 3830 170 40 70568:
1715 3833 134 40 Book
1876 3834 276 45 committee

231 3892 49 40 of
304 3892 84 37 the
411 3887 247 48 Religious
682 3896 79 29 soc.
802 3883 48 41 of
878 3883 203 40 Friends
1108 3882 49 41 of
1182 3881 339 51 Philadelphia
1549 3888 95 40 and
1672 3888 215 49 vicinity.

239 3945 279 52 (34-20012)
