2350 4196
1129 4004 97 50 559

178 350 300 67 Hoffman,
506 355 154 52 Ross
683 354 153 53 John
865 354 244 62 Swartz,
1140 355 169 49 1902-

255 429 380 69 Restoration,
673 428 73 70 by
782 429 142 53 Ross
959 429 53 53 J.
1054 428 55 53 S.
1151 426 292 55 Hoffman.
1517 428 135 51 New
1694 427 178 69 York,
1912 428 181 54 Sheed
2132 431 44 49 &

191 506 188 68 Ward,
419 510 150 48 1934.

253 589 32 28 x
311 588 57 37 p.,
394 578 26 38 2
468 610 22 17 l.,
518 578 145 41 3-205
688 590 42 37 p.
787 578 58 41 19½
875 581 44 21 cm
924 610 8 8 .

252 635 349 49 Bibliography
632 636 224 40 included
886 636 50 39 in
965 635 209 49 preface.

185 692 50 52 ©
261 697 113 46 May
397 697 39 46 3,
462 695 140 47 1934;
630 696 65 39 2c.
724 697 94 39 and
845 695 80 41 aff.
952 696 113 47 May
1089 696 54 45 4;
1171 695 38 38 A
1235 694 170 47 72291;
1438 695 153 40 Sheed
1619 695 35 40 &
1679 696 163 47 Ward,
1871 697 90 39 inc.

261 752 279 49 (34-12013)

180 841 274 65 Holbeck,
483 842 198 53 Elmer
709 844 184 60 Scott,
923 847 169 48 1893-

247 921 95 52 An
378 921 248 67 analysis
662 920 63 53 of
759 921 94 51 the
889 919 281 53 activities
1205 920 112 52 and
1352 917 410 70 potentialities
1800 917 93 55 for
177 920 1977 131 achievement
361 997 64 54 of
453 998 94 54 the
578 997 456 68 parent-teacher
1065 998 353 66 association,
1447 997 140 53 with
1617 995 561 70 recommendations,

177 1075 2002 69 by Elmer S. Holbeck … New York city, Teachers college,
179 1153 299 55 Columbia
509 1155 335 66 university,
880 1158 149 49 1934.

248 1228 81 47 vii,
372 1228 86 40 126
497 1239 43 37 p.
602 1228 178 48 diagrs.
840 1229 55 39 23½
929 1230 43 21 cm
978 1259 8 8 .
1057 1228 263 46 (Teachers
1363 1228 191 48 college,
1599 1227 250 41 Columbia
1892 1227 283 49 university.

179 1285 366 41 Contributions
572 1287 49 38 to
651 1285 271 48 education,
952 1296 73 29 no.
1055 1284 109 48 601)

249 1343 170 39 Issued
448 1343 103 39 also
579 1353 53 29 as
661 1341 152 41 thesis
843 1341 106 48 (PH.
1008 1343 34 45 D.)
1080 1340 248 42 Columbia
1359 1341 286 48 university.

249 1399 347 47 Bibliography:
659 1410 42 36 p.
736 1398 216 40 101-102.

184 1452 50 52 ©
263 1458 122 39 Mar.
413 1457 38 46 8,
479 1456 141 47 1934;
648 1457 68 39 2c.
745 1457 120 38 Mar.
894 1456 82 45 31;
1007 1455 81 41 aff.
1117 1456 121 40 Mar.
1265 1456 55 39 27;
1379 1455 41 39 A
1447 1455 170 46 71104;
1649 1457 51 38 E.
1733 1455 43 42 S.
1806 1456 229 47 Holbeck,
253 1456 1908 105 Passaic,
393 1514 53 40 N.
474 1515 39 39 J.
580 1513 279 48 (34-11409)

181 1588 297 66 Hollister,
508 1592 138 51 Mrs.
679 1590 173 62 Mary
882 1590 358 64 (Brewster)

251 1667 159 53 Back
442 1667 62 53 of
535 1668 95 52 the
662 1667 325 65 mountain;
1022 1686 31 33 a
1084 1668 112 51 tale
1230 1668 62 51 of
1324 1684 192 50 young
1550 1666 187 54 China
1771 1667 111 51 and
1913 1667 94 51 the
183 1666 1972 147 People’s
365 1750 189 64 party,
599 1745 74 68 by
720 1745 169 68 Mary
934 1746 283 51 Brewster
1326 1745 234 52 Hollister.
1641 1744 137 52 New
1826 1744 161 52 York
2056 1749 120 60 [etc.]

182 1824 266 68 Fleming
474 1823 76 52 H.
581 1823 199 53 Revell
809 1841 278 50 company
1123 1855 12 34 [
1141 1830 17 21 c
1163 1825 151 64 1934]

253 1898 84 39 155
367 1908 41 37 p.
470 1897 84 40 194
558 1899 15 21 cm
608 1930 7 7 .

184 1950 54 52 ©
262 1955 114 47 Apr.
403 1953 69 48 28,
501 1954 113 40 1934;
673 1954 54 39 2c.
769 1955 95 38 and
893 1953 81 41 aff.
1003 1954 113 47 May
1144 1954 51 46 7;
1227 1954 39 38 A
1296 1953 169 47 72330;
1499 1953 218 48 Fleming
1746 1953 60 40 H.
1837 1953 167 39 Revell
2031 1963 51 30 co.

259 2011 280 49 (34-11657)

176 2088 197 64 Jones,
403 2086 178 54 Louis
608 2087 391 66 Winchester,
1029 2088 83 51 ed.

254 2165 177 51 These
470 2163 217 55 United
728 2162 215 66 States;
987 2168 429 63 contemporary
1455 2181 185 50 essays
1681 2162 93 53 for
1814 2161 206 67 college
185 2167 1967 143 students,
397 2241 237 55 selected
674 2241 111 53 and
821 2241 187 54 edited
1043 2241 74 68 by
1153 2239 172 55 Louis
1358 2240 89 57 W.
1485 2241 190 64 Jones,
1710 2238 254 54 William
2002 2239 173 69 Huse,

185 2317 1991 71 jr., Harvey Eagleson … New York, R. Long & R. R. Smith,
188 2402 147 49 1933.

254 2470 542 48 5 p. l., 602 p. 22 cm .
184 2527 50 52 ©
265 2533 114 46 May
407 2532 39 46 1,
476 2531 141 46 1934;
647 2531 66 40 2c.
744 2531 115 46 May
887 2531 52 45 3;
972 2529 81 40 aff.
1086 2531 113 47 May
1227 2531 53 46 2;
1312 2531 42 38 A
1383 2529 169 48 72275;
1586 2530 39 38 L.
1667 2531 71 39 W.
1770 2530 161 47 Jones,
1963 2528 215 42 William

252 2590 148 46 Huse,
420 2588 75 47 jr.,
515 2589 94 38 and
629 2588 197 46 Harvey
847 2587 252 47 Eagleson,
1118 2586 268 47 Pasadena,
1407 2586 143 41 Calif.
1610 2586 280 48 (34-12003)

183 2663 180 65 Keitt,
391 2665 334 53 Lawrence.

251 2744 94 52 An
388 2742 309 53 annotated
737 2740 407 67 bibliography
1185 2740 64 53 of
1292 2740 450 68 bibliographies
1786 2740 63 52 of
1890 2743 284 63 statutory

184 2819 287 53 materials
519 2819 63 52 of
627 2820 94 51 the
768 2819 217 53 United
1034 2819 204 66 States,
1283 2819 76 66 by
1404 2820 303 51 Lawrence
1752 2818 180 53 Keitt.
180 2817 1970 148 Cambridge,
424 2897 274 52 Harvard
726 2897 319 66 university
1069 2915 173 48 press,
1273 2901 148 49 1934.

253 2969 115 50 xvii,
400 2969 82 40 191
513 2980 42 37 p.
616 2969 55 40 23
675 2971 44 21 cm
725 3000 7 8 .
803 2968 299 48 (Half-title:
1132 2969 228 40 Harvard
1392 2969 150 40 series
1571 2969 52 39 of
1648 2968 126 48 legal
1803 2967 375 48 bibliographies

233 3027 125 48 … II)
523 3082 462 47 CONTENTS.—Bibliographies
1013 3082 51 40 of
1092 3083 81 39 the
1202 3084 153 39 states
1383 3084 94 39 and
1505 3084 82 38 the
1615 3081 179 41 United
1824 3081 352 41 States.—Law

184 3138 182 50 library
397 3139 575 48 catalogues.—Selected
1002 3139 367 41 miscellaneous
1397 3140 292 47 catalogues.

184 3193 54 52 ©
264 3199 115 46 May
407 3199 37 42 7,
475 3197 139 46 1934;
645 3197 66 40 2c.
742 3198 94 38 and
865 3195 70 41 aff
977 3198 113 46 May
1119 3197 80 47 11;
1231 3198 43 39 A
1300 3197 170 47 71567;
1501 3196 258 41 President
1784 3197 95 39 and
1908 3195 189 40 fellows
2127 3194 51 41 of

254 3256 230 38 Harvard
514 3255 190 46 college,
737 3253 300 48 Cambridge,
1068 3255 144 39 Mass.
1283 3253 279 49 (34-11976)

179 3329 84 52 La
288 3329 208 63 Brant,
524 3330 124 51 Lou
675 3329 80 52 Le
783 3328 239 53 Vanche.

311 3402 1860 73 … A study of certain language developments of children in
182 3485 202 66 grades
415 3484 132 53 four
575 3490 57 46 to
660 3485 217 66 twelve,
905 3485 299 67 inclusive;
1238 3484 153 54 from
1419 3486 95 51 the
1544 3486 380 64 Department
1952 3480 64 54 of
183 3482 1966 132 educational
459 3562 350 67 psychology
836 3561 64 53 of
928 3563 428 52 Northwestern
1383 3561 335 66 university,
1746 3561 76 65 by
1846 3561 122 50 Lou
1998 3560 63 50 L.
2091 3559 81 50 La

183 3639 1670 66 Brant … Worcester, Mass., Clark university, c 1934.
252 3708 1923 52 p. 387-491. diagrs. 25 cm . (Genetic psychology monographs … vol.
187 3777 97 39 xiv,
311 3779 74 30 no.
416 3768 49 47 5)

257 3823 347 42 “References”:
667 3835 43 37 p.
737 3824 216 41 487-488.

186 3877 51 51 ©
263 3883 120 38 Mar.
410 3882 68 46 15,
505 3882 113 39 1984;
672 3882 66 39 2c.
767 3882 119 39 Mar.
914 3882 54 40 19;
1025 3882 81 40 aff.
1134 3884 120 39 Mar.
1279 3883 82 45 28;
1390 3882 40 38 A
1457 3881 141 40 71063;
1657 3880 147 41 Clark
1831 3879 128 39 univ.

263 3937 278 49 (34-11979)
