2350 4196
1102 4003 129 53 1775

254 427 129 40 “One
407 428 50 37 of
484 430 79 37 the
588 428 260 39 numbered
876 428 157 47 copies
1062 427 50 37 of
1137 426 78 39 the
1241 425 105 40 first
1371 425 196 46 edition,
1592 424 184 40 limited
1807 427 46 36 to
1881 422 113 41 1000
2019 423 157 48 copies

184 486 122 45 only,
339 485 92 38 and
468 485 253 47 published
755 485 46 38 in
834 486 214 38 advance
1080 483 51 40 of
1165 484 78 38 the
1275 483 203 47 popular
1510 482 180 39 edition
1723 492 54 29 as
1810 492 25 28 a
1871 481 175 46 special
185 480 1971 100 edition
312 542 56 38 de
395 542 124 37 luxe.
581 541 100 39 The
708 541 201 40 numher
934 541 51 39 of
1010 540 97 40 this
1132 551 116 36 copy
1278 540 66 38 is:
1373 540 126 38 252.”

182 609 1883 51 © Dec. 19. 1934: 2c. Dec. 26; aff. Dec. 27; A 77875; Mayfair press.
260 671 219 45 (35-461)

181 770 188 67 Vinal,
398 774 238 64 Harold,
671 780 169 49 1891-

251 850 161 56 Attic
455 851 93 52 for
589 854 94 52 the
726 852 387 67 nightingale;
1159 871 29 32 a
1232 851 163 52 sheaf
1435 851 64 51 of
1539 850 275 54 informal
1854 868 205 48 essays,
2101 850 73 63 by

180 929 223 52 Harold
436 930 190 53 Vinal.
705 930 379 57 Brattleboro,
1116 931 249 65 Stephen
1396 931 161 64 Daye
1592 947 172 48 press,
1797 933 149 47 1934.

251 1002 55 40 83
335 1014 40 37 p.
438 1002 55 39 20
497 1005 42 20 cm
547 1036 6 6 .

183 1070 1995 52 © Dec. 19, 1934; 2c. Dec. 29: aff. Dec. 28: A 78754: H. Vinal, New York.
261 1131 219 48 (35-462)

185 1233 407 67 Washington,
640 1238 68 53 D.
759 1238 60 51 0.
895 1238 107 54 Mt.
1052 1237 86 54 St.
1185 1234 318 65 Sepulchre
1539 1236 375 66 (Franciscan
250 1253 1906 127 monastery)

256 1389 186 54 Guide
480 1396 56 47 to
576 1391 93 54 the
709 1391 343 53 Franciscan
1088 1396 340 62 monastery,
1466 1388 400 69 Washington,
1903 1389 70 52 D.
2016 1388 92 67 C.;
2151 1408 24 32 a

187 1466 341 70 pilgrimage
576 1473 55 50 to
680 1468 129 54 “the
853 1469 157 66 Holy
1055 1468 161 52 Land
1266 1467 62 53 of
1374 1467 317 66 America”,
1737 1468 256 67 together
2043 1468 137 52 with

186 1562 166 50 many
388 1546 337 67 interesting
757 1545 146 53 facts
935 1546 169 54 about
1135 1545 93 54 the
1263 1543 185 54 Order
1479 1544 63 52 of
1574 1543 83 55 St.
1695 1544 237 54 Francis
1963 1545 110 51 and
2108 1547 74 51 its

187 1622 154 52 work
381 1624 56 52 in
481 1623 95 52 the
617 1623 154 67 Holy
811 1622 163 54 Land
1016 1622 111 53 and
1168 1622 279 53 America.
1528 1621 417 69 [Washington,
1986 1622 71 53 D.
2101 1621 81 70 C.,

190 1700 265 54 National
488 1699 210 68 capital
734 1718 172 49 press,
936 1701 126 65 inc.,
1093 1707 17 20 c
1117 1702 133 50 1934]

253 1774 1456 50 159, [1] p. incl. front., illus., port., plan, facsim. 17c m .
254 1832 227 40 “Printed
520 1831 353 48 ‘Intagliotone’
907 1831 235 48 process.”

255 1889 166 40 “Fifth
453 1890 177 44 editon,
663 1888 154 41 1934.”

186 1956 50 51 ©
269 1961 126 40 June
424 1960 68 43 22,
526 1960 137 40 1934;
699 1961 63 38 2c.
799 1960 124 39 June
955 1960 80 40 25:
1071 1959 78 39 aff.
1182 1959 125 39 June
1337 1961 80 37 26:
1453 1960 39 38 A
1525 1959 167 41 73237:
1730 1959 370 40 Commissariat
2134 1960 49 40 of

254 2019 78 37 the
369 2018 126 38 iloiv
532 2018 149 39 Land,
718 2017 331 47 Washington.
1119 2017 278 48 [Copyright
1433 2017 40 39 is
1511 2017 204 40 claimed
1751 2029 59 28 on
1845 2029 102 28 new
1985 2018 94 38 and
254 2027 1912 87 revised
421 2075 222 39 material]
736 2075 220 47 (35-498)

184 2177 298 65 Wearner,
514 2180 217 51 Alonzo
759 2178 238 64 Joseph,
1031 2183 168 49 1892-

257 2254 448 53 Fundamentals
742 2254 62 52 of
841 2253 165 54 Bible
1046 2254 279 66 doctrine;
1365 2256 150 66 sixty
1553 2254 212 52 studies
1803 2253 58 53 in
1902 2255 93 52 the
2034 2254 150 53 basic

186 2331 149 54 facts
360 2331 62 52 of
448 2332 94 53 the
568 2331 344 68 everlasting
935 2331 193 68 gospel
1157 2332 278 67 arranged
1464 2331 93 54 for
1585 2332 199 53 classes
1810 2333 59 51 in
1896 2332 286 54 advanced

188 2408 1991 68 Bible doctrines, by Alonzo J. Wearner … 2d ed. Takoma
186 2485 172 70 Park,
391 2487 401 67 Washington,
824 2486 69 51 D.
928 2485 80 69 C.,
1041 2485 178 55 South
1256 2486 179 68 Bend,
1468 2486 127 53 Ind.
1740 2520 30 34 [etc.]
1808 2488 225 52 Review
2072 2488 106 51 and

187 2564 192 53 herald
416 2564 333 67 publishing
775 2581 142 36 assn.
955 2598 12 32 [
973 2571 17 20 c
997 2566 130 49 1935
1136 2597 11 34 ]

252 2641 84 37 421
367 2651 41 36 p.
468 2640 176 47 diagrs.
704 2638 55 40 20
762 2640 44 21 cm
812 2671 7 7 .

187 2706 1995 51 © Dec. 20. 1934; 2c. Dec. 22; aff. Dec. 24: A 77838; Review & herald
256 2769 104 46 pub.
396 2779 126 28 assn.
596 2766 219 48 (35-499)

184 2872 303 56 Welliwan,
519 2871 224 54 Sterrie
776 2874 67 51 A.

260 2946 172 53 God’s
474 2952 247 62 greatest
764 2945 144 68 gift;
956 2965 27 33 a
1030 2946 168 66 study
1243 2948 63 52 of
1349 2948 94 53 the
1487 2949 310 53 thirteenth
1844 2949 233 67 chapter
2121 2948 62 53 of

190 3022 1993 71 First Corinthians, by Sterrie A. Wellman … Nashville, Tenn.,
188 3101 284 54 Southern
503 3099 333 69 publishing
868 3102 333 53 association
1239 3137 11 33 [
1257 3111 17 20 c
1281 3105 133 49 1934
1419 3137 12 33 ]

255 3177 55 40 80
337 3188 40 36 p.
435 3175 55 40 19½cm.

187 3242 1982 56 © July 2, 1934; 2c. Dec. 20: aff. Dec. 24; A 77847: Southern pub assn.
254 3304 51 39 of
338 3304 207 39 Seventh
577 3304 94 44 day
701 3303 285 47 adventists,
1018 3305 262 39 Nashville.
1354 3306 220 46 (35-493)

186 3406 424 64 Wenckebach,
641 3407 144 52 Karl
818 3406 323 67 Friedrich,
1176 3415 170 49 1864-

252 3481 119 54 Das
418 3481 434 68 beriberi-herz;
906 3485 409 68 morphologie,
1366 3485 204 68 klinik,
1625 3487 393 69 pathogenese,
2073 3506 104 34 von

185 3559 1995 73 dr. K. F. Wenckebach … mit 38 abbildungen. Berlin und
186 3636 182 67 Wien,
397 3637 53 53 J.
484 3636 297 69 Springer,
811 3640 150 51 1934.

259 3708 1924 55 vi p., 1 l., 106 p. illus., diagrs. 24½ cm . (Added t.-p.: Pathologie und
187 3764 1084 52 klinik in einzeldarstelhingen … bd. VI)
263 3821 635 42 “Literaturverzeichnis”:
933 3835 40 34 p.
1023 3823 232 41 [105]-106.

188 3875 1880 60 © Sept. 14. 1934; 1c. Nov. 10; A-Foreign 26416; Julius Springer.
266 3937 220 44 (35-124)
