2350 4196
1100 3999 130 49 1682

170 378 424 64 Buckingham,
627 379 185 53 Nash.

237 471 85 50 De
357 470 310 51 shootinest
705 470 285 65 gent’man
1028 469 111 51 and
1175 467 159 53 other
1372 467 158 63 tales,
1566 465 71 65 by
1675 465 155 52 Nash
170 464 1964 142 Buckingham;
368 546 387 53 introduction
794 546 73 64 by
910 545 119 54 Col.
1069 544 223 52 Harold
1334 544 63 49 P.
1440 542 267 54 Sheldon.
1802 543 134 50 New
1981 542 177 64 York,

169 625 116 50 The
318 624 317 64 Derrydale
667 641 155 48 press
900 626 150 62 [c1934]

263 690 1183 53 p p. l., 239. [1] p. front. plates. ports. 24cm.
243 761 1916 49 “Nine hundred and fifty copies … have been printed … This copy is
169 832 72 29 no.
328 821 22 15 …”

173 889 51 51 ©
248 894 114 38 Nov.
391 894 36 38 7.
455 894 112 38 1934;
622 892 65 40 2c.
714 893 116 38 Nov.
859 891 52 38 12;
969 891 52 39 aff.
1078 892 114 39 Nov.
1219 891 53 38 15;
1330 890 38 38 A
1396 890 139 38 77241
1556 899 6 26 :
1594 890 269 46 Derrydale
1892 900 146 38 press,
2067 890 89 39 inc.

250 950 277 46 (34-41771)

172 1050 192 66 Clark,
397 1053 222 53 Walter
652 1055 256 61 Eugene,
943 1058 169 48 1881-

349 1140 1809 68 … Indian conceptions of immortality, by Walter Eugene
171 1218 1779 66 Clark … Cambridge, Harvard university press, 1934.
239 1289 1390 49 4 p. l., 3-49 p. 18cm. (The Ingersoll lecture. 1934)
241 1361 231 40 “Notes”:
507 1373 42 36 p.
597 1362 174 47 [47]-49.

176 1428 1985 51 © Nov. 6. 1934 : 2c. Nov. 15 : aff. Nov. 16 : A 78131 : President and fellows
243 1489 50 39 of
321 1490 228 38 Harvard
580 1489 189 46 college,
804 1487 298 48 Cambridge.
1188 1499 91 27 Mass.
1351 1487 278 48 (34-41833)

174 1591 202 64 Cober,
406 1591 173 53 Alvin
688 1608 160 46 Alonzo,
881 1597 169 47 1861-

238 1681 1916 68 Telling on myself, by Rev. Alvin Alonzo Cober … with
169 1758 1966 147 introduction by Emmanuel Wilson Cober … Berlin, Pa., Berlin publishing company, 1934.
241 1922 1141 51 3 p. l., [9]-286 p. incl. front. (port.) 19cm.
176 1993 51 51 ©
264 1997 124 47 Sept.
421 1997 67 39 23,
522 1995 112 40 1934;
693 1995 66 42 2c.
792 1996 94 38 and
918 1995 81 39 aff.
1034 1995 99 39 Oct.
1168 1995 52 38 24
1239 2006 6 28 :
1282 1996 38 37 A
1355 1994 113 40 78409
1518 2005 7 28 :
1561 1996 124 38 Vera
1720 1995 150 40 Cober
1905 1994 256 46 Rockwell,

245 2053 248 40 executrix
522 2053 49 38 of
598 2055 155 37 estate
782 2053 50 38 of
858 2052 144 39 Alvin
1028 2052 178 39 Alonzo
1236 2052 163 40 Cober.
1430 2053 107 37 Ann
1566 2053 167 39 Arbor.

255 2110 276 46 (34-41631)

176 2210 300 65 Corneille,
505 2211 219 64 Pierre,
758 2216 322 50 1606-1684.

175 2301 1992 145 … Cinna; ou, La clemence d’Auguste, edited, with introduction, notes, syntax and vocabulary, by Lawrence Melville
174 2454 1965 147 Riddle … New York, London, D. Appleton-Century company, incorporated [c1934]
245 2608 95 44 xlv,
368 2607 82 40 183
481 2618 42 36 p.
580 2606 134 40 front.
758 2606 170 48 (port.)
968 2616 60 37 pl.
1087 2605 140 39 19½cm.
1300 2607 122 47 (The
1454 2607 213 46 Century
1699 2608 193 37 modern
1927 2608 237 47 language

176 2663 161 46 series,
369 2664 225 38 Kenneth
626 2662 273 47 McKenzie,
933 2663 180 46 editor)

245 2720 347 47 Bibliography
611 2730 8 28 :
650 2730 40 37 p.
721 2719 236 40 xliii-xlv.

179 2786 50 50 ©
259 2791 113 39 Nov.
403 2790 68 40 30.
502 2791 111 39 1934;
671 2791 66 39 2c.
769 2791 110 39 Dec.
908 2792 53 43 4;
994 2790 78 38 aff.
1108 2791 106 38 Dec.
1247 2791 24 39 5;
1330 2791 38 38 A
1398 2793 169 44 77468;
1604 2793 53 38 D.
1691 2793 471 46 Appleton-Century

245 2858 79 28 co..
366 2848 89 39 inc.
535 2847 263 47 [Copyright
838 2847 40 39 is
919 2846 203 40 claimed
1162 2859 58 28 on
1260 2848 342 47 introduction,
1646 2852 149 43 notes,
1838 2850 189 45 syntax,
2069 2848 94 40 and

246 2905 306 47 vocabulary.]
625 2903 278 48 (34-41623)

178 3004 282 65 Doherty,
490 3005 255 54 Richard
775 3008 252 53 Powers.

245 3096 119 51 The
421 3096 281 52 economic
759 3094 391 69 organization
1208 3096 63 52 of
1330 3097 269 66 business,
1660 3098 70 65 by
1789 3097 249 53 Richard
2101 3098 62 50 P.

176 3173 1989 66 Doherty … and Max Hartmann … Boston, G. C. Manthorne
171 3251 46 48 &
246 3268 97 46 co.,
378 3252 148 50 1934.

245 3334 26 37 4
300 3344 40 36 p.
391 3366 6 6 l.,
446 3333 200 49 [13]-291
676 3345 41 36 p.
782 3333 125 41 illus.,
951 3335 176 46 diagrs.
1188 3334 114 39 21cm.

179 3400 51 51 ©
262 3406 99 38 Oct.
393 3407 66 39 10,
491 3405 137 40 1934:
661 3407 64 40 2c.
758 3408 93 38 and
881 3406 79 39 aff.
993 3407 100 39 Oct.
1125 3407 78 41 22;
1236 3409 39 38 A
1306 3409 166 40 76684:
1508 3410 51 38 R.
1594 3411 48 37 P.
1676 3411 216 45 Doherty
1922 3410 95 38 and
2049 3410 114 38 Max

245 3463 288 38 Hartmann.
565 3464 191 38 Boston.
830 3464 277 46 (34-41776)

176 3563 158 62 Dow,
366 3565 112 63 Joy
507 3566 286 53 Wheeler.

183 3652 1955 146 Her boy friend, by Joy Dow; a novelet … Boston, Imprinted by ye Meador press, 1934.
247 3798 84 38 174
357 3809 41 37 p.
428 3800 108 39 incl.
566 3801 148 40 front.
774 3802 115 39 20cm.

178 3866 51 51 ©
254 3872 115 39 Nov.
396 3873 67 41 13,
491 3872 138 48 1934;
657 3873 67 43 2c.
752 3876 108 39 Dec.
890 3877 80 45 14;
1001 3876 80 40 aff.
1109 3879 109 39 Dec.
1246 3880 80 38 17:
1358 3880 40 37 A
1424 3880 168 42 77679;
1623 3880 211 40 Edward
1862 3880 57 38 K.
1951 3876 210 48 Meador,

247 3928 192 40 Boston.
512 3930 279 46 (34-41988)
