2350 4196
1169 4006 99 51 812

292 453 1293 50 2 p. l., 9-441 p. Illus., col. plates, diagrs. 20 cm .
225 519 1982 51 © June 20, 1934; 2c. June 27: aff. June 28; A 73240; W. B. Saunders
292 589 64 30 сo.
429 579 278 47 (34-18145)

245 699 162 64 [Carr,
436 697 154 53 John
620 696 275 67 Dickson]

292 773 119 51 The
449 773 218 67 Plague
705 780 159 46 court
901 774 274 65 murders,
1213 772 75 68 by
1329 771 201 54 Carter
1569 771 250 53 Dickson
1868 773 229 67 [pseud.]
2148 813 55 11 ...

222 849 139 54 New
388 850 178 66 York,
591 850 89 53 W.
709 851 250 52 Morrow
987 852 111 51 and
1127 866 294 50 company,
1451 852 147 49 1934.

291 922 561 49 4 p. l., 312 p. 19½ cm .
228 992 50 51 ©
307 998 113 45 May
446 997 67 39 23.
543 996 139 46 1934;
712 997 65 39 2c.
809 998 125 38 June
960 996 81 46 12;
1073 995 80 41 aff.
1182 996 126 39 June
1335 995 81 46 29;
1447 996 41 38 A
1516 996 168 41 74068;
1716 997 43 39 J.
1788 997 55 38 D.
1875 996 134 47 Carr,
293 996 1900 103 Kingswood,
474 1053 195 46 Bristol,
703 1054 233 46 England.
1011 1052 277 48 (34-17978)

222 1166 321 67 Chapman,
577 1170 238 64 Joseph,
851 1172 170 50 1881-

294 1246 178 54 Uncle
498 1248 126 65 Jed,
652 1247 449 66 caddie-master,
1125 1246 75 67 by
1225 1247 106 53 Joe
1357 1245 326 56 Chronicles
1735 1248 211 65 [pseud.]
225 1246 1957 144 Philadelphia,

499 1325 733 66 Pa., J. Chapman [ c 1934]
297 1396 85 40 229
409 1406 42 36 p.
478 1397 108 39 incl.
612 1396 162 48 front.,
802 1398 24 38 1
853 1397 127 40 illus.
1041 1396 55 40 20½
1128 1398 43 21 cm
1177 1429 7 7 .

229 1464 1662 108 © June 15. 1934; 2c. and aff. June 27: A 74015; J. Chapman. (34-18192)
225 1641 271 65 Chicago.
576 1642 365 63 University.
1019 1642 191 54 Social
1247 1642 209 52 science
1495 1660 204 48 survey
1739 1641 331 54 committee.

298 1720 250 67 Rotary?
627 1721 55 52 A
720 1719 315 68 university
1074 1737 182 50 group
1295 1720 157 52 looks
1496 1725 58 46 at
1592 1721 95 51 the
1724 1719 219 67 Rotary
1983 1719 125 53 club
2148 1718 62 53 of

230 1796 263 70 Chicago.
571 1798 79 51 At
699 1798 94 52 the
842 1798 251 52 instance
1140 1796 61 55 of
1249 1798 96 52 the
1390 1798 180 52 oldest
1616 1798 124 52 club
1790 1797 56 53 in
1896 1798 236 66 Rotary,
2179 1817 30 33 a

228 1875 317 53 committee
578 1875 62 52 of
672 1876 170 52 social
877 1874 278 54 scientists
1189 1876 150 52 from
1372 1876 96 52 the
1497 1875 337 67 University
1864 1874 63 53 of
1960 1874 249 68 Chicago

229 1958 218 62 reports
471 1953 274 53 herewith
771 1972 70 33 an
866 1952 189 68 inquiry
1122 1952 118 53 into
1264 1954 96 51 the
1383 1952 238 68 history,
1646 1952 425 66 achievements,
2099 1955 110 51 and

231 2030 363 68 possibilities
640 2030 63 52 of
747 2032 126 50 that
917 2030 141 53 club.
1137 2030 265 68 Chicago,
1448 2031 111 65 Ill.,
1606 2032 120 51 The
1770 2030 334 67 University
2149 2029 62 54 of

230 2107 656 69 Chicago press [ c 1934]
304 2181 118 47 xxii,
452 2180 83 41 293
565 2191 43 37 p.
666 2180 148 42 front,
845 2180 170 49 (port.)
1056 2180 140 48 illus.,
1229 2180 172 40 double
1430 2190 149 38 maps,
1612 2180 177 48 diagrs.
1850 2181 54 39 23½
1936 2182 44 21 cm
1985 2213 8 7 .

302 2236 145 41 Louis
474 2238 285 46 Brownlow,
788 2236 264 47 chairman,
1083 2237 258 40 Frederick
1370 2237 50 40 L.
1454 2237 254 47 Schuman,
1739 2237 223 39 research
1991 2237 222 47 director,

236 2293 158 40 Social
446 2293 186 40 science
684 2303 172 37 survey
913 2293 271 40 committee
1238 2294 126 39 from
1419 2294 81 39 the
1555 2293 278 47 University
1886 2293 53 40 of
1992 2294 220 49 Chicago.

233 2348 60 48 cf.
319 2360 42 37 p.
387 2349 117 42 xxii.

233 2417 1980 52 © June 14. 1934; 2c. and aff. June 15; A 72817; Rotary club of Chicago,
300 2477 221 47 Chicago.
593 2477 277 47 (34-17994)

228 2593 227 66 Clarke,
486 2596 171 62 Mary
684 2594 71 57 A.

300 2670 1911 70 Memories of Jane A. Delano [by] Mary A. Clarke, R . N .
232 2749 134 51 New
396 2748 178 67 York,
601 2747 277 54 Lakeside
903 2747 332 70 publishing
1263 2768 279 49 company
1576 2783 11 33 [
1591 2757 20 21 c
1616 2752 134 50 1934]

300 2820 1190 50 3 p. l., 62 p. incl. illus., plates, ports. 27½ cm .
234 2890 51 51 ©
318 2896 112 45 Apr.
464 2895 68 45 21,
565 2894 113 39 1934;
739 2895 66 38 2c.
840 2895 94 37 and
968 2892 78 40 aff.
1083 2894 111 47 May
1227 2894 59 39 29;
1345 2895 41 38 A
1418 2895 141 40 72533;
1623 2896 237 39 Lakeside
1893 2895 106 49 pub.
2035 2907 66 29 сo.

315 2950 277 49 (31-18149)

229 3051 232 66 Cronin,
495 3051 318 55 Archibald
846 3052 236 64 Joseph.

304 3130 376 66 [Adventures
708 3130 62 51 of
797 3150 28 32 a
853 3130 164 52 black
1042 3130 127 67 bag]
1237 3132 161 65 Baby
1425 3131 286 54 Duncan's
1740 3132 292 68 whistling
2060 3134 152 66 lung.

316 3205 83 47 (In
424 3199 231 52 Glasgow
684 3200 199 51 Sunday
912 3204 125 47 post,
1066 3201 115 50 May
1212 3202 70 49 20,
1312 3201 143 50 1934)

236 3271 1963 101 © 1c. July 13, 1934; A ad int. 19205: pubd. May 20; A. J. Cronin, London.
230 3432 120 53 The
378 3432 331 64 cyclopedia
738 3432 63 53 of
828 3433 288 52 medicine.
1178 3434 222 67 George
1427 3434 209 53 Morris
1664 3436 220 52 Piersol
1919 3477 54 9 ...
299 3434 1915 129 editor-in-chief

578 3512 111 51 and
728 3511 250 52 Edward
1016 3513 62 52 L.
1119 3514 173 50 Bortz
1337 3555 53 8 ...
1435 3513 266 51 assistant
1738 3512 183 53 editor
1963 3555 53 9 ...
300 3513 1889 128 illustrated
536 3589 137 50 with
720 3606 300 34 numerous
1066 3588 285 54 half-tone
1397 3591 111 51 and
1555 3591 114 51 line
1714 3590 341 67 engravings
2104 3589 106 52 and

300 3685 171 48 many
500 3666 309 52 handsome
839 3666 111 51 full
983 3685 143 48 page
1157 3668 149 51 color
1337 3669 197 65 plates,
1600 3687 47 32 v.
1684 3671 77 48 10.
1852 3669 111 51 [Pre
1993 3673 58 46 to
2082 3667 127 66 Rib]

300 3742 423 69 Philadelphia,
751 3745 63 50 F.
845 3746 68 50 A.
943 3744 178 54 Davis
1153 3762 292 49 company,
1478 3748 148 49 1934.

305 3817 167 47 xxviii,
500 3817 112 39 1167
640 3827 41 37 p.
738 3816 141 48 illus.,
909 3818 84 38 col.
1022 3818 168 46 plates,
1220 3817 177 48 diagrs.
1454 3818 55 39 26½
1542 3820 43 21 cm
1591 3849 7 8 .

239 3883 50 53 ©
320 3888 115 48 July
463 3888 67 48 10,
560 3887 138 46 1934;
729 3888 64 39 2c.
825 3887 115 48 July
969 3888 79 38 14:
1114 3887 48 38 aff.
1193 3888 114 46 July
1336 3888 81 45 19;
1449 3888 40 38 A
1519 3887 168 44 74280;
1721 3888 50 40 F.
1802 3888 53 41 A.
1885 3885 152 41 Davis
2066 3897 67 29 сo.
