2350 4196
1098 4003 99 54 781

128 358 338 65 Hettinger,
499 357 325 66 Dominica,
856 358 180 63 sister,
1072 357 168 50 1888-

201 435 366 54 Penicillium
596 433 216 53 zukalii
840 433 268 67 Biourge,
1139 449 31 33 a
1200 429 172 68 study
1402 428 64 53 of
1496 429 74 52 its
1602 426 380 69 morphology
2015 424 112 54 and

131 504 1974 155 physiology … by Sister M. Dominica Hettinger … Washington,
277 591 72 53 D.
384 590 80 67 C.,
496 590 120 52 The
649 588 261 55 Catholic
939 585 317 69 university
1288 583 64 55 of
1382 583 286 68 America,
1702 585 150 50 1934.

135 654 1978 111 viii, 37 p. incl. II pl., diagrs. 23 cm . (Contribution from the Biological laboratory of the Catholic university of America, no. 15)
205 789 170 41 Thesis
413 789 106 48 (PH.
579 788 326 48 D.)—Catholic
933 786 270 47 university
1231 785 51 40 of
1307 784 236 47 America,
1573 782 128 42 1934.

205 845 343 48 Biographical
577 845 156 40 items.

205 901 373 49 Bibliography:
612 912 43 37 p.
690 900 159 42 29-32.

141 970 50 51 ©
223 974 112 46 May
365 973 43 47 8,
435 973 114 40 1934
567 984 7 35 ;
608 973 64 39 2c.
705 974 95 38 and
830 971 82 41 aff.
944 973 112 46 May
1086 971 82 46 11;
1199 970 41 39 A
1270 970 144 40 72374
1432 980 7 37 ;
1475 968 220 41 Catholic
1727 968 128 40 univ.
1887 968 53 40 of
209 968 1905 102 America.
368 1030 280 48 (34-17057)

135 1148 214 64 Heydt,
380 1149 263 52 Herman
673 1149 258 63 August,
964 1149 170 51 1868-

209 1226 287 55 Collected
540 1245 208 49 poems,
789 1228 75 66 by
905 1227 257 52 Herman
1203 1226 70 52 A.
1317 1225 216 66 Heydt.
1608 1224 138 52 New
1792 1223 163 53 York
1997 1222 132 68 city.

139 1307 148 51 1933.

212 1374 1121 51 8 p. l. , 258 p. front, (port.) illus. 20½ cm .
142 1444 52 51 ©
220 1448 117 41 Nov.
363 1448 69 47 10,
460 1448 111 40 1933
591 1459 8 36 ;
628 1449 68 39 2c.
723 1449 95 39 and
845 1447 82 41 aff.
954 1448 126 39 June
1106 1447 69 46 11,
1202 1446 140 47 1934;
1373 1446 42 38 A
1440 1445 170 47 73126;
1641 1445 60 40 H.
1730 1445 52 39 A.
1812 1445 178 47 Heydt,
2018 1445 118 40 New

210 1505 143 40 York.
424 1504 280 50 (34-17235)

136 1625 251 65 Huxley,
418 1623 197 55 Julian
647 1624 201 55 Sorell.

209 1701 225 55 Science
473 1702 112 52 and
621 1701 259 69 religion,
1065 1744 8 9 VIII.
1150 1701 266 68 Religion
1453 1719 59 34 as
1548 1719 71 34 an
1656 1701 276 67 objective
136 1702 1975 132 problem.

242 1855 63 39 (In
330 1850 286 52 Discovery,
645 1850 142 52 June,
818 1851 143 49 1934)

145 1923 1976 100 © 1c. July 21, 1934; A ad int. 19177 ; pubd. May 28; J. S. Huxley, London.
137 2100 275 67 Jackson,
448 2101 327 66 Chevalier,
813 2104 171 50 1865-

144 2179 1968 147 … Foreign body in air and food passages roentgenologically
326 2259 355 66 considered;
719 2259 141 52 with
894 2264 112 46 two
1041 2258 259 54 hundred
1337 2259 112 52 and
1482 2258 300 68 thirty-six
145 2260 1966 144 Roentgenray

271 2336 230 68 studies,
528 2339 112 51 and
666 2343 93 47 ten
785 2336 226 55 clinical
1037 2336 394 68 illustrations,
1456 2338 75 66 by
1559 2336 301 56 Chevalier
1888 2338 248 55 Jackson

206 2414 1932 67 … and Chevalier L. Jackson … New York, P. B. Hoeber,
146 2509 124 49 me.,
302 2497 149 50 1934.

215 2565 1927 50 xx, 265 p. illus. 27 cm . (Added t.-p.: Annals of roentgenology … ed.
149 2622 661 49 by J. T. Case … v. 16)
221 2694 138 40 Brief
384 2696 149 39 series
561 2694 107 41 title
695 2697 51 38 at
773 2695 122 39 head
924 2695 51 39 of
1001 2696 98 46 t.-p.

219 2750 346 43 “References”
598 2762 43 36 p.
663 2751 217 40 253-254.

153 2819 50 51 ©
234 2824 125 39 June
387 2824 38 45 7,
455 2821 140 48 1934;
627 2823 67 39 2c.
725 2823 94 39 and
849 2821 81 41 aff.
961 2823 126 39 June
1117 2822 51 47 8;
1200 2823 42 38 A
1269 2822 169 47 72684;
1472 2823 122 39 Paul
1625 2824 52 38 B.
1709 2823 203 48 Hoeber,
1943 2824 90 38 inc.

231 2880 279 49 (34-17072)

145 2996 175 67 Judy,
348 2996 255 57 William
630 2996 210 68 Lewis,
873 3001 170 50 1891-

221 3075 1923 70 Kennel building and plans, by Will Judy … Chicago, Judy
153 3153 332 69 publishing
514 3172 295 50 company,
841 3159 149 50 1934.

221 3227 80 46 vii,
376 3246 26 30 [1],
430 3226 117 41 9-60
571 3238 42 37 p.
668 3227 130 40 illus.
827 3226 132 49 (incl.
987 3229 165 47 plans)
1215 3228 56 40 22
1273 3231 45 21 cm
1322 3260 8 8 .

222 3284 178 40 “Third
422 3284 227 40 edition.”

158 3351 50 51 ©
237 3356 113 46 May
376 3355 69 47 26,
473 3355 140 46 1934;
643 3355 67 39 2c.
740 3355 123 39 June
891 3356 52 45 1;
974 3354 82 42 aff.
1086 3356 111 47 May
1224 3356 82 46 31;
1337 3356 42 38 A
1406 3356 169 47 71909;
1607 3356 114 40 Will
1751 3356 143 47 Judy,
1925 3356 223 48 Chicago.

232 3412 281 48 [Copyright
536 3412 40 39 is
604 3412 204 39 claimed
833 3423 59 28 on
919 3423 105 29 new
1051 3412 327 41 illustrations
1406 3414 94 39 and
1528 3424 106 29 new
1659 3415 194 46 matter]

239 3468 278 49 (34-17076)

157 3584 379 67 Kasprzycki,
566 3586 245 64 Stanley
838 3586 65 56 T.

160 3662 1959 146 Lessons in correct living [by] S. T. Kasprzycki … Providence, R. I. [ c 1934]
231 3814 25 39 3
285 3824 43 37 p.
355 3816 44 45 1„
434 3814 70 49 [1],
535 3814 57 40 72
620 3825 42 37 p.
726 3814 116 41 19cm.

164 3878 50 51 ©
242 3883 124 39 June
394 3885 68 46 11,
491 3884 115 40 1934
623 3895 9 36 ;
662 3885 67 40 2c.
759 3885 126 39 June
914 3886 80 46 13;
1027 3885 81 41 aff.
1138 3886 124 41 June
1290 3887 82 46 12;
1405 3887 42 38 A
1474 3886 170 47 73034;
1680 3886 42 41 S.
1751 3887 52 40 T.
1834 3884 315 49 Kasprzycki,

231 3939 306 41 Providence.
608 3941 257 39 (34-17070)
