2350 4196
1150 4004 135 52 1442

239 471 125 34 vers
394 453 378 66 co-operative
802 454 333 66 publishing
1164 471 291 48 company,
1533 471 49 32 v.
1615 456 78 48 10.
1769 456 340 49 Permanent
2142 455 81 50 ed.

242 529 1983 146 … New York, Clark Boardman co.. ltd.: R ochester and New York, The Lawyers co-operative
1307 608 332 66 publishing
1671 627 294 48 company.
1999 612 147 48 1934.

308 681 64 46 ix,
401 681 113 38 1442
541 692 42 36 p.
639 681 115 41 25cm.

245 733 51 51 ©
330 738 117 39 Nov.
482 739 68 38 14.
586 737 140 46 1934;
764 737 63 40 2c.
867 739 114 38 Nov.
1019 738 53 39 23:
1137 737 79 39 aff.
1251 737 118 39 Nov.
1408 736 53 38 22:
1526 738 42 37 A
1603 737 168 46 77338;
1813 738 227 46 Lawyers

313 748 1897 86 co-operative
524 795 106 46 pub.
662 805 65 29 co.

244 882 242 65 Chapin,
518 884 236 55 Eunice.

306 960 152 51 Love
507 959 242 53 without
797 960 310 54 breakfast,
1156 961 72 64 by
1278 958 213 53 Eunice
1544 957 242 68 Chapin.
1920 978 78 33 New
2053 959 176 65 York,
237 1037 69 52 A.
340 1036 76 52 H.
451 1036 162 65 King
652 1069 12 33 [
668 1043 18 20 c
692 1039 134 49 1934
829 1069 12 34 ]

309 1109 88 40 288
426 1120 43 37 p.
530 1109 56 41 19½
634 1112 26 20 m
666 1142 9 8 .

313 1165 211 41 “Second
553 1165 258 49 printing.”

246 1219 1872 50 © Oct. 22, 1934; 2c. and aff. Oct. 23: A 76915: Alfred H. King, inc.
324 1279 277 48 (34-36230)

244 1365 255 67 Cheney,
531 1369 274 54 Clarence
837 1368 195 65 Orion,
1065 1369 168 51 1887-
1446 1368 81 51 ed.

314 1445 261 54 Outlines
602 1444 95 54 for
723 1446 345 66 psychiatric
1094 1446 429 52 examinations,
1549 1444 189 52 edited
1763 1445 74 65 by
1865 1444 269 54 Clarence
2161 1443 67 54 O.

243 1522 1988 67 Cheney … Albany, X. Y., The New York state Department
243 1600 63 52 of
334 1601 212 51 mental
574 1600 270 66 hygiene;
876 1600 190 55 Utica,
1094 1600 70 51 X.
1195 1600 90 65 Y.,
1317 1599 159 54 State
1505 1599 278 65 hospitals
1812 1616 174 48 press,
2017 1601 150 49 1934.

313 1671 84 40 134
432 1683 43 37 p.
537 1672 115 40 24cm.

316 1727 126 42 “The
477 1730 194 46 present
706 1728 188 41 volume
929 1729 39 39 is
1005 1738 27 29 a
1069 1728 207 40 revision
1311 1727 50 40 of
1395 1729 80 39 the
1512 1727 179 40 Guides
1726 1727 77 40 for
1838 1727 186 47 history
2061 1729 170 48 taking

244 1786 94 38 and
381 1784 194 39 clinical
616 1784 330 40 examination
991 1785 49 39 of
1081 1784 294 47 psychiatric
1418 1793 134 30 cases
1593 1784 160 40 edited
1794 1785 48 37 in
1887 1782 113 41 1921
2042 1785 58 46 by
2145 1785 82 40 Dr.

244 1840 181 50 George
458 1841 59 39 H.
551 1840 389 48 Kirby.”—Pref.

247 1894 50 51 ©
338 1898 101 41 Oct,
477 1899 68 37 15.
582 1897 138 40 1934:
760 1896 65 40 2c.
866 1897 98 39 Oct.
1005 1896 79 44 19;
1127 1896 80 40 aff.
1243 1897 115 38 Nov.
1400 1897 49 45 7;
1490 1896 41 38 A
1571 1896 166 46 76645;
1778 1897 115 38 New
1932 1897 130 38 York
2102 1899 127 37 state

314 1956 318 46 Department
672 1954 50 39 of
759 1955 181 38 mental
979 1953 212 47 hygiene.
1258 1952 279 48 [Copyright
1578 1952 41 38 is
1660 1953 203 39 claimed
1905 1965 60 28 on
2004 1952 223 46 revision,

315 2012 258 47 additions]
647 2010 277 49 (34-36274)

245 2085 253 65 Cheney,
530 2087 131 62 Ray
691 2087 255 62 Eugene,
982 2089 170 48 1890-

315 2162 351 68 Equipment
709 2160 410 70 specifications
1166 2163 92 52 for
1302 2163 140 67 high
1490 2164 245 51 schools:
1782 2162 148 52 their
1975 2180 95 34 use
2118 2162 106 51 and

243 2238 1949 147 improvement; a new approach, by Bay Eugene Cheney … New York city, Teachers college, Columbia university, 1934.
313 2403 42 28 v.
386 2392 54 40 87
469 2402 43 36 p.
570 2391 128 39 illus.
757 2390 54 40 23½cm.
972 2391 259 47 (Teachers
1263 2392 191 47 college,
1488 2391 250 41 Columbia
1770 2389 285 47 university.
243 2391 1970 97 Contributions

532 2451 48 36 to
604 2447 271 47 education,
903 2458 73 29 no.
1006 2446 107 47 612)

314 2506 169 38 Issued
509 2506 102 38 also
639 2515 52 29 as
720 2503 150 41 thesis
908 2506 105 46 (PH.
1072 2506 33 46 D.)
1142 2504 248 40 Columbia
1418 2505 283 48 university.

313 2561 347 47 Bibliography:
718 2571 42 37 p.
788 2561 67 40 87.

248 2614 52 51 ©
337 2619 124 38 June
492 2617 70 47 29,
599 2617 139 40 1934:
777 2617 65 40 2c.
880 2618 118 47 Aug.
1035 2618 80 39 24:
1155 2618 77 39 aff.
1270 2619 117 46 Aug.
1427 2619 80 38 27:
1548 2620 41 37 A
1625 2618 142 40 75065;
1837 2619 54 40 R.
1930 2620 51 36 E.
2024 2618 204 46 Cheney,

314 2675 265 39 Escanaba.
613 2675 139 39 Mich.
825 2674 277 48 (34-36255)

244 2750 366 63 Commager,
641 2750 205 63 Henry
876 2750 208 62 Steele,
1116 2752 80 51 ed.

245 2827 1982 145 … Documents of American history, edited by Henry Steele Commager … New York, F. S. Crofts & co., 1934.
317 2977 98 46 xxi,
446 2977 99 46 450,
574 2977 87 39 454
692 2988 40 37 p.
793 2977 144 40 23½cm.
1009 2977 186 48 (Crofts
1228 2978 253 40 American
1512 2978 188 47 history
1730 2978 176 45 series;
1939 2977 57 40 D.
2028 2976 55 40 R.
2114 2976 114 48 Fox,

246 3034 194 45 general
466 3033 180 47 editor)

319 3090 268 47 “Designed
619 3094 47 36 to
698 3091 245 39 illustrate
975 3092 80 38 the
1088 3100 165 31 course
1284 3092 51 39 of
1366 3092 256 39 American
1652 3092 188 46 history
1870 3090 127 39 from
2031 3091 80 38 the
2144 3099 85 37 age

248 3146 49 38 of
324 3145 248 49 discovery
600 3150 47 36 to
675 3148 79 40 the
782 3148 426 47 present.”—Pref.

316 3201 223 42 Includes
568 3202 388 49 bibliographies.

247 3255 50 51 ©
326 3260 100 39 Oct.
455 3260 67 40 25.
551 3260 139 40 1934:
722 3260 64 39 2c.
817 3261 94 39 and
941 3261 79 39 aff.
1053 3262 99 39 Oct.
1180 3262 55 39 30:
1293 3264 40 36 A
1361 3260 139 41 77023:
1559 3262 51 40 F.
1642 3262 43 40 S.
1717 3262 165 40 Crofts
1912 3261 35 39 &
1975 3270 80 30 co..
2081 3259 90 39 inc.

324 3315 276 47 (34-36216)

244 3387 237 68 Cooper,
514 3392 231 52 Russell
776 3394 266 62 Morgan,
1079 3395 168 50 1907-

312 3468 305 52 American
650 3470 377 52 consultation
1060 3471 57 50 in
1151 3472 179 51 world
1362 3470 195 54 affairs
1588 3471 95 52 for
1712 3470 98 53 the
1840 3465 390 71 preservation

241 3542 62 51 of
336 3561 184 47 peace,
553 3545 74 64 by
659 3546 223 52 Russell
917 3547 78 50 M.
1032 3546 247 66 Cooper;
1316 3549 140 50 with
1490 3567 71 33 an
1594 3546 391 54 introduction
2016 3545 76 65 by
2124 3543 103 52 Dr.

241 3619 192 53 James
485 3622 63 50 T.
602 3621 288 54 Shotwell.
1023 3642 80 33 New
1154 3624 177 66 York,
1380 3625 120 51 The
1550 3624 335 52 Macmillan
1934 3637 295 51 company,

243 3699 148 49 1934.

309 3768 83 38 xiv
420 3779 56 37 p.,
507 3770 24 38 1
595 3801 7 13 l.,
633 3771 86 39 406
747 3782 43 37 p.
851 3770 144 41 22½cm.

311 3823 343 50 Bibliography:
714 3839 43 36 p.
787 3826 215 41 367-386.

242 3876 51 50 ©
325 3881 98 39 Oct.
454 3880 67 40 16.
551 3881 139 41 1934:
722 3883 66 41 2c.
817 3885 93 38 and
944 3883 79 40 aff.
1056 3884 99 39 Oct.
1187 3886 80 37 17:
1302 3886 40 37 A
1375 3885 167 39 76561:
1579 3885 280 39 Macmillan
1889 3895 66 28 co.

321 3936 276 48 (34-36265)
