2350 4196
1069 4006 131 48 1581

218 441 171 39 “From
430 441 81 39 the
553 442 190 46 private
784 441 322 39 laboratories
1142 439 77 39 for
1259 449 172 29 cancer
1471 441 225 37 research
1735 440 51 39 of
1826 440 178 38 Doctor
2046 441 95 38 and

148 499 111 40 Mrs.
288 497 49 40 C.
363 498 70 39 W.
463 497 52 41 G.
545 497 230 41 Rohrer.”

214 554 377 47 “Bibliography
616 555 95 39 and
737 552 300 41 references”
1065 556 50 37 at
1140 553 90 39 end
1256 553 51 38 of
1332 554 67 38 all
1426 553 79 39 the
1531 553 256 40 addresses
1812 555 91 38 and
1933 553 209 48 original

143 612 196 39 articles;
397 610 376 48 “Bibliography
797 611 51 39 of
874 611 307 40 Cohnheinrs
1207 609 250 46 writings”;
1514 613 65 43 pt.
1607 611 39 46 1,
1671 620 43 36 p.
1741 609 185 41 84-102.

149 681 50 51 ©
231 685 101 40 Oct.
362 685 68 42 25,
462 684 112 40 1034;
633 684 66 41 2c.
732 685 94 38 and
857 683 79 39 aff.
968 683 115 38 Nov.
1115 683 54 38 12;
1228 682 40 38 A
1299 681 145 41 78047;
1504 682 292 40 Brentwood
1829 681 218 49 printing
2076 692 68 32 со.

227 741 279 47 (34-39235)

147 843 246 64 Russell,
425 842 256 55 William
712 845 224 61 Henry,
971 845 170 50 1895-

212 921 121 53 The
380 920 165 53 Bible
592 922 111 51 and
751 922 308 62 character,
1104 920 71 63 by
1222 920 95 51 the
1363 921 137 50 Rev.
1547 921 87 52 W.
1680 921 76 51 H.
1805 921 224 52 Russell
2078 964 55 8 ...

140 997 424 69 Philadelphia,
596 999 121 52 The
744 998 261 68 Dolphin
1033 1016 171 49 press,
1237 1001 149 49 1934.

243 1071 577 48 v p., 1 l., 294 p. 23 cm .
216 1130 170 39 Issued
421 1130 103 38 also
560 1139 56 29 as
651 1129 152 40 thesis
846 1129 106 47 (PH.
1017 1127 33 47 D.)
1094 1127 219 40 Catholic
1349 1128 270 46 university
1655 1128 49 38 of
1738 1128 222 39 America
1995 1129 150 38 under

146 1187 107 38 title;
311 1186 101 39 The
438 1186 224 39 function
689 1187 50 38 of
768 1188 81 38 the
876 1187 117 37 New
1021 1185 282 39 Testament
1330 1185 48 38 in
1408 1185 82 39 the
1516 1184 268 40 formation
1814 1185 49 39 of
1892 1186 80 38 the
145 1185 1985 97 Catholic
260 1242 116 48 high
405 1243 163 39 school
596 1244 209 40 teacher.

214 1298 348 49 Bibliography;
623 1311 43 37 p.
698 1300 216 41 276-288.

149 1367 51 51 ©
231 1371 100 41 Oct.
360 1371 68 41 25,
458 1370 138 43 1934;
628 1373 66 39 2c.
726 1370 98 41 Oct.
855 1372 80 41 31;
968 1372 79 38 aff.
1079 1371 99 40 Oct.
1207 1371 58 39 30;
1321 1371 41 38 A
1390 1370 143 40 76846;
1593 1371 212 47 Dolphin
1834 1381 148 37 press.

227 1427 278 48 (34-39331)

144 1528 307 67 Sangster,
486 1530 253 55 William
775 1531 224 65 Edwin,
1033 1534 168 50 1900-

140 1608 1977 148 God does guide us [by ] W. E. Sangster. New York, Cincinnati [etc.] The Abingdon press [ c 1934]
215 1760 85 40 147
333 1773 42 36 p.
436 1759 56 41 19½
524 1763 43 20 cm
574 1793 8 7 .

150 1814 51 51 ©
238 1819 102 38 Oct.
373 1817 69 46 22,
479 1817 112 40 1934;
656 1820 65 38 2c.
759 1820 97 38 and
888 1818 80 40 aff.
1004 1819 117 39 Nov.
1156 1819 51 44 6;
1246 1819 39 37 A
1320 1817 170 46 77097;
1530 1819 68 38 W.
1638 1819 49 37 E.
1729 1818 245 47 Sangster,
218 1819 1912 102 Scarborough,
477 1876 235 46 England.
785 1874 279 50 (34-39332)

145 1977 241 65 Seifert,
418 1979 161 65 Otto,
614 1984 169 49 1853-

213 2053 237 54 Manual
484 2053 62 52 of
578 2055 257 68 physical
868 2057 112 51 and
1015 2055 223 52 clinical
1273 2055 307 68 diagnosis,
1614 2055 71 67 by
1720 2054 101 53 Dr.
1854 2055 139 51 Otto
150 2053 1970 132 Seifert
310 2176 54 8 ...
412 2134 111 51 and
564 2133 99 52 Dr.
707 2133 300 52 Friedrich
1047 2133 241 54 Mueller
1334 2177 54 8 ...
1438 2132 331 54 authorized
1811 2130 333 55 translation

149 2209 146 52 from
331 2210 95 52 the
457 2210 334 68 thirty-first
825 2209 247 54 German
1107 2211 213 53 edition
1355 2211 72 68 by
1462 2211 66 51 E.
1567 2209 214 55 Cowles
1816 2211 234 51 Andrus
2088 2254 55 9 ...

148 2288 71 52 2d
266 2288 83 52 ed.
397 2289 59 51 in
504 2287 261 69 English.
853 2291 98 48 152
998 2289 376 53 illustrations
1422 2289 110 52 and
1581 2292 28 47 5
1658 2289 222 53 colored
1927 2291 221 50 inserts.

151 2364 400 70 Philadelphia
584 2366 110 51 and
727 2366 255 68 London,
1013 2366 55 53 J.
1101 2367 64 53 B.
1198 2366 336 68 Lippincott
1567 2385 276 50 company
1879 2401 13 33 [
1897 2374 18 20 c
1920 2369 135 49 1934
2062 2400 10 33 ]

214 2437 62 46 xi,
296 2436 82 40 561
399 2448 42 36 p.
497 2438 126 40 illus.
653 2439 135 45 (part
807 2439 112 45 col.)
946 2440 85 38 col.
1051 2440 169 47 plates,
1248 2441 155 39 tables
1432 2442 136 46 (part
1589 2441 144 47 fold.)
1767 2443 178 46 diagrs.
2001 2442 55 38 19½cm.

216 2494 160 39 Blank
405 2505 146 37 pages
580 2495 79 39 for
689 2496 260 38 “Personal
977 2495 166 41 notes”
1175 2504 49 32 at
1255 2498 91 39 end
1374 2498 51 38 of
1453 2499 119 38 each
1601 2499 213 45 chapter.

151 2549 50 52 ©
235 2554 101 41 Oct.
369 2554 67 47 39,
469 2554 114 40 1934;
645 2555 65 39 2c.
744 2556 93 38 and
873 2555 81 39 aff.
989 2555 99 40 Oct.
1124 2557 54 38 27;
1241 2557 40 37 A
1314 2555 141 40 75951;
1520 2557 40 39 J.
1596 2557 54 40 B.
1683 2557 278 47 Lippincott
1995 2567 67 31 со.

229 2611 279 48 (34-39232)

145 2713 244 65 Skahill,
421 2716 268 52 Bernard
721 2716 224 63 Henry,
981 2721 172 50 1890-

225 2834 54 8 ...
313 2791 122 53 The
461 2797 206 61 syntax
698 2791 62 52 of
787 2792 96 53 the
916 2791 205 53 Variae
1149 2792 61 52 of
1241 2792 371 55 Cassiodorus
1646 2836 56 9 ...
1735 2792 74 68 by
1844 2791 132 52 Rev.
149 2792 1974 129 Bernard
322 2868 202 68 Henry

554 2867 226 54 Skahill
816 2913 56 8 ...
944 2869 395 68 Washington,
1369 2870 69 51 D.
1470 2869 81 67 C.,
1583 2871 120 53 The
1735 2868 261 55 Catholic
151 2872 1971 140 university
392 2945 62 51 of
483 2944 282 69 America,
799 2948 148 49 1934.

212 3016 137 47 xxiii,
372 3016 83 40 271
481 3026 57 38 p.,
560 3018 24 36 1
629 3048 8 7 l.
688 3016 55 40 23½
776 3019 44 21 cm
826 3049 8 8 .
897 3017 124 49 (The
1046 3019 220 41 Catholic
1290 3021 269 46 university
1586 3022 50 38 of
1662 3021 235 39 America.
1952 3019 195 42 Studies

148 3073 47 38 in
223 3073 239 39 medieval
489 3074 95 38 and
612 3074 309 40 renaissance
947 3076 158 39 Latin,
1159 3078 91 38 vol.
1350 3078 13 45 III)

216 3129 1354 50 Thesis (PH. D .) —Catholic university of America.
215 3186 129 41 Vita.

220 3242 187 42 “Select
436 3242 366 49 bibliography”;
861 3253 42 37 p.
934 3245 147 42 ix-xi.

153 3298 50 52 ©
235 3304 118 47 Aug.
387 3303 67 43 25,
487 3302 140 48 1934;
661 3303 65 39 2c.
763 3303 127 47 Sept.
923 3304 53 42 4;
1012 3304 79 39 aff.
1129 3305 138 47 Sept..
1289 3305 81 47 30;
1406 3307 40 37 A
1479 3305 168 42 75239;
1684 3306 220 40 Catholic
1937 3306 130 41 univ.
2098 3308 52 38 of

219 3361 237 39 America.
529 3359 279 49 (34-39209)

148 3460 238 68 Smiley,
417 3465 166 52 Dean
613 3464 302 65 Franklin,
949 3470 170 50 1895-

218 3539 52 51 A
303 3540 209 67 college
541 3539 270 54 textbook
842 3540 62 52 of
933 3541 258 69 hygiene,
1224 3542 72 68 by
1329 3542 160 54 Dean
1522 3541 281 52 Franklin
1834 3541 176 54 Smiley
2088 3586 55 10 ...

152 3616 110 52 and
291 3617 225 53 Adrian
545 3617 233 53 Gordon
808 3617 188 54 Gould
1030 3663 54 8 ...
1156 3620 134 52 Rev.
1322 3621 83 52 ed.
1472 3620 136 54 New
1641 3619 178 67 York,
1845 3620 121 52 The
150 3621 1975 126 Macmillan

376 3713 295 49 company,
699 3697 149 49 1934.

219 3766 1327 50 xvii p., 1 l., 383 p. illus., col. pl. diagrs. 20½ cm .
220 3822 381 48 “Bibliography
625 3824 95 39 and
752 3823 301 40 references”
1087 3829 49 33 at
1165 3827 87 36 end
1286 3827 50 37 of
1365 3828 116 38 each
1513 3828 212 45 chapter.

154 3876 50 51 ©
232 3883 118 41 Nov.
377 3883 68 46 13,
475 3882 113 41 1934;
644 3882 65 41 2c.
738 3884 95 39 and
861 3882 79 40 aff.
972 3884 114 38 Nov.
1118 3885 53 37 14;
1230 3885 40 38 A
1299 3884 143 41 78073;
1499 3885 284 42 Macmillan
1810 3897 68 31 со.
233 3938 277 49 (34-39233)
