2350 4196
1157 3999 100 50 426

192 375 211 64 Ayres,
433 375 172 63 Ruby
635 373 266 65 Mildred,
934 378 170 49 1883-

268 452 151 52 Love
449 453 48 51 is
529 471 59 33 so
620 452 161 51 blind
820 451 108 68 [by]
965 452 170 67 Ruby
1166 452 76 51 M.
1275 452 200 68 Ayres.
1544 452 229 54 Garden
1808 452 152 67 City,
1991 452 71 51 N.
2098 452 89 66 Y.,

199 530 354 67 Doubleday,
580 530 196 51 Doran
806 532 45 50 &
878 548 294 49 company,
1199 531 126 66 inc.,
1355 534 150 48 1934.

267 604 25 39 5
320 613 43 38 p.
393 604 44 45 L,
466 601 86 41 304
578 613 44 38 p.
684 602 142 41 19½cm.

268 660 159 40 “First
458 660 225 40 edition.”

201 714 1981 52 © Apr. 4, 1934; 2c. and aff. Apr. 6; A 71248; Ruby M. Ayres, Pocock,
273 775 64 40 St.
371 774 221 47 George's
624 775 115 39 Hill.
771 775 299 46 Weybridge,
1106 775 189 47 Surrey,
1329 776 232 46 England.
1634 775 248 47 (34-8354)

197 862 288 66 Baerlein,
517 864 204 64 Henry
750 863 191 65 Philip
971 865 282 60 Bernard,
1287 866 169 51 1875-

266 941 313 66 Belmonte,
621 942 95 51 the
758 943 262 50 matador
1068 943 107 65 [by]
1224 944 201 65 Henry
1469 944 282 51 Baerlein.
1827 944 137 51 New
2007 942 179 66 York,

195 1019 77 53 H.
303 1019 188 55 Smith
520 1023 44 49 &
590 1020 65 53 R.
681 1020 177 63 Haas,
889 1023 148 49 1934.

270 1092 85 40 387
385 1103 42 36 p.
487 1092 163 46 front.,
681 1092 142 47 illus.,
855 1094 168 47 plates,
1055 1095 145 45 ports.
1260 1093 145 40 22½cm.

270 1149 129 40 Title
429 1149 228 48 vignette.

272 1205 258 48 Drawings
557 1206 61 47 by
646 1205 181 40 Robert
856 1205 247 48 Domingo.

205 1259 51 51 ©
286 1264 110 46 Apr.
425 1262 38 47 9,
492 1262 139 46 1934;
662 1263 65 39 2c.
756 1263 111 47 Apr.
898 1264 79 44 11;
1009 1263 78 39 aff.
1118 1264 110 46 Apr.
1258 1263 80 46 28;
1370 1263 40 38 A
1439 1262 167 47 71224;
1638 1263 241 39 Harrison
1911 1261 154 42 Smith
2096 1264 93 38 and

276 1320 179 39 Robert
486 1320 149 45 Haas,
668 1320 89 39 inc.
828 1319 249 47 (34-8675)

199 1407 254 66 Balmer,
487 1407 225 67 Edwin,
748 1412 171 49 1883-

275 1485 1859 68 After worlds collide, by Edwin Balmer and Philip Wylie …
205 1563 139 52 New
371 1563 178 67 York,
576 1563 309 53 Frederick
911 1565 72 51 A.
1014 1563 198 55 Stokes
1240 1582 294 50 company,
1566 1567 148 48 1934.

276 1635 682 50 xiii p., 1 l., 341 p. 19½cm.
209 1690 1983 52 © Apr. 5, 1934; 2c. and aff. Apr. 17; A 71267; E. Balmer. New York,
280 1753 94 38 and
400 1751 50 40 P.
476 1751 169 47 Wylie,
674 1752 298 46 Hollywood.
1002 1752 141 39 Calif.
1215 1751 223 47 (34-8579)

207 1841 239 64 Barton,
475 1841 226 65 George
731 1843 218 64 Aaron,
982 1846 170 48 1859-

280 1917 232 55 Semitic
541 1919 112 51 and
680 1918 259 53 Hamitic
967 1918 231 68 origins,
1225 1919 172 53 social
1425 1919 110 53 and
1564 1918 285 68 religious,

1876 1920 75 66 by
1979 1917 220 69 George

206 1995 1991 69 Aaron Barton … Philadelphia, University of Pennsylvania
207 2091 183 49 press;
427 2073 257 67 London,
717 2074 76 52 H.
830 2074 263 67 Milford,
1129 2074 227 54 Oxford
1390 2073 316 69 university
1739 2092 172 50 press,
1947 2077 150 50 1934.

314 2146 58 47 xvi,
402 2146 84 40 395
514 2158 43 36 p.
617 2147 26 38 2
670 2147 117 40 fold.
817 2148 95 39 tab.
950 2148 73 47 (in
1052 2147 193 48 pocket)
1313 2148 116 39 24cm.

281 2203 1917 49 “Thirty-two years ago … [the author] published ‘A sketch of Semitic
209 2260 1990 48 origins, social and religious' … After thirty years more of continuous
212 2317 224 39 research
462 2317 48 39 in
538 2318 80 38 the
645 2317 124 46 field,
796 2318 59 39 he
881 2318 88 39 has
996 2317 142 48 again
1166 2320 85 44 put
1276 2318 220 46 together
1522 2318 81 39 the
1630 2317 177 41 results
1835 2317 51 41 of
1911 2317 75 40 his
2014 2318 184 40 studies

261 2374 1938 48 … [and] he finds that he has abandoned most of the important theories
211 2430 156 40 which
397 2431 59 39 he
486 2431 266 39 advocated
782 2431 153 46 thirty
964 2440 140 37 years
1135 2429 323 48 ago.”—Pref.

285 2486 426 40 “Abbreviations”:
776 2498 41 37 p.
849 2487 191 40 xv-xvi.

215 2540 1967 108 © Apr. 6. 1934; 2c. and aff. Apr. 12; A 71228; University of Pennsylvania press. (34-8674)
271 2689 1927 70 … Beiträge zur geschichte der technik und industrie, bd. 22.
280 2769 253 52 Technik
561 2769 333 68 geschichte.
970 2770 90 50 Im
1089 2769 264 67 auftrage
1382 2770 93 51 des
1502 2769 266 53 Vereines
1796 2770 295 51 deutscher
281 2848 279 65 ingenieure,

598 2846 1604 70 herausgegeben von Conrad Matschoss … Berlin,
281 2925 388 68 VDI-verlag,
696 2946 51 47 g.
774 2944 72 33 m.
874 2927 49 51 b.
951 2926 72 57 h.,
1052 2928 147 48 1933.

289 3001 24 36 1
342 3011 41 35 p.
431 3030 6 6 l.,
481 2999 140 46 v-vii,
650 2999 82 39 156
760 3010 40 36 p.
858 3001 168 45 plates,
1056 3009 147 36 maps,
1232 2998 177 47 diagrs.
1467 2998 113 40 30cm.

291 3056 162 39 Plates
482 3065 83 29 are
592 3056 191 46 printed
813 3067 58 28 on
899 3056 115 39 both
1043 3055 139 39 sides.

221 3108 51 51 ©
303 3113 110 39 Dec.
445 3113 67 39 21.
545 3112 138 40 1933;
717 3114 66 38 1c.
815 3113 119 38 Mar.
966 3111 68 42 30,
1067 3111 138 46 1934;
1238 3111 309 48 A-Foreign
1578 3111 169 45 24325;
1783 3112 49 38 V.
1866 3111 55 38 D.
1955 3112 36 37 I.
2026 3110 175 46 verlag,

288 3180 40 35 g.
358 3180 58 29 m.
446 3169 41 38 b.
554 3200 7 7 h.

218 3256 157 65 Betz,
409 3256 272 65 William,
719 3261 170 49 1879-

286 3333 1858 68 Junior mathematics for today, bk. 2. By William Betz …
215 3413 233 58 Boston,
475 3413 137 51 New
643 3413 159 52 York
853 3419 118 59 [etc.]
1006 3413 155 54 Ginn
1187 3413 109 51 and
1327 3431 277 49 company
1712 3414 115 62 [c1934]

325 3517 7 11 x,
359 3487 88 38 438
469 3497 40 35 p.
538 3487 107 38 incl.
673 3486 162 41 front.,
863 3487 141 45 illus.,
1033 3486 175 46 diagrs.
1265 3485 145 40 19½cm.

225 3539 1981 51 © Apr. 17, 1934; 2c. May 1; aff. May 3; A 71479: W. Betz. Rochester,
290 3599 55 39 N.
372 3600 52 39 Y.

218 3689 264 63 Boswell,
511 3689 203 53 James
741 3690 176 65 Lane,
952 3692 170 49 1891-

292 3764 119 51 The
434 3764 307 52 economics
766 3764 63 52 of
855 3763 197 55 Simon
1076 3765 209 51 Nelson
1309 3765 226 65 Patten,
1559 3764 76 67 by
1659 3763 193 53 James
1873 3761 63 51 L.
1965 3757 240 54 Boswell

283 3836 1922 74 … Philadelphia, Pub. by the author, at the press of the John
225 3916 60 54 C.
314 3917 264 53 Winston
607 3936 279 52 company
993 3922 117 62 [c1934]
