2350 4196
1135 4004 95 46 1596

219 460 211 53 formal
459 461 112 52 and
598 460 276 52 informal
903 461 382 67 propositions
1317 460 112 52 and
1459 459 376 52 constructive
1866 463 340 62 arguments.

218 535 425 69 Philadelphia,
676 536 120 53 The
830 538 160 51 Penn
1023 537 334 67 publishing
1391 554 276 49 company
1707 539 192 63 [c1934]

288 609 85 41 218
409 621 43 37 p.
514 610 142 39 16½cm.

222 678 51 50 ©
301 682 118 40 Nov.
446 680 68 46 15,
544 678 138 41 1934:
716 679 64 38 2c.
812 681 91 37 mid
933 680 81 40 nil.
1043 681 116 39 Nov.
1189 679 56 37 26;
1303 680 38 37 A
1371 678 168 40 78264:
1573 680 131 37 Penn
1733 680 107 46 pub.
1899 689 39 28 co.

298 736 279 49 (34-39721)

222 840 120 52 The
378 841 473 63 pharmacopoeia
885 841 62 52 of
983 841 102 52 the
1121 841 217 54 United
1375 841 203 53 States
1614 840 61 52 of
1712 840 292 55 America.

289 915 267 68 Epitome
588 914 64 54 of
680 915 95 53 the
805 916 447 67 Pharmacopeia
1284 914 65 54 of
1376 915 98 52 the
1503 914 215 54 United
1752 913 189 55 States
1972 914 113 52 and
2114 913 96 52 the

217 991 273 53 National
525 991 338 70 formulary,
898 993 141 52 with
1073 997 325 63 comments,
1433 992 282 67 prepared
1751 990 93 54 for
1881 990 96 53 the
2013 1009 98 35 use
2145 989 63 54 of

220 1068 326 70 physicians
588 1070 178 52 under
805 1070 421 53 authorization
1268 1068 64 54 of
1369 1070 94 52 the
1505 1068 238 55 Council
1785 1086 73 36 on
1899 1069 310 68 pharmacy

215 1145 1992 148 and chemistry of the American medical association by a Committee consisting of the following : R. A. Hatcher … Ernest E.
217 1300 1992 70 Irons … Torald Sollmann … W. A. Puckner … Chicago,
217 1377 305 55 American
550 1379 241 52 medical
823 1379 338 53 association
1216 1381 173 64 [c1934]

285 1451 88 41 2.38
395 1462 43 37 p.
499 1451 114 40 17cm.

287 1507 186 41 Fourth
505 1507 196 41 edition.
763 1507 136 41 First
931 1508 267 47 reprinting
1229 1506 127 42 1932.
1421 1507 181 40 Second
1636 1508 269 47 reprinting
1938 1506 126 41 1934.

222 1576 1984 51 © Nov. 14, 1934: 2c. Nov. 19; aff. Nov. 17; A 77281; Amer. medical assn.
307 1637 265 55 [Copyright
598 1638 39 37 is
664 1638 203 38 claimed
894 1649 60 26 on
981 1638 148 46 slight
1155 1637 156 39 minor
1336 1638 222 47 changes]
1628 1636 276 49 (34-39685)

217 1740 286 56 Plotinus.

287 1817 122 53 The
437 1836 220 35 essence
685 1817 64 53 of
778 1816 282 68 Plotinus,
1093 1824 245 46 extracts
1372 1818 152 53 from
1554 1820 94 51 the
1683 1820 86 51 six
1802 1820 266 51 Enneads
2102 1820 109 51 and

218 1896 353 66 Porphyry’s
626 1894 106 53 life
787 1894 65 54 of
906 1896 282 66 Plotinus,
1241 1895 171 54 based
1468 1914 71 34 on
1594 1896 93 53 the
1744 1897 338 52 translation
2144 1896 69 65 by

220 1971 251 68 Stephen
520 1972 345 68 Mackenna;
917 1973 139 52 with
1105 1992 70 34 an
1223 1973 291 67 appendix
1561 1974 202 67 giving
1810 1991 148 35 some
2009 1973 62 52 of
2121 1974 91 51 the

219 2056 145 47 most
402 2050 317 67 important
763 2050 264 53 Platonic
1070 2051 110 52 and
1226 2049 377 54 Aristotelian
1648 2070 219 34 sources
1912 2070 68 33 on
2029 2051 178 52 which

218 2129 265 52 Plotinus
521 2128 170 66 drew,
733 2128 113 52 and
888 2146 70 34 an
1001 2129 307 52 annotated
1350 2129 423 66 bibliography,
1816 2129 278 66 compiled
2139 2129 71 66 by

218 2205 180 54 Grace
438 2205 76 52 H.
557 2206 311 65 Turnbull;
913 2204 282 55 foreword
1238 2206 71 66 by
1351 2207 92 51 the
1485 2207 153 65 Very
1680 2206 291 52 Reverend
2017 2208 85 49 W.
2146 2207 65 50 R.

220 2283 159 67 Inge,
412 2301 48 34 D.
493 2301 48 34 D.
617 2282 138 53 New
789 2281 179 68 York,
1004 2282 229 55 Oxford
1267 2283 317 67 university
1618 2302 173 48 press,
1830 2287 148 49 1934.

285 2355 666 49 2 p. l., XX, 303 p. 19½cm.
292 2412 161 40 “First
486 2411 183 41 edition”

287 2469 348 47 Bibliography
654 2479 8 28 :
700 2478 42 37 p.
775 2466 215 41 277-282.

222 2522 1987 51 © Nov. 15, 1934 : 2c. Nov. 24 : aff. Nov. 26 : A 78290 : Grace H. Turnbull.
289 2583 280 40 Baltimore.
641 2581 278 47 (34-39732)

223 2684 296 64 Rathbun,
549 2684 153 53 John
732 2685 66 53 B.

288 2756 226 56 Service
547 2757 179 54 man’s
760 2759 174 67 guide
966 2765 58 46 to
1060 2759 347 52 automotive
1439 2759 362 68 lubrication,
1836 2760 73 68 by
1948 2760 155 53 John
2198 2800 8 9 B.

218 2834 1898 70 Rathbun, M. E. Chicago, The Chek-chart corporation, 1934.
292 2907 752 48 1 p. l., 131 p. illus. 23½cm.
290 2964 105 40 End
422 2964 321 47 lining-paper
769 2963 226 40 included
1021 2964 50 39 in
1096 2964 188 47 paging.

289 3021 178 40 “Third
499 3019 570 48 printing—September,
1106 3020 155 40 1934.”

289 3077 311 47 Advertising
625 3079 203 37 matter:
857 3086 42 37 p.
926 3075 200 41 119-131
1151 3078 94 38 and
1269 3088 60 28 on
1355 3077 360 48 lining-papers.

223 3130 51 51 ©
311 3135 99 40 Oct.
446 3137 38 38 1.
521 3135 139 40 1934:
699 3139 65 35 2c.
801 3137 94 37 and
933 3146 78 28 aff.
1052 3135 99 39 Oct.
1188 3136 50 38 5:
1276 3137 38 37 A
1351 3137 167 41 76328:
1561 3137 288 40 Chek-chart
1889 3140 318 44 corporation.

291 3191 220 48 Chicago.
577 3191 279 48 [Copyright
900 3192 39 39 is
984 3192 201 38 claimed
1230 3203 60 27 on
1331 3204 105 27 new
1479 3194 223 39 editorial
1750 3198 177 35 matter
1971 3197 93 37 and
2106 3207 103 28 new

291 3248 340 48 illustrations]
705 3247 278 48 (34-39683)

222 3350 122 52 Red
381 3366 180 37 cross.
642 3352 64 52 U.
745 3353 58 52 S.
878 3352 304 53 American
1217 3355 258 53 national
1509 3356 125 50 Red
1671 3373 161 35 cross.

286 3426 216 54 Braille
548 3426 411 69 transcribing;
1006 3428 273 53 standard
1323 3429 243 68 English
1612 3430 235 68 Braille,
1890 3432 174 65 grade
2106 3450 102 34 one

219 3505 112 51 and
360 3504 174 67 grade
563 3522 100 34 one
694 3505 112 52 and
836 3524 29 32 a
896 3504 155 67 half;
1084 3525 31 32 a
1142 3506 245 53 manual.
1451 3508 398 67 Washington,
1878 3510 70 51 D.
1981 3508 80 66 C.,
2091 3509 119 53 The

216 3581 305 53 American
547 3581 258 53 national
833 3582 123 53 Red
983 3601 149 35 cross
1165 3586 190 65 [c1934]

291 3654 281 48 cover-title,
610 3655 68 49 52,
733 3655 39 49 [6]
812 3666 42 37 p.
915 3655 125 40 illus.
1102 3655 114 40 23cm.
1281 3658 116 46 [Red
1434 3669 143 29 cross.
1641 3661 53 38 U.
1736 3660 42 40 S.
1840 3659 254 40 American
222 3671 1965 78 national
399 3710 101 40 Red
528 3721 143 29 cross.
728 3712 53 40 A.
808 3711 55 41 R.
892 3711 48 41 C.
968 3712 209 40 circular
1202 3713 99 49 414]

295 3765 234 41 “Revised
566 3767 217 48 October,
818 3767 157 40 1934.”

225 3817 1981 55 © Nov. 15, 1934; 2c. and aff. Nov. 19: A 78182; Amer. natl. Red cross.
295 3877 281 49 [Copyright
600 3880 40 39 is
667 3880 204 39 claimed
897 3891 59 29 on
984 3880 243 40 additions
1257 3883 94 38 and
1381 3882 249 50 revisions]

302 3934 276 51 (34-39699)
