2350 4196
1064 3991 130 48 1621

227 424 128 47 xxvi,
397 425 84 39 666
521 437 40 37 p.
623 427 163 47 front.,
827 428 141 46 illus.,
1007 437 137 38 maps
1173 428 47 46 (1
1259 427 198 45 double)
1529 425 113 41 19cm.
1722 428 245 39 (Winston
2013 428 137 38 Latin

154 481 173 47 series)

226 537 183 48 Mainly
441 541 255 38 selections
724 540 126 40 from
881 538 193 48 Caesar,
1103 540 70 40 De
1202 540 121 39 bello
1351 540 188 48 gallico.

254 595 352 40 "Grammatical
637 596 298 48 appendix":
970 607 42 37 p.
1043 594 216 41 419-527.

228 652 220 40 Includes
485 652 388 49 bibliographies.

156 705 50 51 ©
283 720 70 29 Nov.
381 709 68 47 19,
478 709 140 47 1934;
649 709 64 40 2c.
745 711 94 37 and
869 708 79 40 aff.
980 709 115 38 Nov.
1128 708 79 46 22;
1239 709 40 37 A
1309 708 167 41 77325;
1512 709 128 39 John
1669 710 48 39 C.
1752 711 218 38 Winston
2029 719 39 31 co.

234 765 278 48 (34-40317)

156 856 297 66 [Edgerly,
485 858 271 52 Webster]
813 861 323 50 1852-1926.

219 931 314 54 Advanced
577 935 370 66 magnetism;
995 950 81 50 or,
1123 932 120 52 The
1288 933 226 67 private
1565 951 121 34 uses
1733 933 64 52 of
1844 933 306 52 emotional

149 1010 220 52 control
414 1028 133 35 over
591 1029 128 34 men
765 1012 113 52 and
926 1028 214 35 women
1186 1010 60 52 in
1292 1027 168 51 every
1506 1009 361 68 department
1916 1010 65 54 of
2028 1010 123 65 life,

149 1087 205 68 taught
378 1087 75 69 by
480 1088 272 53 Edmund
782 1087 384 68 Shaftesbury
1209 1088 195 64 [pseud.]
1495 1087 279 69 Meriden,
1804 1088 199 69 Conn.,
2030 1088 121 53 The

149 1165 240 53 Ralston
418 1165 230 70 society,
678 1170 149 49 1935.

218 1237 85 39 444
330 1249 43 37 p.
435 1239 55 38 25
494 1240 43 21 cm
544 1272 5 6 .

226 1294 145 41 “This
402 1296 41 39 is
471 1296 82 41 the
583 1294 114 40 1934
727 1295 181 41 edition
941 1296 50 39 of
1022 1296 78 40 the
1135 1295 226 39 Personal
1400 1296 284 46 magnetism
1718 1296 150 39 club.”

154 1349 53 52 ©
234 1354 100 40 Oct.
363 1354 66 47 31,
461 1352 112 41 1934;
630 1356 66 39 2c.
725 1355 116 40 Nov.
871 1356 54 37 24;
983 1354 79 39 aff.
1091 1355 116 39 Nov.
1237 1354 55 39 26;
1351 1355 38 37 A
1419 1355 142 40 78335;
1620 1355 206 40 Ralston
1883 1367 40 29 co.
222 1356 1910 100 [Copyright
379 1411 43 39 is
445 1411 204 39 claimed
679 1422 60 28 on
766 1412 208 47 preface]
1048 1411 277 47 (34-40486)

217 1484 220 54 Mental
462 1486 370 68 magnetism;
862 1504 31 34 a
921 1486 169 68 study
1118 1484 63 54 of
1207 1485 95 52 the
1329 1503 166 35 seven
1525 1486 205 52 realms
1758 1486 64 52 of
1846 1486 161 53 mind
2036 1486 109 52 and

150 1569 244 63 mastery
449 1564 58 51 in
560 1563 96 53 the
708 1564 253 52 conflicts
1013 1562 64 53 of
1129 1562 121 68 life,
1306 1563 70 69 by
1434 1563 272 53 Edmund
1765 1561 382 72 Shaftesbury

168 1641 215 66 [pseud.]
458 1641 279 55 Meriden,
771 1641 198 68 Conn.,
999 1641 120 53 The
1153 1641 239 52 Ralston
1426 1641 230 69 society,
1691 1645 149 48 1935.

218 1713 85 40 448
334 1724 41 37 p.
437 1714 55 38 25
497 1716 43 20 cm
545 1746 7 8 .

221 1770 146 39 “This
394 1771 41 39 is
463 1771 79 39 the
572 1769 115 40 1934
714 1771 183 39 edition
927 1772 50 38 of
1007 1771 81 39 the
1117 1770 229 39 Personal
1380 1771 287 46 magnetism
1696 1770 151 39 club."

152 1825 50 51 ©
232 1829 101 40 Oct.
361 1829 69 47 31,
458 1828 113 40 1934;
628 1829 66 40 2c.
724 1831 115 37 Nov.
869 1831 80 39 24;
982 1830 79 39 aff.
1093 1830 114 38 Nov.
1237 1830 82 45 26;
1350 1831 39 37 A
1420 1830 167 45 78337;
1621 1831 206 38 Ralston
1882 1842 39 27 co.
219 1832 1912 99 [Copyright
380 1886 40 37 is
452 1886 203 39 claimed
687 1898 58 27 on
777 1887 209 47 preface]
1060 1886 278 48 (34-40487)

218 1960 305 54 Universal
548 1961 369 68 magnetism;
950 1979 31 34 a
1012 1962 224 66 private
1264 1960 259 70 training
1552 1979 196 35 course
1777 1963 57 51 in
1867 1962 96 54 the
148 1978 1975 113 magnetic
336 2040 218 51 control
599 2038 64 55 of
706 2039 189 53 others
939 2039 70 68 by
1055 2039 93 52 the
1190 2046 144 45 most
1380 2038 286 68 powerful
1710 2039 63 52 of
1819 2041 75 51 all
1940 2041 205 51 known

145 2115 1972 148 methods, taught by Edmund Shaftesbury [pseud.] … Meriden, Conn., The Ralston society, 1935.
215 2267 25 37 2
270 2278 39 29 v.
373 2268 126 39 illus.
560 2266 55 40 25
620 2269 42 21 cm
668 2300 7 7 .

221 2324 157 48 Paged
411 2326 353 45 continuously.

220 2381 146 41 “This
399 2383 41 38 is
472 2384 80 37 the
587 2380 113 41 1934
733 2383 183 39 edition
951 2382 51 40 of
1035 2383 80 39 the
1151 2382 225 39 Personal
1415 2383 285 46 magnetism
1738 2383 149 38 club."

151 2437 50 51 ©
238 2442 101 40 Oct.
370 2441 68 40 31.
473 2442 139 39 1934;
647 2441 67 40 2c.
748 2442 119 38 each
900 2441 116 39 Nov.
1051 2441 54 38 24;
1169 2441 80 40 aff.
1286 2442 117 41 Nov.
1438 2442 81 41 26;
1557 2443 40 37 A
1633 2442 83 39 78333;
1840 2443 206 39 Ralston
2107 2455 39 28 co.

220 2498 279 49 [Copyright
532 2499 40 36 is
605 2498 204 39 claimed
842 2509 60 27 on
935 2498 208 47 preface]
1216 2498 280 47 (34-40488)

151 2571 205 66 Esher,
388 2573 286 63 Reginald
707 2573 164 54 Baliol
922 2576 192 63 Brett,
1144 2576 73 51 2d
1246 2575 276 64 viscounty
1557 2578 325 52 1852-1930.

215 2652 273 53 Journals
524 2652 109 52 and
669 2653 193 51 letters
896 2652 62 51 of
988 2651 302 69 Reginald,
1324 2652 260 52 viscount
1615 2654 200 66 Esher,
1848 2654 189 53 edited
2071 2654 73 67 by

146 2728 2000 70 Maurice V. Brett … I. 1870-1903. London, I. Nicholson &
144 2809 256 60 Watson,
426 2808 241 67 limited,
697 2811 149 49 1934.

218 2895 76 29 xx,
323 2883 84 38 430
436 2894 40 35 p.
536 2884 82 36 col.
650 2882 162 40 front.,
842 2894 73 35 pl.,
946 2884 148 44 ports.
1151 2883 53 38 23½
1238 2885 14 19 cm
1288 2915 6 7 .

150 2935 50 51 ©
235 2941 64 38 1c.
334 2940 117 40 Nov.
484 2940 37 41 9,
556 2939 138 40 1934;
733 2940 36 36 A
805 2940 59 37 ad
898 2940 84 39 int.
1017 2939 167 41 19560;
1219 2940 139 46 pubd.
1399 2940 127 46 Sept.
1561 2941 81 43 13;
1679 2940 192 46 Antony
1907 2940 234 44 Reginald

219 2996 177 39 Forbes
426 2996 139 39 Baliol
615 2997 152 40 Brett,
800 2996 271 40 Callander,
1108 2998 239 39 Scotland,
1380 2997 131 38 John
1538 2997 178 38 Brown
1747 2996 146 43 Robb,
1929 2996 215 46 Stirling.

221 3054 241 40 Scotland,
504 3054 93 37 and
637 3052 162 39 Oliver
840 3053 197 45 Sylvain
1076 3054 137 37 Baliol
1272 3054 153 39 Brett,
1465 3053 222 39 viscount
1726 3054 166 39 Esher,
1934 3053 211 42 Loudon.

228 3110 278 43 (34-40300)

151 3184 290 55 Fairchild,
496 3187 202 61 Henry
728 3186 193 62 Pratt,
957 3190 170 49 1880-
1338 3186 83 52 ed.

219 3261 220 68 Survey
479 3262 63 53 of
581 3268 435 61 contemporary
1052 3264 305 65 sociology,
1395 3262 189 53 edited
1622 3262 74 66 by
1736 3261 202 66 Henry
1975 3262 172 53 Pratt

152 3339 1713 67 Fairchild … New York, T. Nelson and sons, 1934.
217 3413 82 42 xii.
333 3412 86 41 768
451 3424 42 36 p.
555 3412 178 48 diagrs.
795 3410 54 39 22
854 3414 42 20 cm
902 3444 8 7 .

217 3469 100 41 The
356 3469 115 41 New
511 3469 129 40 York
679 3468 141 41 times
859 3468 323 48 publications
1218 3470 123 39 have
1378 3468 189 40 formed
1606 3469 81 39 the
1725 3468 130 40 basis
1893 3467 78 41 for
2010 3470 133 39 these

148 3528 238 47 readings.

151 3580 49 52 ©
231 3585 118 38 Nov.
379 3583 67 40 19.
479 3582 112 41 1934;
650 3582 67 40 2c.
747 3582 114 38 Nov.
893 3580 54 40 23;
1009 3580 79 40 aff.
1121 3581 114 38 Nov.
1268 3580 58 39 22;
1383 3581 40 38 A
1454 3581 169 46 77334;
1657 3581 211 39 Thomas
1898 3581 178 39 Nelson
2111 3582 35 38 &

216 3652 111 27 sons
413 3638 279 48 (34-40453)

146 3712 290 67 Ghadiali,
465 3713 271 53 Dinshah
766 3714 271 61 Pestanji
1066 3713 225 63 Franji,
1320 3713 171 54 1873-

217 3792 489 66 Spectro-chrome
743 3796 182 61 metry
961 3790 462 67 encyclopaedia;
1460 3790 164 51 home
1657 3789 260 67 training
1950 3806 193 35 course

145 3868 61 55 in
236 3870 475 68 spectro-chrome
744 3871 211 64 metry;
991 3873 407 47 measurement
1434 3868 111 51 and
1579 3866 341 54 restoration
1953 3866 66 53 of
2046 3867 95 52 the
