2350 4296
1112 4005 100 50 689

196 350 350 67 Abramson,
576 353 221 53 Harold
825 353 351 61 Alexander,
1209 358 167 49 1899-

268 429 443 54 Electrokinetic
746 432 351 66 phenomena
1136 431 111 53 and
1285 430 149 52 their
1472 429 354 68 application
1864 435 57 48 to
1960 430 231 69 biology

197 508 1992 68 and medicine, by Harold A. Abramson … New York, The
199 584 287 55 Chemical
515 588 224 67 catalog
768 605 296 50 company,
1093 588 126 65 inc.,
1249 589 150 50 1934.

261 660 82 39 331
377 670 42 37 p.
493 659 149 41 front,
672 660 170 48 (port.)
883 661 140 47 illus.,
1058 661 175 47 diagrs.
1308 660 55 40 23½
1397 662 43 21 cm
1446 692 7 7 .
1540 659 280 48 (American
1853 661 231 41 chemical
191 671 1978 92 society.
392 717 298 47 Monograph
720 717 161 41 series,
946 728 87 38 [no.
1065 717 97 48 66])

198 769 50 51 ©
283 774 113 46 May
428 773 68 47 29,
531 773 140 48 1934;
708 774 66 40 2c.
810 776 95 38 and
940 774 80 40 aff.
1056 774 113 46 May
1198 774 82 46 31;
1317 773 41 39 A
1392 773 169 46 71849;
1600 773 244 41 Chemical
1880 775 192 47 catalog
2106 784 81 38 co.,

263 830 89 40 inc.
424 829 279 49 (34-15278)

189 934 314 53 American
531 935 111 52 law
673 934 295 56 Institute.

258 1009 389 54 Restatement
680 1012 63 52 of
776 1013 96 51 the
904 1013 110 51 law
1049 1012 61 51 of
1146 1030 228 49 agency,
1411 1030 57 33 as
1505 1012 247 67 adopted
1787 1012 112 52 and
187 1014 1974 141 promulgated
406 1089 74 67 by
532 1090 94 52 the

675 1091 307 52 American
1031 1092 109 49 law
1189 1090 278 53 institute.
1556 1090 351 68 Containing
1957 1091 228 53 Illinois

188 1168 379 67 annotations,
591 1170 281 65 prepared
897 1169 179 51 under
1099 1170 93 51 the
1219 1169 278 52 direction
1521 1169 63 51 of
1608 1171 67 52 R.
1700 1169 178 53 Allan
1905 1169 278 68 Stephens

247 1246 1934 69 … under the auspices of the Illinois state bar association.
185 1323 1998 71 Volumes i, ii … St. Paul, American law institute publishers,
185 1404 150 51 1934.

259 1476 30 39 2
316 1488 39 28 v.
415 1476 56 39 22½
504 1480 44 20 cm
554 1509 7 7 .

261 1533 74 40 On
364 1544 140 30 cover
523 1545 8 28 :
565 1535 182 39 Pocket
774 1537 313 45 supplement.

190 1586 1992 52 © May 9, 1934; 2c. each June 20; aff. June 21; A 72901; Amer. law
259 1647 239 41 institute.

183 1750 260 67 Bibbins,
468 1753 278 53 Ruthella
771 1755 264 52 Bernard
1067 1754 229 65 (Mory)
1330 1755 170 53 “Mrs.
1527 1715 233 92 Arthur
1785 1755 66 54 B.
1876 1754 302 53 Bibbins.”

257 1829 121 53 The
412 1828 338 69 beginnings
789 1829 63 53 of
887 1830 305 67 Maryland
1230 1829 57 51 in
1327 1829 270 68 England
1639 1830 111 52 and
1788 1828 283 68 America,
2106 1830 74 69 by

188 1906 1990 69 Mrs. Arthur Barneveld Bibbins … Baltimore, Md., Norman
186 1985 344 68 Remington
564 2004 278 50 company
882 2021 12 33 [
900 1993 17 21 c
923 1989 133 49 1934
1061 2020 12 33 ]

256 2056 25 39 5
306 2068 42 36 p.
410 2088 8 17 l.,
445 2057 84 40 105
557 2068 41 37 p.
655 2059 169 46 plates,
852 2061 161 45 ports.,
1039 2059 115 39 fold.
1182 2069 124 37 map.
1363 2058 55 40 23½
1451 2062 14 20 cm
1500 2092 8 7 .

186 2113 53 51 ©
275 2119 112 46 Apr.
425 2119 67 46 17,
530 2118 140 47 1934;
710 2119 66 39 2c.
816 2120 113 46 May
966 2119 80 46 11;
1088 2118 80 41 aff.
1205 2118 112 48 Apr.
1355 2119 82 46 23;
1477 2119 40 39 A
1555 2119 169 47 71864;
1767 2120 53 39 R.
1861 2121 60 38 M.
1961 2119 215 47 Bibbins,

249 2175 281 40 Baltimore.
602 2175 280 48 (34-15456)

176 2279 180 64 Bond,
391 2280 247 54 Charles
665 2281 229 62 Lester,
928 2286 170 49 1888-

246 2356 1681 70 Adventures in Christian living, by C. Lester Bond …
177 2362 1971 125 Takoma
383 2436 173 65 Park,
594 2437 402 66 Washington,
1032 2439 70 51 D.
1199 2480 27 24 C.,
1267 2437 182 55 South
1490 2439 180 65 Bend,
1710 2439 127 51 Ind.
1884 2443 136 61 [etc.]

177 2440 1969 142 Review and herald publishing assn. [ c 1934]
247 2586 1103 49 4 p. L, 7-192 p. incl. front, (port.) 20 cm .
179 2639 50 51 ©
264 2644 113 47 May
408 2643 68 48 16,
510 2643 140 45 1934;
685 2644 67 40 2c.
786 2645 115 47 May
1005 2656 7 35 18;
1049 2644 81 40 aff.
1164 2646 115 46 May
1309 2646 81 46 17;
1426 2646 41 38 A
1500 2646 169 46 72414;
1707 2646 195 39 Review
1936 2646 36 39 &
2004 2647 171 40 herald

245 2701 108 46 pub.
378 2711 127 29 assn.
577 2700 280 49 (34-15438)

172 2803 233 64 Briggs,
437 2806 318 52 Ernestine
784 2807 277 55 Bennett.

245 2880 271 52 Missouri
563 2883 197 52 stories
811 2882 93 52 for
950 2900 191 50 young
1190 2885 215 66 people,
1455 2884 73 66 by
1577 2882 301 53 Ernestine
1927 2883 247 52 Bennett

177 2956 1996 72 Briggs … and Claude Anderson Phillips … Columbia, Mo.,
175 3034 181 54 Lucas
387 3035 275 65 brothers,
697 3039 149 49 1934.

243 3105 83 49 xii,
356 3106 88 40 349
469 3117 42 37 p.
568 3106 128 41 illus.
726 3106 133 48 (incl.
887 3109 162 47 maps)
1117 3110 54 40 19½c
1220 3113 27 20 m
1253 3144 8 7 .

245 3163 22 16 “…
348 3166 236 45 prepared
611 3166 61 47 [to
697 3166 188 48 supply]
911 3165 291 50 interesting
1226 3170 95 39 and
1345 3171 137 38 basal
1509 3170 202 48 reading
1733 3171 227 40 material
1985 3171 48 39 in
174 3171 1979 88 Missouri

340 3221 201 47 history,
577 3222 82 39 for
688 3221 160 48 pupils
882 3224 51 38 of
965 3224 81 39 the
1081 3234 150 37 upper
1268 3227 174 46 grades
1476 3227 52 39 of
1560 3228 82 39 the
1676 3229 298 47 elementary
2009 3229 161 39 school

229 3276 153 41 …”—To
413 3280 82 38 the
523 3280 209 39 teacher.

245 3335 318 40 “References
591 3337 79 38 for
700 3335 251 41 teachers”
971 3347 8 28 :
1011 3347 42 37 p.
1085 3337 97 41 324.

171 3391 50 51 ©
248 3397 114 46 May
386 3396 68 41 28,
481 3395 140 47 1934;
650 3397 64 38 2c.
744 3397 94 38 and
865 3396 80 39 aff.
976 3397 126 38 June
1125 3398 54 45 4;
1209 3399 38 38 A
1275 3399 143 40 72587
1438 3411 7 35 ;
1475 3401 156 40 Lucas
1659 3402 123 40 bros.

246 3452 279 48 (34-15455)

164 3543 247 65 Bryson,
441 3543 249 64 Lyman,
723 3547 168 50 1888-

235 3619 1937 75 A state plan for adult education, by Lyman Bryson … New
168 3699 178 66 York,
378 3698 306 52 American
720 3699 342 52 association
1097 3698 95 54 for
1225 3702 164 52 adult
1423 3704 301 55 education
1767 3738 12 33 [
1784 3712 18 21 c
1807 3709 151 62 1934]

232 3772 55 40 69
318 3783 41 36 p.,
421 3770 55 40 19½
508 3773 45 22 cm
558 3803 8 7 .

233 3829 38 38 A
295 3838 173 37 survey
493 3828 50 38 of
567 3827 81 40 the
669 3827 134 40 work
826 3828 52 39 of
902 3827 81 39 the
1010 3827 274 42 California
1310 3832 298 40 association
1631 3835 79 39 for
1736 3836 137 40 adult
1898 3834 273 41 education.

168 3882 50 51 ©
252 3887 112 45 May
397 3885 67 42 18,
498 3885 139 44 1934;
672 3884 66 39 2c.
773 3885 96 37 and
901 3883 82 40 aff.
1020 3886 114 47 May
1168 3886 80 45 31;
1284 3887 39 38 A
1357 3887 169 48 71854;
1562 3891 162 43 Amer,
1758 3903 129 30 assn,
1922 3893 79 39 for
2036 3891 139 42 adult

233 3942 269 40 education.
575 3940 278 49 (34-15285)
