2350 4196
1158 4001 98 49 526

219 373 248 64 Sheffer,
500 373 226 64 George
754 375 81 62 P.,
868 392 175 49 comp.

291 449 151 53 True
487 450 140 52 tales
675 448 61 51 of
780 449 93 52 the
924 448 229 54 Clarion
1199 452 165 64 river,
1412 448 278 68 compiled
1740 448 111 51 and
1898 448 187 54 edited
2132 449 71 68 by

224 525 215 68 George
487 526 64 53 P.
601 524 220 54 Sheffer
867 526 178 55 under
1091 527 93 52 the
1232 525 250 69 auspices
1531 524 63 53 of
1640 526 94 52 the
1781 525 423 55 Northwestern

221 604 423 66 Pennsylvania
668 605 280 52 raftmens
970 605 349 54 association.
1459 648 8 9 [v.
1492 610 46 61 1]
1617 605 252 67 Clarion,
1890 608 119 65 Pa.,
2031 610 170 49 c1933.

292 679 85 39 204
402 690 41 36 p.
471 678 106 40 incl.
604 679 163 46 front.,
795 679 126 39 illus.
950 678 131 49 (incl.
1109 682 161 45 ports.,
1297 680 135 46 map)
1496 679 114 39 26cm.

225 745 50 50 ©
306 749 126 39 June
459 749 69 46 22,
558 749 138 44 1933;
728 749 66 39 2c.
825 750 94 38 and
948 749 79 40 aff.
1061 750 124 38 June
1213 749 80 41 26;
1326 749 38 38 A
1397 747 167 41 63495:
1600 748 51 41 G.
1682 749 50 38 P.
1767 747 199 47 Sheffer,
1997 748 210 47 Clarion,

292 807 80 38 Pa.
432 805 278 48 (33-30081)

217 908 251 66 Shelley,
505 912 137 51 Mrs.
679 911 172 62 Mary
885 908 479 56 Wollstonecraft
1397 907 303 65 (Godwin)
1746 909 323 53 1797-1851.

294 987 443 66 Frankenstein;
772 1006 80 48 or,
886 988 121 52 The
1037 988 234 52 modern
1304 986 389 66 Prometheus,
1725 985 75 69 by
1831 985 170 69 Mary
221 987 1965 131 Wollstonecraft
569 1066 257 67 Shelley;
864 1067 230 67 printed
1128 1065 138 52 with
1301 1083 71 33 an
1406 1065 390 52 introduction
1830 1065 74 67 by
1938 1065 271 52 Edmund

224 1143 193 52 Lester
467 1143 249 53 Pearson
768 1145 112 50 and
929 1144 378 52 illustrations
1358 1145 74 67 by
1483 1144 237 51 Everett
1770 1143 217 68 Henry.
2073 1143 137 53 New

225 1220 175 66 York,
429 1221 121 52 The
575 1220 250 53 Limited
856 1222 243 52 editions
1128 1222 143 65 club,
1304 1224 151 50 1934.

296 1293 1494 51 xvii p., 1 l., 257 p., 1 l. incl. col. illus., col. plates. 27cm.
223 1350 1972 108 “Fifteen hundred copies printed for the members of the Limited editions club at the Walpole printing office in New Rochelle, N. Y. …
224 1467 100 41 The
355 1466 327 41 illustrations
713 1476 83 31 are
829 1468 59 46 by
922 1466 195 41 Everett
1151 1466 166 48 Henry
1350 1468 107 39 who
1489 1468 114 39 here
1636 1468 131 48 signs
1801 1468 199 41 Everett
2033 1470 178 48 Henry.

223 1524 882 50 This copy is … copyright copy.”
225 1593 51 51 ©
302 1597 109 39 Feb.
437 1597 69 46 20,
531 1596 138 40 1934;
698 1596 66 39 2c.
792 1597 93 38 and
912 1595 80 39 aff.
1018 1596 112 46 Apr.
1157 1595 49 46 9;
1235 1596 42 38 A
1303 1595 166 46 70971;
1499 1595 209 40 Limited
1735 1597 207 40 editions
1969 1598 121 46 club,
2117 1597 90 40 inc.

282 1649 66 54 [©
379 1653 343 46 introduction,
753 1652 327 40 illustrations
1110 1654 93 38 and
1235 1652 318 49 decorations]
1626 1654 277 47 (34-10901)

217 1756 303 65 Shulman,
550 1758 243 53 Charles
821 1758 65 54 E.

291 1836 293 51 Problems
609 1834 63 53 of
697 1834 96 53 the
816 1834 150 53 Jews
990 1835 60 51 in
1075 1834 96 52 the
1195 1838 432 64 contemporary
1652 1835 198 67 world,
1874 1836 75 66 by
1974 1834 235 55 Charles

223 1911 1988 70 E. Shulman … Chicago, The Argus book shop, incorporated,
221 1994 149 50 1934.

290 2064 70 48 39,
395 2066 54 48 [1]
480 2074 44 38 p.
584 2062 115 43 23cm.

224 2118 51 52 ©
303 2124 111 46 Apr.
444 2122 69 46 16,
542 2122 139 45 1934;
712 2121 66 39 2c.
808 2122 95 38 and
931 2120 80 40 aff.
1041 2121 112 47 Apr.
1182 2120 81 47 20;
1294 2121 41 38 A
1365 2121 167 46 72104;
1565 2123 160 46 Argus
1751 2123 122 39 book
1902 2123 131 48 shop,
2064 2124 89 40 inc.

305 2179 278 49 (34-11062)

220 2282 249 63 Simons,
497 2284 217 62 Harry.

291 2360 121 51 The
444 2359 213 52 science
687 2356 64 54 of
782 2359 211 51 human
1026 2358 392 67 proportions;
1457 2377 29 33 a
1523 2376 205 51 survey
1761 2357 64 55 of
1856 2361 95 52 the
1985 2361 222 67 growth

221 2438 112 51 and
371 2436 395 67 development
803 2434 64 53 of
900 2436 97 51 the
1032 2436 222 51 normal
1291 2437 111 51 and
1441 2437 295 51 abnormal
1773 2437 212 53 human
2022 2437 186 69 being,

220 2512 1988 72 by Harry Simons … New York, N. Y., Clothing designer co.,
223 2591 102 53 inc.
367 2594 191 64 [c1933]

290 2678 76 33 xv,
395 2667 87 40 355
507 2677 42 37 p.
605 2666 143 46 illus.,
778 2665 177 47 diagrs.
1012 2665 113 40 26cm.

291 2723 347 47 Bibliography
657 2734 7 27 :
696 2733 41 36 p.
769 2721 215 41 341-346.

225 2777 50 50 ©
308 2781 115 46 July
453 2781 37 45 8,
524 2780 111 40 1933;
696 2780 65 39 2c.
795 2780 120 38 Mar.
947 2778 69 46 24,
1049 2778 138 45 1934;
1223 2778 78 39 aff.
1336 2779 112 47 Apr.
1481 2780 55 38 24;
1598 2780 40 38 A
1670 2780 141 40 71433;
1876 2779 225 49 Clothing
294 2781 1897 104 designer
482 2847 80 36 co.,
590 2837 89 39 inc.
747 2835 277 49 (34-11076)

216 2936 217 66 Smart,
467 2938 405 65 Christopher,
906 2937 321 54 1722-1771.

392 3014 1818 71 … A song to David; with a biographical note by Anthony
226 3093 242 57 Hillver.
562 3095 111 51 [Los
706 3093 265 67 Angeles,
1005 3093 239 52 Printed
1278 3094 76 66 by
1388 3095 63 50 T.
1489 3095 63 51 P.
1591 3094 272 66 Stricker,
1897 3097 173 63 c1934]

291 3167 95 42 xvi,
418 3166 57 41 38
506 3179 42 36 p.
609 3166 145 41 20½cm.

297 3224 144 40 “This
465 3223 196 48 edition,
686 3224 156 47 newly
866 3225 134 40 done,
1025 3222 204 41 consists
1255 3223 50 40 of
1332 3223 83 41 150
1440 3225 202 48 copies.”

223 3280 50 50 ©
300 3284 112 46 Apr.
439 3284 66 44 17,
532 3281 112 41 1934;
699 3282 65 39 2c.
785 3281 111 47 Apr.
915 3281 54 39 25;
1026 3280 80 40 aff.
1124 3280 112 47 Apr.
1256 3281 54 38 24;
1366 3282 40 38 A
1433 3283 141 38 71414;
1631 3284 207 39 Thomas
1859 3284 148 47 Perry
292 3283 1896 104 Stricker,
383 3341 91 38 Los
501 3340 218 46 Angeles.
786 3337 277 48 (34-10895)

217 3441 407 64 Sommerfeld,
654 3441 248 64 Arthur,
933 3444 168 50 1883-

290 3517 316 53 Plastische
644 3535 248 47 massen;
935 3517 366 69 herstellung,
1342 3518 402 70 Verarbeitung
1786 3519 117 52 und
1946 3517 261 69 prüfung

222 3594 538 53 nichtmetallischer
802 3594 318 53 Werkstoffe
1165 3594 97 52 für
1306 3596 259 66 spanlose
1610 3595 289 68 formung,
1944 3614 108 34 von
224 3597 1981 142 dr.-ing.

380 3671 1825 70 Arthur Sommerfeld … Mit 165 abbildungen. Berlin,
221 3749 54 53 J.
310 3749 295 69 Springer,
636 3751 148 50 1934.

289 3819 1171 50 xi. 346 p. inch illus., tables, diagrs. 23 ½ cm.
224 3876 1977 52 © Dec. 20. 1933; 1c. Mar. 13, 1934; A -Foreign 24075; Julius Springer.
304 3936 277 49 (34-11093)
