2350 4296
1063 3988 101 52 257

131 353 289 52 Alabama
490 355 110 51 and
673 355 286 54 Southern
1028 354 200 68 digest.
1307 358 131 48 1933
1510 356 344 52 cumulative
1924 362 211 49 annual

202 433 205 67 pocket
437 438 132 62 part
604 433 94 51 for
730 435 109 49 vol.
875 435 81 49 30.
1033 433 174 51 Table
1241 433 62 51 of
1336 450 148 35 cases
1519 434 257 68 digested
1812 437 111 50 and
1958 437 176 52 Table

201 511 1931 72 of statutes construed … St. Paul, West publishing co.
223 593 158 49 [ c 1934]
204 665 54 39 67
284 675 43 37 p.
383 665 55 39 25
442 667 43 20 cm
490 696 7 7 .

202 721 295 41 Cover-title.

202 778 117 40 This
350 780 248 46 pamphlet
630 779 40 39 is
703 781 47 37 to
783 779 57 39 be
868 778 138 39 fitted
1039 778 102 39 into
1175 779 79 38 the
1286 778 172 47 pocket
1490 780 49 37 at
1574 780 81 37 the
1687 780 121 38 back
1842 780 50 40 of
1925 782 81 38 the
133 783 1982 92 volume
266 836 50 38 of
343 837 81 38 the
451 838 72 37 set
550 838 48 37 to
625 836 157 38 which
810 835 38 40 it
875 835 210 47 belongs.

135 888 1884 52 © Feb. 28, 1934; 2c. Mar. 19; aff. Mar. 21; A 69922; West pub. co.
133 980 186 65 Allen,
348 979 257 54 Richard
635 981 148 63 Day,
816 983 169 50 1887-

199 1057 500 55 Case-conference
730 1058 284 67 problems
1045 1059 57 51 in
1136 1075 183 50 group
1353 1057 306 67 guidance;
1695 1076 31 34 a
1758 1060 231 51 manual
2020 1060 112 51 and

128 1136 270 53 casebook
430 1135 92 53 for
553 1137 141 52 class
726 1137 318 52 counselors
1076 1135 59 52 in
1164 1136 311 67 secondary
1506 1135 235 70 schools,
1771 1137 76 67 by
1877 1136 253 54 Richard

127 1213 1816 70 D. Allen … New York, Inor publishing company, 1933.
197 1300 45 35 x,
268 1289 82 39 151
374 1299 42 37 p.
469 1288 54 39 19½
556 1290 44 20 cm
606 1320 7 7 .
699 1287 277 47 (Half-title:
1000 1289 114 38 Inor
1138 1288 409 47 group-guidance
1571 1288 150 40 series.
1790 1290 91 39 vol.
1955 1291 12 46 II)

200 1346 127 39 “The
362 1345 190 48 College
586 1346 221 38 teachers
842 1345 51 40 of
925 1344 236 48 guidance
1196 1344 260 49 appointed
1491 1356 27 29 a
1555 1346 275 39 committee
1863 1349 48 38 to
1947 1347 182 40 outline

129 1401 2000 51 the basic units of … [a group guidance course in secondary schools] The
127 1462 193 46 present
348 1459 149 40 series
524 1459 40 40 is
592 1460 81 39 the
702 1458 302 47 result.”—p.
1030 1459 40 39 2.

131 1514 1995 52 © July 8, 1933; 2c. Dec. 19; aff. Feb. 16, 1934; A 69436; R. D. Allen,
201 1575 308 46 Providence,
590 1605 6 6 R.
632 1575 36 38 I.
740 1573 250 47 (34-5445)

196 1664 275 55 Common
508 1664 284 67 problems
829 1664 60 51 in
925 1682 184 50 group
1147 1664 306 68 guidance;
1495 1681 30 34 a
1562 1665 231 51 manual
1832 1664 92 53 for
122 1684 1982 113 counselors
317 1744 58 51 in
398 1743 311 66 secondary
730 1742 218 67 school;
975 1743 95 52 the
1091 1741 151 53 basic
1263 1741 154 53 units
1439 1743 60 51 in
1521 1741 95 54 the
1638 1742 491 70 group-guidance

124 1821 361 68 curriculum,
528 1821 75 67 by
645 1820 254 53 Richard
942 1821 71 53 D.
1057 1820 190 67 Allen,
1288 1820 248 53 Frances
1578 1821 55 54 J.
1679 1819 246 56 Stewart
1992 1822 112 52 [and]

125 1900 192 53 Lester
345 1900 56 54 J.
435 1899 299 67 Schloerb;
767 1898 391 53 introduction
1187 1899 74 67 by
1292 1898 264 68 Grayson
1587 1899 68 53 N.
1686 1900 298 54 Kefauver
2015 1902 110 51 and

122 1978 226 52 Harold
380 1977 61 54 C.
470 1977 195 53 Hand.
740 1976 138 52 New
908 1976 182 67 York,
1114 1977 138 52 Inor
1284 1976 335 70 publishing
1647 1996 297 50 company,
1975 1983 149 48 1933.

197 2052 85 39 xix
313 2062 58 38 p.,
404 2054 24 37 1
483 2083 22 16 l.,
539 2050 85 41 186
655 2062 42 37 p.
759 2051 102 40 fold.
909 2050 154 49 diagr.
1126 2051 143 40 19½cm.
1368 2051 272 48 (Half-title:
1677 2052 114 40 Inor
123 2055 1988 96 group-guidance
268 2110 149 40 series.
492 2110 90 40 vol.
641 2108 13 48 I)

194 2168 91 39 “At
308 2168 82 39 the
413 2166 287 40 convention
724 2165 51 41 of
799 2167 80 38 the
899 2164 230 41 National
1154 2165 273 41 vocational
1453 2165 237 49 guidance
1715 2166 308 51 association,
2042 2168 82 41 the

122 2225 190 47 College
342 2224 220 39 teachers
592 2224 51 39 of
672 2223 236 48 guidance
938 2222 261 48 appointed
1228 2233 27 29 a
1287 2223 274 40 committee
1592 2226 48 38 to
1672 2224 201 46 compile
1902 2235 27 29 a
1961 2224 83 41 list
2075 2225 48 40 of

122 2280 1951 49 the common problems of high-school students … The present volume …
121 2340 40 39 is
190 2340 82 39 the
299 2337 391 41 result.”—Pref.

192 2397 348 47 Bibliography:
602 2406 41 36 p.
681 2395 247 48 [149]-153.

127 2450 50 52 ©
213 2454 100 40 Oct.
347 2454 39 46 3,
420 2453 140 45 1933;
596 2452 67 39 2c.
697 2452 111 39 Dec.
843 2452 81 44 17;
962 2450 79 40 aff.
1078 2451 109 40 Feb.
1222 2451 68 47 16,
1325 2451 140 47 1934;
1503 2452 40 38 A
1577 2452 143 40 69435;
1785 2454 54 39 R.
1875 2455 56 37 D.
1965 2453 154 48 Allen,

191 2511 307 45 Providence,
528 2510 52 37 R.
611 2510 36 39 I.
723 2508 250 48 (34-5444)

126 2586 311 53 American
464 2586 225 62 library
716 2583 377 54 association.
1166 2584 213 53 Junior
1403 2585 276 53 members
1704 2587 187 51 round
1920 2585 166 54 table.

189 2663 247 68 Library
482 2663 313 65 literature,
846 2664 336 64 1921-1932;
1237 2680 30 33 a
1317 2663 362 65 supplement
1727 2668 57 47 to
1835 2664 283 54 Cannons’

122 2742 420 68 Bibliography
573 2739 62 53 of
667 2740 217 67 library
918 2757 285 49 economy,
1235 2741 338 65 1876-1920;
1608 2741 281 66 compiled
1921 2742 71 65 by
2024 2742 94 51 the

120 2819 207 54 Junior
359 2819 274 54 members
665 2819 184 53 round
880 2818 151 52 table
1066 2817 63 52 of
1161 2818 94 52 the
1289 2817 305 53 American
1630 2818 217 67 library
120 2820 1972 145 association,
302 2899 181 52 under
529 2897 95 52 the
673 2896 317 66 editorship
1040 2895 63 52 of
1150 2895 196 53 Lucile
1394 2897 78 51 M.
1523 2897 246 51 Morsch.
1848 2896 268 67 Chicago,

119 2973 304 55 American
453 2975 218 65 library
702 2973 355 65 association,
1090 2977 147 48 1934.

186 3060 44 34 x,
263 3049 70 49 [2],
361 3048 87 40 430
474 3059 43 37 p.
574 3047 55 39 26cm

190 3104 324 41 “Periodicals
544 3103 234 41 indexed”:
856 3103 42 49 [2]
931 3115 41 36 p.
1003 3102 251 48 following
1284 3113 42 37 p.
1357 3113 44 30 x.

124 3165 49 51 ©
207 3171 118 37 Mar.
358 3170 39 46 1,
429 3168 114 40 1934;
602 3168 67 40 2'c.
703 3168 120 38 Mar.
857 3166 51 47 8;
944 3166 80 40 aff.
1059 3167 118 38 Mar.
1213 3166 24 39 5;
1299 3166 41 38 A
1373 3166 169 43 69763;
1577 3167 159 40 Amer.
1771 3167 185 47 library
1989 3176 127 31 assn.

199 3225 249 49 (34-5185)

126 3300 212 53 Austin,
390 3302 138 51 Mrs.
561 3300 172 62 Mary
764 3298 296 64 (Hunter)
1102 3301 169 49 1868-

190 3378 340 55 One-smoke
555 3377 216 66 stories,
796 3377 73 66 by
893 3378 172 65 Mary
1087 3374 227 55 Austin.
1392 3377 216 52 Boston
1635 3377 112 52 and
1772 3374 136 56 New
1935 3377 179 62 York,

120 3454 312 69 Houghton
462 3454 204 54 Mifflin
697 3472 296 49 company,
1024 3458 150 48 1934.

191 3529 83 39 xiv
301 3538 57 37 p.,
386 3529 25 38 1
460 3560 22 15 l.,
509 3527 100 40 294.
644 3526 55 50 [1]
728 3537 43 37 p.
835 3523 128 43 illus.
1023 3525 56 40 19½
1111 3527 44 22 cm
1161 3560 8 8 .

122 3582 49 50 ©
199 3587 120 38 Mar.
346 3587 67 44 14,
441 3584 140 46 1934;
611 3585 66 39 2c.
705 3585 95 38 and
828 3583 81 40 aff.
938 3584 121 38 Mar.
1087 3583 81 46 22;
1197 3582 40 38 A
1264 3581 143 40 69907;
1466 3583 140 46 Mary
1633 3582 190 42 Austin.
1856 3582 148 41 Santa
2036 3584 78 47 Fe,

189 3643 54 39 N.
275 3644 58 37 M.
405 3641 280 48 (34-27071)

122 3716 208 66 Ayres,
358 3718 173 63 Ruby
560 3714 266 65 Mildred,
859 3717 172 50 1883-

189 3795 231 68 Always
445 3801 346 59 to-morrow,
814 3793 76 66 by
914 3792 170 67 Ruby
1107 3792 80 53 M.
1212 3791 200 67 Ayres.
1489 3791 231 55 Garden
1749 3792 152 70 City,
1925 3794 69 54 N,
2022 3795 88 53 Y.,

122 3871 349 68 Doubleday,
497 3874 196 51 Doran
723 3875 45 49 &
794 3887 296 50 company,
1118 3870 124 63 inc.,
1273 3872 148 49 1934.
