2350 4196
1150 4002 95 52 598

194 377 271 62 Forman,
493 377 205 62 Henry
728 376 310 55 Chandlee.

268 450 179 68 Early
476 469 199 34 manor
706 453 113 50 and
850 453 323 66 plantation
1203 453 198 51 houses
1432 451 64 53 of
1526 450 337 68 Maryland;
1900 469 73 33 an

198 450 1962 130 architectural
487 529 111 51 and
649 529 294 52 historical
994 530 411 67 compendium,
1460 530 308 50 1634-1800,
1836 528 140 51 with
2027 529 160 51 three

197 605 260 53 hundred
479 610 214 64 twenty
719 607 391 68 photographs
1136 608 110 51 and
1272 624 102 34 one
1398 606 262 52 hundred
1685 604 293 69 forty-five
2003 606 185 67 plans,

199 681 1715 71 details and sketches … by Henry Chandlee Forman …
198 683 1988 145 introduction by Leicester B. Holland … Easton, Md., Haverford,
197 835 120 68 Pa.,
345 838 156 51 Priv.
530 838 174 67 print,
738 837 91 52 for
858 840 94 51 the
982 839 221 66 author,
1235 841 147 49 1934.

267 907 84 42 271
380 921 42 36 p.
483 910 161 48 front.,
675 911 127 39 illus.
832 911 130 48 (incl.
993 911 163 47 plans)
1225 910 55 41 30½
1313 912 43 21 cm
1362 943 6 7 .

268 964 137 49 Maps
436 976 58 30 on
526 966 358 48 lining-papers.

204 1019 1982 54 © May 7, 1934; 2c. and aff. May 9; A 71548; H. C, Forman, Easton, Md.
282 1080 277 48 (34-12963)

200 1155 137 64 Fox,
367 1156 200 64 Henry
600 1156 263 63 Watson,
897 1158 169 51 1872-

270 1233 1857 67 Tales from the Old Testament, retold by H. W. Fox …
201 1310 246 68 pictures
478 1311 74 67 by
585 1312 248 52 Koberta
866 1312 64 52 F.
967 1312 61 54 C.
1061 1312 279 63 Waudby.
1417 1312 137 51 New
1591 1311 161 51 York
1787 1311 112 52 and
1932 1311 257 65 London,

201 1388 230 68 Harper
458 1391 45 49 &
527 1388 277 67 brothers,
833 1392 149 50 1934.

267 1461 528 49 2 p. l., 7-154 p. 19½cm.
272 1516 161 41 “First
459 1517 225 41 edition.”

206 1570 1820 51 © Apr. 20, 1934; 2c. Apr. 26; aff. May 2; A 72355; Harper & bros.
282 1631 277 48 (34-12995)

200 1708 198 63 Gates,
428 1709 143 51 Paul
600 1708 268 55 Wallace.

269 1786 119 52 The
424 1784 226 53 Illinois
685 1788 212 49 central
934 1785 273 52 rail-road
1244 1787 111 51 and
1391 1786 72 52 its
1500 1783 376 53 colonization
1912 1784 172 66 work,
2118 1784 74 66 by

201 1861 1991 70 Paul Wallace Gates … Cambridge, Harvard university press,
204 1943 148 49 1934.

271 2012 1921 49 xiii p., 2 l., [3]-374 p. front., pl., maps, facsims. 22½cm. (Half-title:
202 2071 228 39 Harvard
459 2071 239 39 economic
727 2070 198 47 studies,
954 2072 89 38 vol.
1185 2071 12 46 XLII)

275 2127 266 40 “Awarded
577 2127 80 40 the
694 2127 156 39 David
890 2128 50 38 A.
979 2128 147 39 Wells
1163 2126 127 49 prize
1328 2127 77 40 for
1442 2129 80 38 the
1559 2137 116 37 year
1712 2126 199 41 1931-32

1951 2128 93 38 and
203 2127 1971 96 published
386 2184 128 40 from
544 2185 80 38 the
653 2184 183 39 income
865 2184 50 39 of
945 2185 80 38 the
1055 2183 156 41 David
1241 2186 52 37 A.
1324 2184 148 41 Wells
1501 2185 166 38 fund.”

273 2240 345 47 Bibliography:
678 2251 41 36 p.
753 2239 244 50 [331]-356.

208 2295 1984 50 © Apr. 30, 1934; 2c. May 5; aff. May 3; A 71533; President and fellows
277 2355 52 38 of
358 2356 226 38 Harvard
614 2355 190 46 college,
837 2354 298 47 Cambridge,
1169 2355 141 39 Mass.
1383 2355 278 47 (34-12836)

204 2430 283 63 Goodsell,
519 2430 349 64 Willystme,
903 2429 169 53 1870-

272 2508 54 51 A
357 2507 220 66 history
610 2506 63 52 of
702 2506 282 69 marriage
1018 2509 111 51 and
1161 2508 95 52 the
1287 2507 221 69 family,
1540 2510 74 64 by
1650 2507 324 67 Willystine
202 2506 1968 132 Goodsell

397 2585 1794 68 … Lev. ed. New York, The Macmillan company, 1934.
275 2657 1198 50 xx p., 1 l., 590 p. 20½cm. [Text-book series]
276 2714 229 40 Previous
537 2714 207 40 editions
774 2715 121 39 have
926 2715 133 39 title:
1094 2715 39 38 A
1163 2715 185 47 history
1380 2716 49 40 of
1461 2716 80 40 the
1570 2715 175 48 family
1776 2726 53 29 as
1861 2726 26 28 a
1921 2714 148 40 social
2099 2716 93 39 and

205 2770 304 41 educational
540 2770 292 41 institution.

278 2827 244 41 “Selected
553 2826 252 48 readings”
837 2830 50 37 at
918 2829 90 38 end
1036 2828 52 39 of
1119 2828 116 39 each
1266 2828 211 46 chapter.

211 2881 1926 52 © May 8, 1934; 2c. and aff. May 9; A 72346; W. Goodsell, New York.
289 2941 275 47 (34-12840)

208 3016 275 65 Gutman,
513 3019 196 61 Jacob,
742 3017 168 53 1876-

279 3095 240 52 Modern
553 3095 146 68 drug
733 3095 398 68 encyclopedia
1168 3097 108 51 and
1311 3097 356 68 therapeutic
1700 3097 186 69 guide.
1961 3095 50 51 A
211 3112 1964 112 presentation

494 3172 61 53 of
588 3176 134 48 8160
753 3174 250 64 modern,
1035 3174 594 69 non-pharmacopeal,
1662 3176 303 51 medicinal
211 3191 1963 124 preparations,

469 3250 374 68 comprising:
874 3250 133 53 1878
1036 3251 172 68 drugs
1238 3253 110 51 and
1376 3253 314 66 chemicals,
1721 3257 97 48 535
1847 3252 349 68 biologicals,

212 3328 99 49 860
345 3326 343 68 endocrines,
727 3331 130 48 1563
893 3330 224 65 ampule
1151 3330 417 68 medicaments,
1602 3334 101 49 209
1739 3331 238 52 medical
2014 3330 183 65 foods,

214 3406 96 48 129
345 3404 238 52 mineral
621 3409 217 62 waters,
874 3408 136 49 2344
1044 3406 321 53 individual
1401 3409 110 52 and
1547 3427 184 50 group
1771 3408 276 69 allergens
2085 3408 111 52 and

213 3481 1981 70 642 miscellaneous products. By Jacob Gutman … For the
214 3574 90 34 use
340 3557 60 52 of
434 3557 341 68 physicians,
809 3559 255 68 dentists,
1097 3562 372 66 pharmacists
1506 3566 110 51 and
1649 3565 238 52 medical
1923 3565 273 54 students,

211 3633 135 53 New
377 3634 175 67 York,
578 3636 63 50 P.
670 3637 66 51 B.
765 3636 241 68 Hoeber,
1030 3639 125 66 inc.,
1183 3642 147 50 1934.

281 3707 94 46 xvi,
408 3706 111 41 1393
552 3718 42 37 p.
654 3707 115 41 24cm.

284 3762 73 40 On
384 3775 138 29 cover:
583 3764 131 40 First
743 3766 194 41 edition.

284 3819 344 50 Bibliography:
688 3833 41 36 p.
764 3821 270 42 1034-1094.

216 3873 49 50 ©
296 3879 111 46 May
433 3879 39 38 4,
502 3878 138 46 1934;
670 3879 66 39 2c.
767 3881 92 37 and
889 3880 79 39 aff.
1000 3881 111 47 May
1140 3881 50 45 9;
1223 3882 39 38 A
1292 3884 139 39 72352;
1487 3886 158 40 Amer.
1674 3887 190 46 journal
1899 3888 50 39 of
1977 3897 215 38 surgery,

283 3934 102 47 inc.,
411 3935 114 42 New
551 3936 140 38 York.
757 3936 276 48 (34-12823)
