2350 4196
1077 4002 130 51 1031

147 356 226 66 Heiser,
405 356 210 55 Albert
647 359 86 64 D.,
770 358 169 54 1897-

218 433 323 53 Education
578 434 65 51 of
677 434 293 68 primitive
1007 434 226 68 people;
1274 454 30 32 a
1342 433 387 69 presentation
1765 433 64 53 of
1862 434 98 52 the

148 433 1974 131 folklore
298 510 64 53 of
395 513 97 50 the
525 513 156 51 Bura
717 512 275 68 animists,
1028 512 137 52 with
1201 532 30 32 a
1266 510 361 70 meaningful
1662 510 325 69 experience

148 530 1997 128 curriculum, by Albert D. Heiser … with a foreword by Mabel
149 665 1995 72 Carney … New York [etc.] Fleming H. Revell company
153 778 14 34 [c
194 748 136 49 1934
332 778 13 34 ]

218 818 87 40 316
339 830 42 37 p.
441 819 164 49 front.,
642 822 171 46 plates.
873 821 54 38 21
932 822 42 21 cm
981 853 8 7 .

219 877 228 39 Includes
477 887 63 29 an
572 877 315 47 explanation
919 878 50 39 of
1001 878 81 38 the
1114 877 212 47 projects
1358 877 174 47 taught
1563 877 48 39 in
1646 878 80 38 the
1759 876 191 41 Church
1983 877 51 41 of
2065 880 82 41 the

150 934 227 39 brethren
403 933 200 40 mission
633 935 162 40 school
822 938 50 36 at
903 934 260 47 Garkidda,
1192 932 214 48 Nigeria.

219 990 375 48 Bibliography:
631 1002 43 37 p.
708 991 217 41 306-316.

154 1044 1991 51 © June 30, 1934; 2c. and aff. Aug. 1: A 74388; Fleming H. Reveli co.
233 1105 279 48 (34-23483)

171 1194 241 66 [Henkle,
447 1195 336 68 Henrietta]
825 1199 170 50 1909-

285 1271 1859 69 … Tomorrow is another day. New York, R. D. Henkle
157 1384 12 34 [
175 1357 17 20 c
198 1353 134 48 1934
337 1384 12 33 ]

225 1421 459 48 285 p., 1 l. 19 cm .
224 1479 227 40 Author’s
481 1481 178 46 pseud.,
688 1481 257 40 Henrietta
976 1481 333 46 Buckmaster,
1339 1484 50 37 at
1419 1482 123 39 head
1568 1482 51 38 of
1645 1482 122 41 title.

156 1536 1909 51 © July 19, 1934; 2c. July 21; aff. July 31; A 73677: Rae D. Henkle.
233 1597 278 48 (34-23287)

144 1688 298 65 Herzfeld,
475 1691 184 52 Ernst
691 1692 65 53 E.

276 1767 1867 69 … A new inscription of Xerxes from Persepolis, by Ernst
146 1846 66 55 E.
249 1846 297 53 Herzfeld.
626 1845 268 68 Chicago,
930 1848 110 65 Ill.,
1076 1847 119 51 The
1231 1846 336 67 University
1603 1846 64 52 of
1703 1848 251 68 Chicago
1990 1867 154 49 press

149 1960 12 33 [
165 1933 20 20 c
190 1929 152 63 1932]

222 2000 99 47 viii,
349 2001 55 37 14
432 2011 41 36 p.
530 2000 142 46 illus.,
701 1998 214 40 facsims.
973 1998 54 39 24½
1061 2001 42 19 cm
1109 2029 7 7 .
1184 1999 123 48 (The
1337 1998 221 40 Oriental
1587 1998 227 40 institute
1843 1999 51 40 of
1924 2001 80 38 the
148 2001 1980 103 University

361 2057 50 40 of
439 2057 221 47 Chicago.
727 2056 193 40 Studies
951 2057 47 37 in
1030 2056 190 39 ancient
1251 2056 207 39 oriental
1490 2056 310 39 civilization.
1879 2067 74 29 [no.
1985 2056 67 49 5])

153 2111 50 51 ©
239 2116 119 46 Aug.
391 2113 68 48 30,
495 2113 117 40 1932;
671 2113 66 41 2c.
772 2114 108 40 Jan.
917 2114 67 46 18,
1021 2112 138 47 1933;
1197 2113 80 39 aff.
1315 2114 107 39 Jan.
1459 2113 81 42 16;
1579 2114 40 38 A
1655 2114 168 45 59001;
1864 2113 282 49 University

221 2172 51 39 of
303 2171 222 48 Chicago,
559 2171 221 47 Chicago.

147 2261 277 66 Hichens,
462 2262 218 53 Robert
713 2261 267 66 Smythe,
1017 2264 168 50 1864-

219 2341 122 51 The
373 2358 191 50 power
597 2345 59 47 to
690 2339 106 52 kill
854 2340 92 66 [by]
984 2339 214 52 Robert
1230 2339 271 52 Hichens.
1572 2339 257 67 London,
1863 2340 68 51 E.
1966 2342 180 62 Benn,

149 2417 220 55 limited
403 2421 172 63 [1934]

220 2490 707 50 2 p. l., 7—318 p., 1 l. 19cm.
153 2545 1992 51 © 1c. Aug. 16, 1934; A ad int. 19290; pubd. June 21; R. S. Hichens, Ain
228 2607 163 41 Shens,
426 2617 68 27 nr.
531 2606 157 43 Cairo,
723 2607 170 45 Egypt.
965 2606 277 47 (34-25172)

148 2678 326 67 Hindhede,
504 2681 239 64 Mikkel,
777 2682 171 50 1862-

280 2756 1868 70 … Fuldkommen sundhed og vejen dertil … København,
146 2833 346 70 Gyldendal,
528 2838 149 50 1934.

219 2932 74 38 xv,
322 2923 86 41 396
434 2933 41 37 p.
537 2922 163 46 front.,
732 2922 126 40 illus.
889 2922 131 48 (incl.
1050 2924 173 46 ports.)
1263 2922 178 48 diagrs.
1501 2922 57 41 25
1561 2925 45 21 cm
1610 2955 9 9 .

221 2980 63 40 At
311 2981 125 39 head
466 2980 51 39 of
547 2979 134 40 title:
713 2978 63 41 M.
807 2978 270 41 Hindhede.

225 3035 340 48 “Fortegnelse
593 3046 115 30 over
736 3035 283 40 Hindhedes
1049 3035 329 48 beretninger”:
1440 3045 44 38 p.
1515 3034 215 42 391-392.

154 3091 50 51 ©
244 3095 112 48 Apr.
395 3094 67 47 21,
502 3093 139 47 1934;
684 3095 65 38 1c.
791 3094 126 39 June
955 3093 81 47 28;
1078 3094 308 47 A-Foreign
1426 3095 169 46 25153;
1641 3094 359 48 Gyldendalske
220 3095 1911 105 boghandel,

444 3151 211 39 Nordisk
686 3151 175 46 forlag.
932 3150 277 48 (34-25341)

147 3225 246 67 Holand,
426 3226 276 65 Hjalmar
733 3227 183 64 Rued,
952 3225 168 54 1872-

223 3303 114 55 Old
361 3305 299 67 peninsula
682 3305 167 66 days;
876 3304 139 53 tales
1040 3308 109 50 and
1174 3305 251 52 sketches
1450 3305 63 51 of
1533 3306 95 50 the
1651 3306 157 51 Door
1829 3298 316 74 peninsula,

153 3382 73 68 by
256 3383 272 67 Hjalmar
560 3384 66 52 R.
658 3383 250 52 Holand.
985 3386 65 50 48
1082 3383 395 53 illustrations.
1555 3385 95 50 5th
1683 3402 112 33 rev.
1828 3383 83 51 ed.
155 3383 1965 144 Ephraim,

338 3462 158 59 Wis.,
519 3463 241 50 Pioneer
784 3460 332 68 publishing
1139 3478 295 50 company,
1462 3465 147 50 1934.

223 3535 84 39 292
335 3546 42 36 p.
405 3535 109 39 incl.
543 3535 141 45 illus.,
713 3544 123 37 map.
892 3532 54 41 19½
979 3536 44 20 cm
1029 3566 7 8 .

158 3588 52 51 ©
249 3593 119 46 Aug.
410 3593 38 41 1,
490 3590 140 42 1934;
673 3591 66 40 2c.
780 3591 119 45 Aug.
940 3592 52 39 7:
1036 3590 82 41 aff.
1159 3592 116 44 Aug.
1318 3591 81 41 25;
1444 3592 39 37 A
1524 3589 169 47 73779;
1738 3590 59 40 H.
1841 3590 53 38 R.
1938 3590 209 43 Holand,

224 3649 246 47 Ephraim,
502 3648 116 40 Wis.
693 3647 279 47 (34-23113)

146 3724 202 65 Holde,
377 3723 209 66 David,
618 3727 171 49 1864-
1000 3725 82 51 ed.

219 3799 591 55 Kohlwasserstofföle
844 3803 116 50 und
995 3801 160 66 fette,
1188 3802 166 53 sowie
1388 3802 93 52 die
1511 3803 174 52 ihnen
1718 3800 279 53 chemisch
2029 3802 119 52 und

147 3881 319 53 technische
514 3881 455 51 nahestehenden
1018 3877 177 56 stoffe.
1281 3880 67 68 7.,
1396 3881 180 67 völlig
1622 3899 108 33 neu
1777 3880 188 52 bearb.
2016 3878 129 54 aufl.
