2350 4196
1122 3996 97 53 838

187 372 173 65 Very,
394 371 218 66 Pierre,
651 374 169 50 1900-

314 446 1725 70 … Les quatre vipères. Paris, 38, rue François 1 er [1934]
255 519 1420 51 254 p., 1 l. 18 ½ cm . (On cover: Police sélection, II)
190 590 1981 116 © Jan. 10, 1934; 1c. Mar. 23; A- Foreign 24133; Librairie des Champs-Élysées. (34-18674)
183 760 284 64 Walford,
498 761 216 56 Frank.

255 836 250 52 Twisted
533 840 125 63 clay
692 838 108 65 [by]
833 838 196 51 Frank
1055 837 284 54 Walford.
1421 839 155 63 [New
1606 837 176 56 York,
1814 839 60 53 C.
1905 838 266 57 Kendall,

184 923 16 20 c
206 917 150 63 1934]

257 988 580 47 3 p. l., 5-249 p. 21 cm .
191 1047 50 51 ©
277 1052 114 46 May
422 1052 68 45 21,
525 1051 113 40 1934;
700 1053 64 37 2c.
802 1052 111 47 May
947 1052 53 39 16;
1065 1051 78 39 aff.
1180 1052 112 45 May
1325 1051 54 38 23;
1444 1051 39 37 A
1517 1050 141 40 73155;
1723 1051 51 37 F.
1809 1050 234 46 Walford,
259 1051 1896 109 Katoomba,
491 1114 265 40 Australia.

183 1216 219 66 Walsh,
436 1217 254 55 William
726 1219 261 63 Francis,
1025 1216 166 54 1875-

257 1293 1915 70 A treatise on mortgages, by William F. Walsh … Chicago,
186 1372 321 68 Callaghan
541 1374 111 51 and
687 1391 295 49 company,
1016 1375 150 50 1934.

256 1444 155 49 xlviii,
435 1445 88 41 376
548 1457 43 36 p.
651 1445 54 40 23
710 1448 15 20 cm
758 1479 7 6 .
832 1445 254 48 (National
1111 1447 103 39 text
1240 1445 122 41 book
1388 1445 173 47 series)

192 1500 50 51 ©
280 1505 126 39 June
439 1504 69 46 26,
545 1503 113 41 1934;
721 1504 67 39 2c.
826 1505 95 38 and
957 1503 80 40 aff.
1076 1504 124 39 June
1235 1503 55 39 29;
1357 1504 40 38 A
1433 1502 142 41 74030;
1642 1504 69 39 W.
1751 1504 49 38 F.
1840 1503 179 47 Walsh,
2058 1504 116 38 New

257 1562 143 38 York.
472 1560 277 48 (34-18360)

208 1664 194 54 [Ward,
432 1664 230 52 Arthur
691 1663 294 66 Sarsfield]

255 1740 160 53 Trail
446 1740 62 52 of
539 1742 90 50 Fu
659 1741 267 66 Manchu,
956 1741 74 65 by
1065 1741 113 54 Sax
1212 1741 246 52 Rohmer
1515 1741 173 66 [pseud.
1712 1773 11 33 ]
1803 1742 149 53 June
1984 1744 187 64 25-30,

185 1821 149 50 1934.

267 1893 83 47 (In
379 1888 201 43 London
611 1888 146 51 Daily
790 1888 198 50 sketch)

192 1945 1979 51 © 1c. each July 23, 1934; A ad int. 19231; pubd. June 25, 26, 27, 28, 29,
258 2005 56 40 30;
368 2005 53 40 A.
450 2006 43 40 S.
519 2006 162 47 Ward,
708 2006 211 38 London.

183 2108 311 65 Warpeha,
523 2109 173 62 Mary
722 2106 320 63 Justinian,
1070 2108 177 52 sister.

317 2184 1846 69 … The effect of the reformation on the English eighteenth
187 2268 235 63 century
463 2263 189 53 critics
695 2263 63 53 of
805 2262 384 67 Shakespeare
1231 2263 375 66 (1765-1807)
1658 2264 75 66 by
1778 2263 178 55 Sister
1998 2264 167 65 Mary

185 2340 1541 68 Justinian Warpeha … Washington, D. C., The
1757 2340 261 55 Catholic
188 2341 1955 145 university
428 2418 63 52 of
516 2419 281 65 America,
829 2423 147 48 1934.

259 2490 100 48 viii,
390 2490 55 41 92
471 2502 42 36 p.
573 2491 56 40 23
632 2493 42 21 cm
681 2523 7 8 .

260 2547 63 40 At
348 2548 123 38 head
497 2548 50 38 of
572 2547 108 39 title:
737 2547 100 39 The
862 2545 217 41 Catholic
1106 2545 267 49 university
1400 2546 51 40 of
1475 2546 235 41 America.

259 2603 170 40 Thesis
473 2603 14 47 (PH.
662 2603 304 47 D.)—Catholic
1001 2603 267 48 university
1301 2604 51 39 of
1383 2603 235 48 America,
1651 2603 125 40 1934.

260 2658 347 49 Bibliography:
665 2672 43 36 p.
736 2659 156 41 84-92.

191 2712 50 51 ©
271 2717 126 39 June
424 2717 38 45 6,
491 2717 139 41 1934;
661 2718 64 38 2c.
757 2718 93 38 and
880 2716 78 40 aff.
990 2717 125 40 June
1142 2718 54 39 27;
1254 2719 43 37 A
1323 2717 168 42 74010:
1524 2718 219 41 Catholic
1774 2719 126 39 univ.
1933 2720 50 39 of
259 2718 1895 95 America.
418 2773 278 47 (34-18522)

182 2875 263 65 Watson,
474 2877 169 53 Jesse
668 2877 163 55 Paul.

249 2951 120 53 The
391 2952 113 68 city
525 2952 115 51 real
663 2956 171 50 estate
855 2959 97 46 tax
973 2954 61 51 in
1055 2952 352 67 Pittsburgh,
1427 2955 73 67 by
1524 2953 54 54 J.
1600 2954 63 52 P.
1687 2954 250 53 Watson.
191 2953 1955 144 Pittsburgh,
426 3030 117 66 Pa.,
581 3030 226 52 Bureau
844 3029 61 53 of
939 3030 249 53 business
1222 3032 272 66 research,
1529 3032 333 68 University
1899 3031 62 52 of
189 3032 1957 142 Pittsburgh
413 3142 12 33 [
431 3115 16 20 c
453 3111 150 63 1934]

258 3182 1912 50 6 p. l., 108 p. diagrs. 23½ cm . (Half-title: University of Pittsburgh.
187 3239 194 40 Bureau
410 3239 51 39 of
488 3238 218 41 business
736 3240 223 38 research
987 3241 332 46 monographs,
1377 3251 73 29 no.
1479 3241 52 46 3)

192 3292 1976 54 © June 8, 1934; 2c. and aff. June 26: A 73198; University of Pittsburgh,
262 3353 297 46 Pittsburgh.
633 3352 278 47 (34-18503)

182 3454 265 63 Webber,
479 3455 188 63 Ralph
700 3457 232 52 Ernest.

261 3530 119 51 The
425 3528 95 68 job
565 3530 63 51 of
671 3528 210 69 living;
931 3548 68 33 an
1048 3549 211 34 answer
1303 3537 57 46 to
1405 3532 94 53 the
1545 3532 280 67 problems
1868 3531 63 52 of
1974 3531 193 68 youth,

189 3607 73 69 by
297 3608 189 67 Ralph
521 3608 207 52 Ernest
759 3608 254 53 Webber.
1084 3608 246 69 Dayton,
1364 3608 85 69 O.,
1482 3610 215 53 United
1731 3610 262 53 brethren

190 3610 1953 143 publishing
435 3686 188 67 house,
658 3688 148 49 1934.

260 3756 1245 50 3 p. l., v-viii, 9-173 p. 1 illus., diagrs. 19½ cm .
262 3814 178 41 “Other
468 3815 146 40 books
641 3814 53 40 of
720 3813 232 41 interest”
981 3817 51 38 at
1061 3816 88 38 end
1179 3816 50 38 of
1255 3820 125 36 most
1408 3817 52 39 of
1487 3819 82 38 the
1596 3818 237 47 chapters.

190 3870 51 52 ©
276 3876 126 39 June
434 3875 38 47 8,
505 3875 140 46 1934;
677 3875 67 40 2c.
779 3875 126 39 June
938 3874 81 40 20:
1056 3875 80 39 aff.
1173 3876 123 38 June
1330 3877 81 45 21;
1449 3877 39 38 A
1524 3877 166 46 73151;
1730 3877 176 40 United
1942 3878 225 39 brethren

257 3933 107 46 pub.
396 3932 163 39 house.
629 3930 278 49 (34-18310)
