<alto xmlns="http://www.loc.gov/standards/alto/ns-v3#" xmlns:xlink="http://www.w3.org/1999/xlink" xmlns:xsi="http://www.w3.org/2001/XMLSchema-instance" xsi:schemaLocation="http://www.loc.gov/standards/alto/ns-v3# http://www.loc.gov/alto/v3/alto-3-0.xsd"><Description>
<MeasurementUnit>pixel</MeasurementUnit>
<sourceImageInformation>
<fileName>1934_v1_Part1.pdf</fileName>
</sourceImageInformation>
<OCRProcessing ID="IdOcr">
<ocrProcessingStep>
<processingDateTime>2019-01-10</processingDateTime>
<processingSoftware>
<softwareCreator>ABBYY</softwareCreator>
<softwareName>ABBYY Recognition Server</softwareName>
<softwareVersion>4.0</softwareVersion>
</processingSoftware>
</ocrProcessingStep>
</OCRProcessing>
</Description>
<Styles>
<ParagraphStyle ID="StyleId-FFFFFFFF-FFFF-FFFF-FFFF-FFFFFFFFFFFF-" ALIGN="Left" LEFT="0." RIGHT="0." FIRSTLINE="0."/>
<ParagraphStyle ID="StyleId-521E1FC6-FE7E-43A4-90E6-A9B61626A263-" ALIGN="Right" LEFT="0." RIGHT="0." FIRSTLINE="0." LINESPACE="13.30000019"/>
<ParagraphStyle ID="StyleId-639B624E-F6F5-47B6-BB1D-34E64B53022F-" ALIGN="Left" LEFT="0." RIGHT="0." FIRSTLINE="-27." LINESPACE="13.43999958"/>
<ParagraphStyle ID="StyleId-100905F9-D385-406B-A5BD-ED5B8FD85431-" ALIGN="Left" LEFT="0." RIGHT="0." FIRSTLINE="0."/>
<ParagraphStyle ID="StyleId-7C9F9BA2-EF3A-4B7F-8486-CCC7B7F49B39-" ALIGN="Left" LEFT="0." RIGHT="0." FIRSTLINE="-27." LINESPACE="18.71999931"/>
<ParagraphStyle ID="StyleId-350780E3-60F2-4605-88F5-BB54F9B87091-" ALIGN="Block" LEFT="0." RIGHT="0." FIRSTLINE="-27." LINESPACE="18.71999931"/>
<ParagraphStyle ID="StyleId-90B16C58-D795-4C77-9B89-30378C515D40-" ALIGN="Left" LEFT="0." RIGHT="0." FIRSTLINE="0." LINESPACE="14.39999962"/>
<ParagraphStyle ID="StyleId-17090E09-AFAF-4086-BD9B-4E99FAE6B057-" ALIGN="Right" LEFT="0." RIGHT="0." FIRSTLINE="-27." LINESPACE="14.39999962"/>
<ParagraphStyle ID="StyleId-8B87B633-89DB-4D72-B1FC-26E4ABD680BC-" ALIGN="Left" LEFT="0." RIGHT="0." FIRSTLINE="-27." LINESPACE="18.47999954"/>
<ParagraphStyle ID="StyleId-42DA7417-CA90-4D71-A57B-06556C38D752-" ALIGN="Left" LEFT="0." RIGHT="0." FIRSTLINE="0." LINESPACE="13.30000019"/>
<ParagraphStyle ID="StyleId-D8EE2A7E-42AE-4E35-98DB-F0F935637AA0-" ALIGN="Block" LEFT="0." RIGHT="0." FIRSTLINE="0." LINESPACE="6.599999905"/>
<ParagraphStyle ID="StyleId-33CD3121-D4F5-43B6-BA96-6382D166E6B8-" ALIGN="Left" LEFT="0." RIGHT="0." FIRSTLINE="0." LINESPACE="15.5"/>
<ParagraphStyle ID="StyleId-1CE52AFA-C319-4DD9-B4B1-F0EBFA2B3F0B-" ALIGN="Block" LEFT="0." RIGHT="0." FIRSTLINE="-21." LINESPACE="18.71999931"/>
<ParagraphStyle ID="StyleId-B74F1B65-92F1-49C5-A5FA-D20442F031F2-" ALIGN="Left" LEFT="0." RIGHT="0." FIRSTLINE="0." LINESPACE="17.70006076"/>
<ParagraphStyle ID="StyleId-79E2924A-215C-40B7-B577-7236BFBAA25E-" ALIGN="Center" LEFT="0." RIGHT="0." FIRSTLINE="0." LINESPACE="7.199999809"/>
</Styles>
<Layout>
<Page ID="Page91" PHYSICAL_IMG_NR="91" HEIGHT="4196" WIDTH="2350">
<TopMargin HEIGHT="321" WIDTH="2350" VPOS="0" HPOS="0">
</TopMargin>
<LeftMargin HEIGHT="3632" WIDTH="125" VPOS="321" HPOS="0">
</LeftMargin>
<RightMargin HEIGHT="3632" WIDTH="100" VPOS="321" HPOS="2250">
</RightMargin>
<BottomMargin HEIGHT="243" WIDTH="2350" VPOS="3953" HPOS="0">
<TextBlock ID="Page91_Block1" HEIGHT="60" WIDTH="75" VPOS="3998" HPOS="1144" LANG="en-US" STYLEREFS="StyleId-D2DDB284-BB3E-460B-A360-BF0259FCF9CB-">
<TextLine HEIGHT="48" WIDTH="63" VPOS="4004" HPOS="1150">
<String CONTENT="91" HEIGHT="48" WIDTH="63" VPOS="4004" HPOS="1150"/>
</TextLine>
</TextBlock>
</BottomMargin>
<PrintSpace HEIGHT="3632" WIDTH="2125" VPOS="321" HPOS="125">
<TextBlock ID="Page91_Block2" HEIGHT="3632" WIDTH="2125" VPOS="321" HPOS="125" LANG="en-US" CS="1" STYLEREFS="StyleId-DE1D4325-6434-4D0F-A96A-8232F3019DD9-">
<TextLine HEIGHT="63" WIDTH="407" VPOS="360" HPOS="182" STYLEREFS="StyleId-C56EAC04-BD8F-494E-874E-8628D0398DF5-">
<String LANG="de" CONTENT="Melton," HEIGHT="63" WIDTH="233" VPOS="360" HPOS="182"/>
<SP HEIGHT="63" WIDTH="27" VPOS="360" HPOS="416"/>
<String LANG="fi" CONTENT="Roy." HEIGHT="61" WIDTH="145" VPOS="360" HPOS="444"/>
</TextLine>
<TextLine HEIGHT="76" WIDTH="1925" VPOS="425" HPOS="245" STYLEREFS="StyleId-8438A0EB-FF83-47F5-A1FE-624E0D861180-" CS="1">
<String CONTENT="Metaphysics" HEIGHT="68" WIDTH="385" VPOS="433" HPOS="245"/>
<SP HEIGHT="34" WIDTH="34" VPOS="450" HPOS="631"/>
<String CONTENT="of" HEIGHT="51" WIDTH="61" VPOS="432" HPOS="666"/>
<SP HEIGHT="50" WIDTH="31" VPOS="432" HPOS="728"/>
<String CONTENT="numerology" HEIGHT="68" WIDTH="369" VPOS="429" HPOS="760"/>
<SP HEIGHT="48" WIDTH="37" VPOS="449" HPOS="1130"/>
<String CS="1" CONTENT="&#8230;"/>
<SP HEIGHT="54" WIDTH="38" VPOS="427" HPOS="1223"/>
<String CONTENT="by" HEIGHT="69" WIDTH="72" VPOS="427" HPOS="1262"/>
<SP HEIGHT="69" WIDTH="35" VPOS="427" HPOS="1335"/>
<String CONTENT="Roy" HEIGHT="68" WIDTH="124" VPOS="427" HPOS="1371"/>
<SP HEIGHT="68" WIDTH="33" VPOS="427" HPOS="1496"/>
<String CONTENT="Melton," HEIGHT="68" WIDTH="235" VPOS="425" HPOS="1530"/>
<SP HEIGHT="50" WIDTH="33" VPOS="443" HPOS="1766"/>
<String CS="1" CONTENT="MS." HEIGHT="9" WIDTH="8" VPOS="468" HPOS="1885"/>
<SP HEIGHT="33" WIDTH="35" VPOS="444" HPOS="1894"/>
<String CS="1" CONTENT="D.," HEIGHT="26" WIDTH="29" VPOS="468" HPOS="1967"/>
<SP HEIGHT="49" WIDTH="34" VPOS="445" HPOS="1997"/>
<String CONTENT="with" HEIGHT="52" WIDTH="138" VPOS="426" HPOS="2032"/>
</TextLine>
<TextLine HEIGHT="72" WIDTH="1995" VPOS="507" HPOS="178" STYLEREFS="StyleId-8438A0EB-FF83-47F5-A1FE-624E0D861180-" CS="1">
<String CONTENT="an" HEIGHT="33" WIDTH="71" VPOS="535" HPOS="178"/>
<SP HEIGHT="52" WIDTH="44" VPOS="516" HPOS="250"/>
<String CONTENT="introduction" HEIGHT="55" WIDTH="392" VPOS="512" HPOS="295"/>
<SP HEIGHT="51" WIDTH="43" VPOS="512" HPOS="688"/>
<String CONTENT="by" HEIGHT="67" WIDTH="73" VPOS="512" HPOS="732"/>
<SP HEIGHT="67" WIDTH="45" VPOS="512" HPOS="806"/>
<String CONTENT="Eugene" HEIGHT="66" WIDTH="233" VPOS="512" HPOS="852"/>
<SP HEIGHT="51" WIDTH="45" VPOS="510" HPOS="1086"/>
<String CONTENT="P." HEIGHT="51" WIDTH="64" VPOS="510" HPOS="1132"/>
<SP HEIGHT="54" WIDTH="48" VPOS="509" HPOS="1197"/>
<String CONTENT="Cantwell" HEIGHT="55" WIDTH="280" VPOS="508" HPOS="1246"/>
<SP HEIGHT="49" WIDTH="49" VPOS="509" HPOS="1527"/>
<String CS="1" CONTENT="&#8230;"/>
<SP HEIGHT="31" WIDTH="97" VPOS="528" HPOS="1632"/>
<String CONTENT="v." HEIGHT="32" WIDTH="49" VPOS="528" HPOS="1730"/>
<SP HEIGHT="49" WIDTH="48" VPOS="511" HPOS="1780"/>
<String CONTENT="1." HEIGHT="47" WIDTH="44" VPOS="511" HPOS="1829"/>
<SP HEIGHT="52" WIDTH="45" VPOS="507" HPOS="1874"/>
<String CONTENT="Number" HEIGHT="52" WIDTH="253" VPOS="507" HPOS="1920"/>
</TextLine>
<TextLine HEIGHT="75" WIDTH="1992" VPOS="585" HPOS="177" STYLEREFS="StyleId-8438A0EB-FF83-47F5-A1FE-624E0D861180-">
<String CONTENT="ontology." HEIGHT="67" WIDTH="286" VPOS="593" HPOS="177"/>
<SP HEIGHT="51" WIDTH="75" VPOS="591" HPOS="464"/>
<String CONTENT="Boston," HEIGHT="66" WIDTH="234" VPOS="591" HPOS="540"/>
<SP HEIGHT="66" WIDTH="37" VPOS="591" HPOS="775"/>
<String CONTENT="The" HEIGHT="52" WIDTH="119" VPOS="589" HPOS="813"/>
<SP HEIGHT="54" WIDTH="40" VPOS="587" HPOS="933"/>
<String CONTENT="Christopher" HEIGHT="67" WIDTH="376" VPOS="587" HPOS="974"/>
<SP HEIGHT="48" WIDTH="36" VPOS="605" HPOS="1351"/>
<String CONTENT="publishing" HEIGHT="68" WIDTH="338" VPOS="585" HPOS="1388"/>
<SP HEIGHT="68" WIDTH="32" VPOS="585" HPOS="1727"/>
<String CONTENT="house" HEIGHT="51" WIDTH="173" VPOS="585" HPOS="1760"/>
<SP HEIGHT="47" WIDTH="43" VPOS="604" HPOS="1934"/>
<String CONTENT="[c1934]" HEIGHT="64" WIDTH="191" VPOS="587" HPOS="1978"/>
</TextLine>
<TextLine HEIGHT="48" WIDTH="295" VPOS="666" HPOS="241" STYLEREFS="StyleId-8438A0EB-FF83-47F5-A1FE-624E0D861180-" CS="1">
<String CONTENT="88" HEIGHT="39" WIDTH="53" VPOS="667" HPOS="241"/>
<SP HEIGHT="46" WIDTH="28" VPOS="668" HPOS="295"/>
<String CS="1" CONTENT="p." HEIGHT="7" WIDTH="7" VPOS="699" HPOS="358"/>
<SP HEIGHT="40" WIDTH="54" VPOS="666" HPOS="366"/>
<String CS="1" CONTENT="21cm." HEIGHT="38" WIDTH="115" VPOS="666" HPOS="421"/>
</TextLine>
<TextLine HEIGHT="55" WIDTH="1997" VPOS="729" HPOS="178">
<String CONTENT="&#169;" HEIGHT="51" WIDTH="50" VPOS="733" HPOS="178"/>
<SP HEIGHT="51" WIDTH="28" VPOS="733" HPOS="229"/>
<String CONTENT="Jan." HEIGHT="39" WIDTH="108" VPOS="737" HPOS="258"/>
<SP HEIGHT="39" WIDTH="28" VPOS="736" HPOS="367"/>
<String CONTENT="23," HEIGHT="46" WIDTH="67" VPOS="736" HPOS="396"/>
<SP HEIGHT="46" WIDTH="29" VPOS="736" HPOS="464"/>
<String CONTENT="1934;" HEIGHT="45" WIDTH="139" VPOS="736" HPOS="494"/>
<SP HEIGHT="46" WIDTH="31" VPOS="735" HPOS="634"/>
<String CONTENT="2c." HEIGHT="38" WIDTH="64" VPOS="735" HPOS="666"/>
<SP HEIGHT="27" WIDTH="30" VPOS="746" HPOS="731"/>
<String CONTENT="and" HEIGHT="38" WIDTH="95" VPOS="735" HPOS="762"/>
<SP HEIGHT="37" WIDTH="28" VPOS="735" HPOS="858"/>
<String LANG="de" CONTENT="aff." HEIGHT="39" WIDTH="81" VPOS="733" HPOS="887"/>
<SP HEIGHT="39" WIDTH="29" VPOS="733" HPOS="969"/>
<String CONTENT="Jan." HEIGHT="39" WIDTH="108" VPOS="733" HPOS="999"/>
<SP HEIGHT="39" WIDTH="29" VPOS="732" HPOS="1108"/>
<String CONTENT="29;" HEIGHT="46" WIDTH="80" VPOS="731" HPOS="1138"/>
<SP HEIGHT="46" WIDTH="32" VPOS="731" HPOS="1219"/>
<!-- cceid B8A9A582-6C64-1014-8713-889FF4349C01 --><String CONTENT="A" HEIGHT="38" WIDTH="40" VPOS="731" HPOS="1252"/>
<SP HEIGHT="38" WIDTH="27" VPOS="731" HPOS="1293"/>
<String CONTENT="69221;" HEIGHT="46" WIDTH="169" VPOS="730" HPOS="1321"/>
<SP HEIGHT="47" WIDTH="33" VPOS="729" HPOS="1491"/>
<String CONTENT="Christopher" HEIGHT="47" WIDTH="318" VPOS="729" HPOS="1525"/>
<SP HEIGHT="37" WIDTH="27" VPOS="740" HPOS="1844"/>
<String CONTENT="pnb." HEIGHT="47" WIDTH="108" VPOS="730" HPOS="1872"/>
<SP HEIGHT="38" WIDTH="30" VPOS="730" HPOS="1981"/>
<String CONTENT="house." HEIGHT="38" WIDTH="163" VPOS="730" HPOS="2012"/>
</TextLine>
<TextLine HEIGHT="48" WIDTH="249" VPOS="793" HPOS="256">
<String CONTENT="(34-2167)" HEIGHT="48" WIDTH="249" VPOS="793" HPOS="256"/>
</TextLine>
<TextLine HEIGHT="70" WIDTH="1997" VPOS="890" HPOS="179" STYLEREFS="StyleId-8438A0EB-FF83-47F5-A1FE-624E0D861180-">
<String CONTENT="Mississippi" HEIGHT="66" WIDTH="357" VPOS="892" HPOS="179"/>
<SP HEIGHT="51" WIDTH="28" VPOS="896" HPOS="537"/>
<String CONTENT="and" HEIGHT="52" WIDTH="109" VPOS="895" HPOS="566"/>
<SP HEIGHT="55" WIDTH="31" VPOS="894" HPOS="676"/>
<String CONTENT="Southern" HEIGHT="55" WIDTH="282" VPOS="894" HPOS="708"/>
<SP HEIGHT="51" WIDTH="30" VPOS="893" HPOS="991"/>
<String CONTENT="digest." HEIGHT="67" WIDTH="199" VPOS="893" HPOS="1022"/>
<SP HEIGHT="51" WIDTH="75" VPOS="893" HPOS="1222"/>
<String CONTENT="December," HEIGHT="66" WIDTH="326" VPOS="892" HPOS="1298"/>
<SP HEIGHT="62" WIDTH="28" VPOS="896" HPOS="1625"/>
<String CONTENT="1933," HEIGHT="64" WIDTH="151" VPOS="894" HPOS="1654"/>
<SP HEIGHT="47" WIDTH="26" VPOS="911" HPOS="1806"/>
<String CONTENT="cumulative" HEIGHT="54" WIDTH="343" VPOS="890" HPOS="1833"/>
</TextLine>
<TextLine HEIGHT="70" WIDTH="1714" VPOS="970" HPOS="248" STYLEREFS="StyleId-8438A0EB-FF83-47F5-A1FE-624E0D861180-" CS="1">
<String CONTENT="pamphlet" HEIGHT="67" WIDTH="298" VPOS="973" HPOS="248"/>
<SP HEIGHT="46" WIDTH="46" VPOS="978" HPOS="547"/>
<String CS="1" CONTENT="&#8230;"/>
<SP HEIGHT="54" WIDTH="82" VPOS="971" HPOS="648"/>
<String CONTENT="St." HEIGHT="54" WIDTH="81" VPOS="971" HPOS="731"/>
<SP HEIGHT="49" WIDTH="44" VPOS="975" HPOS="813"/>
<String CONTENT="Paul," HEIGHT="65" WIDTH="164" VPOS="973" HPOS="858"/>
<SP HEIGHT="65" WIDTH="39" VPOS="973" HPOS="1023"/>
<String CONTENT="West" HEIGHT="52" WIDTH="159" VPOS="973" HPOS="1063"/>
<SP HEIGHT="61" WIDTH="39" VPOS="976" HPOS="1223"/>
<String CONTENT="publishing" HEIGHT="67" WIDTH="336" VPOS="970" HPOS="1263"/>
<SP HEIGHT="49" WIDTH="39" VPOS="988" HPOS="1600"/>
<String CONTENT="co." HEIGHT="34" WIDTH="79" VPOS="989" HPOS="1640"/>
<SP HEIGHT="32" WIDTH="48" VPOS="1003" HPOS="1720"/>
<String CS="1" CONTENT="[c1933]" HEIGHT="63" WIDTH="176" VPOS="972" HPOS="1786"/>
</TextLine>
<TextLine HEIGHT="46" WIDTH="327" VPOS="1048" HPOS="244" CS="1">
<String CONTENT="414" HEIGHT="38" WIDTH="84" VPOS="1049" HPOS="244"/>
<SP HEIGHT="45" WIDTH="29" VPOS="1049" HPOS="329"/>
<String CONTENT="p." HEIGHT="35" WIDTH="38" VPOS="1059" HPOS="359"/>
<SP HEIGHT="37" WIDTH="57" VPOS="1048" HPOS="398"/>
<String CS="1" CONTENT="24cm." HEIGHT="38" WIDTH="115" VPOS="1048" HPOS="456"/>
</TextLine>
<TextLine HEIGHT="51" WIDTH="1749" VPOS="1113" HPOS="167" CS="1">
<String CONTENT="&#169;" HEIGHT="51" WIDTH="50" VPOS="1113" HPOS="167"/>
<SP HEIGHT="51" WIDTH="24" VPOS="1113" HPOS="218"/>
<String CONTENT="Dec." HEIGHT="37" WIDTH="110" VPOS="1119" HPOS="243"/>
<SP HEIGHT="40" WIDTH="20" VPOS="1116" HPOS="354"/>
<String CONTENT="8," HEIGHT="47" WIDTH="37" VPOS="1116" HPOS="375"/>
<SP HEIGHT="45" WIDTH="20" VPOS="1118" HPOS="413"/>
<String CS="1" CONTENT="1933;" HEIGHT="39" WIDTH="112" VPOS="1117" HPOS="434"/>
<SP HEIGHT="44" WIDTH="24" VPOS="1118" HPOS="574"/>
<String CONTENT="2c." HEIGHT="38" WIDTH="65" VPOS="1118" HPOS="599"/>
<SP HEIGHT="27" WIDTH="25" VPOS="1128" HPOS="665"/>
<String CONTENT="and" HEIGHT="37" WIDTH="94" VPOS="1118" HPOS="691"/>
<SP HEIGHT="38" WIDTH="22" VPOS="1118" HPOS="786"/>
<String CS="1" CONTENT="aff." HEIGHT="28" WIDTH="80" VPOS="1128" HPOS="809"/>
<SP HEIGHT="39" WIDTH="25" VPOS="1116" HPOS="890"/>
<String CONTENT="Jan." HEIGHT="39" WIDTH="107" VPOS="1116" HPOS="916"/>
<SP HEIGHT="36" WIDTH="21" VPOS="1117" HPOS="1024"/>
<String CONTENT="19," HEIGHT="47" WIDTH="67" VPOS="1115" HPOS="1046"/>
<SP/>
<String CS="1" CONTENT="1934;" HEIGHT="39" WIDTH="112" VPOS="1116" HPOS="1133"/>
<SP HEIGHT="41" WIDTH="26" VPOS="1115" HPOS="1273"/>
<!-- cceid B8AA49C7-6C64-1014-8713-889FF4349C01 --><String CONTENT="A" HEIGHT="38" WIDTH="40" VPOS="1115" HPOS="1300"/>
<SP HEIGHT="38" WIDTH="22" VPOS="1115" HPOS="1341"/>
<String CS="1" CONTENT="69087;" HEIGHT="39" WIDTH="142" VPOS="1115" HPOS="1364"/>
<SP HEIGHT="48" WIDTH="25" VPOS="1113" HPOS="1534"/>
<String CONTENT="West" HEIGHT="41" WIDTH="135" VPOS="1113" HPOS="1560"/>
<SP HEIGHT="45" WIDTH="22" VPOS="1116" HPOS="1696"/>
<String CONTENT="pub." HEIGHT="46" WIDTH="107" VPOS="1115" HPOS="1719"/>
<SP HEIGHT="28" WIDTH="25" VPOS="1125" HPOS="1827"/>
<String CONTENT="co." HEIGHT="29" WIDTH="63" VPOS="1124" HPOS="1853"/>
</TextLine>
<TextLine HEIGHT="63" WIDTH="1001" VPOS="1221" HPOS="183" STYLEREFS="StyleId-8438A0EB-FF83-47F5-A1FE-624E0D861180-">
<String CONTENT="Myers," HEIGHT="63" WIDTH="213" VPOS="1221" HPOS="183"/>
<SP HEIGHT="63" WIDTH="33" VPOS="1221" HPOS="397"/>
<String CONTENT="George" HEIGHT="63" WIDTH="225" VPOS="1221" HPOS="431"/>
<SP HEIGHT="52" WIDTH="30" VPOS="1221" HPOS="657"/>
<String CONTENT="Edmund," HEIGHT="63" WIDTH="291" VPOS="1221" HPOS="688"/>
<SP HEIGHT="59" WIDTH="33" VPOS="1225" HPOS="980"/>
<String CONTENT="1871-" HEIGHT="51" WIDTH="170" VPOS="1221" HPOS="1014"/>
</TextLine>
<TextLine HEIGHT="71" WIDTH="1934" VPOS="1294" HPOS="248" STYLEREFS="StyleId-8438A0EB-FF83-47F5-A1FE-624E0D861180-">
<String CONTENT="Planning" HEIGHT="67" WIDTH="290" VPOS="1298" HPOS="248"/>
<SP HEIGHT="49" WIDTH="28" VPOS="1316" HPOS="539"/>
<String CONTENT="your" HEIGHT="48" WIDTH="141" VPOS="1314" HPOS="568"/>
<SP HEIGHT="51" WIDTH="28" VPOS="1297" HPOS="710"/>
<String CONTENT="future;" HEIGHT="56" WIDTH="222" VPOS="1297" HPOS="739"/>
<SP HEIGHT="36" WIDTH="32" VPOS="1317" HPOS="962"/>
<String CONTENT="an" HEIGHT="34" WIDTH="69" VPOS="1316" HPOS="995"/>
<SP HEIGHT="33" WIDTH="29" VPOS="1315" HPOS="1065"/>
<String CONTENT="occupational" HEIGHT="67" WIDTH="394" VPOS="1296" HPOS="1095"/>
<SP HEIGHT="51" WIDTH="27" VPOS="1297" HPOS="1490"/>
<String CONTENT="civics" HEIGHT="53" WIDTH="171" VPOS="1295" HPOS="1518"/>
<SP HEIGHT="48" WIDTH="26" VPOS="1300" HPOS="1690"/>
<String CONTENT="text" HEIGHT="48" WIDTH="121" VPOS="1300" HPOS="1717"/>
<SP HEIGHT="54" WIDTH="28" VPOS="1294" HPOS="1839"/>
<String CONTENT="for" HEIGHT="53" WIDTH="94" VPOS="1294" HPOS="1868"/>
<SP HEIGHT="66" WIDTH="25" VPOS="1296" HPOS="1963"/>
<String CONTENT="junior" HEIGHT="68" WIDTH="193" VPOS="1294" HPOS="1989"/>
</TextLine>
<TextLine HEIGHT="72" WIDTH="2001" VPOS="1372" HPOS="180" STYLEREFS="StyleId-8438A0EB-FF83-47F5-A1FE-624E0D861180-" CS="1">
<String CONTENT="high" HEIGHT="67" WIDTH="135" VPOS="1377" HPOS="180"/>
<SP HEIGHT="50" WIDTH="36" VPOS="1377" HPOS="316"/>
<String CONTENT="school" HEIGHT="52" WIDTH="189" VPOS="1376" HPOS="353"/>
<SP HEIGHT="67" WIDTH="33" VPOS="1377" HPOS="543"/>
<String CONTENT="grades," HEIGHT="68" WIDTH="222" VPOS="1376" HPOS="577"/>
<SP HEIGHT="65" WIDTH="32" VPOS="1376" HPOS="800"/>
<String CONTENT="by" HEIGHT="67" WIDTH="73" VPOS="1376" HPOS="833"/>
<SP HEIGHT="68" WIDTH="36" VPOS="1375" HPOS="907"/>
<String CONTENT="George" HEIGHT="68" WIDTH="221" VPOS="1375" HPOS="944"/>
<SP HEIGHT="52" WIDTH="33" VPOS="1375" HPOS="1166"/>
<String CONTENT="E." HEIGHT="51" WIDTH="66" VPOS="1375" HPOS="1200"/>
<SP HEIGHT="51" WIDTH="36" VPOS="1375" HPOS="1267"/>
<String CONTENT="Myers" HEIGHT="67" WIDTH="192" VPOS="1375" HPOS="1304"/>
<SP HEIGHT="32" WIDTH="39" VPOS="1395" HPOS="1497"/>
<String CS="1" CONTENT="&#8230;"/>
<SP HEIGHT="55" WIDTH="40" VPOS="1373" HPOS="1593"/>
<String CONTENT="Gladys" HEIGHT="68" WIDTH="219" VPOS="1373" HPOS="1634"/>
<SP HEIGHT="55" WIDTH="34" VPOS="1372" HPOS="1854"/>
<String CONTENT="M." HEIGHT="54" WIDTH="78" VPOS="1372" HPOS="1889"/>
<SP HEIGHT="52" WIDTH="35" VPOS="1374" HPOS="1968"/>
<String CONTENT="Little" HEIGHT="53" WIDTH="177" VPOS="1373" HPOS="2004"/>
</TextLine>
<TextLine HEIGHT="65" WIDTH="1944" VPOS="1452" HPOS="237" STYLEREFS="StyleId-8438A0EB-FF83-47F5-A1FE-624E0D861180-" CS="1">
<String CS="1" CONTENT="&#8230;"/>
<SP HEIGHT="32" WIDTH="31" VPOS="1474" HPOS="237"/>
<String CONTENT="and" HEIGHT="51" WIDTH="111" VPOS="1457" HPOS="269"/>
<SP HEIGHT="55" WIDTH="28" VPOS="1453" HPOS="381"/>
<String CONTENT="Sarah" HEIGHT="55" WIDTH="180" VPOS="1453" HPOS="410"/>
<SP HEIGHT="51" WIDTH="28" VPOS="1454" HPOS="591"/>
<String CONTENT="A." HEIGHT="52" WIDTH="68" VPOS="1454" HPOS="620"/>
<SP HEIGHT="51" WIDTH="27" VPOS="1455" HPOS="689"/>
<String CONTENT="Robinson" HEIGHT="51" WIDTH="288" VPOS="1455" HPOS="717"/>
<SP HEIGHT="32" WIDTH="33" VPOS="1473" HPOS="1006"/>
<String CS="1" CONTENT="&#8230;"/>
<SP HEIGHT="48" WIDTH="79" VPOS="1456" HPOS="1095"/>
<String CONTENT="2d" HEIGHT="52" WIDTH="70" VPOS="1454" HPOS="1175"/>
<SP HEIGHT="52" WIDTH="26" VPOS="1454" HPOS="1246"/>
<String CONTENT="ed." HEIGHT="52" WIDTH="83" VPOS="1453" HPOS="1273"/>
<SP HEIGHT="51" WIDTH="75" VPOS="1453" HPOS="1357"/>
<String CONTENT="New" HEIGHT="51" WIDTH="137" VPOS="1453" HPOS="1433"/>
<SP HEIGHT="51" WIDTH="26" VPOS="1453" HPOS="1571"/>
<String CONTENT="York" HEIGHT="52" WIDTH="163" VPOS="1452" HPOS="1598"/>
<SP HEIGHT="52" WIDTH="22" VPOS="1452" HPOS="1762"/>
<String CONTENT="and" HEIGHT="52" WIDTH="111" VPOS="1453" HPOS="1785"/>
<SP HEIGHT="52" WIDTH="26" VPOS="1453" HPOS="1897"/>
<String CONTENT="London," HEIGHT="65" WIDTH="257" VPOS="1452" HPOS="1924"/>
</TextLine>
<TextLine HEIGHT="67" WIDTH="1265" VPOS="1532" HPOS="180">
<String CONTENT="McGraw-Hill" HEIGHT="54" WIDTH="421" VPOS="1533" HPOS="180"/>
<SP HEIGHT="51" WIDTH="33" VPOS="1533" HPOS="602"/>
<String CONTENT="book" HEIGHT="52" WIDTH="145" VPOS="1533" HPOS="636"/>
<SP HEIGHT="51" WIDTH="29" VPOS="1533" HPOS="782"/>
<String CONTENT="company," HEIGHT="50" WIDTH="297" VPOS="1549" HPOS="812"/>
<SP HEIGHT="60" WIDTH="31" VPOS="1532" HPOS="1110"/>
<String CONTENT="inc.," HEIGHT="66" WIDTH="122" VPOS="1532" HPOS="1142"/>
<SP HEIGHT="62" WIDTH="32" VPOS="1536" HPOS="1265"/>
<String CONTENT="1934." HEIGHT="51" WIDTH="147" VPOS="1534" HPOS="1298"/>
</TextLine>
<TextLine HEIGHT="49" WIDTH="1160" VPOS="1605" HPOS="250" CS="1">
<String CONTENT="xiv," HEIGHT="41" WIDTH="94" VPOS="1608" HPOS="250"/>
<SP HEIGHT="40" WIDTH="25" VPOS="1609" HPOS="345"/>
<String CONTENT="419" HEIGHT="39" WIDTH="84" VPOS="1607" HPOS="371"/>
<SP HEIGHT="47" WIDTH="27" VPOS="1607" HPOS="456"/>
<String CONTENT="p." HEIGHT="37" WIDTH="41" VPOS="1617" HPOS="484"/>
<SP HEIGHT="39" WIDTH="29" VPOS="1607" HPOS="526"/>
<String CS="1" CONTENT="incl."/>
<SP HEIGHT="39" WIDTH="28" VPOS="1607" HPOS="663"/>
<String CONTENT="front.," HEIGHT="44" WIDTH="163" VPOS="1607" HPOS="692"/>
<SP HEIGHT="44" WIDTH="29" VPOS="1607" HPOS="856"/>
<String CONTENT="illus.," HEIGHT="45" WIDTH="140" VPOS="1607" HPOS="886"/>
<SP HEIGHT="45" WIDTH="28" VPOS="1607" HPOS="1027"/>
<String CONTENT="dinars." HEIGHT="45" WIDTH="177" VPOS="1606" HPOS="1056"/>
<SP HEIGHT="39" WIDTH="60" VPOS="1605" HPOS="1234"/>
<String CONTENT="21cm." HEIGHT="39" WIDTH="115" VPOS="1605" HPOS="1295"/>
</TextLine>
<TextLine HEIGHT="50" WIDTH="1928" VPOS="1675" HPOS="252" CS="1">
<String CONTENT="Bibliography:" HEIGHT="47" WIDTH="373" VPOS="1678" HPOS="252"/>
<SP HEIGHT="35" WIDTH="46" VPOS="1689" HPOS="626"/>
<String CONTENT="p." HEIGHT="35" WIDTH="38" VPOS="1689" HPOS="673"/>
<SP HEIGHT="37" WIDTH="41" VPOS="1679" HPOS="712"/>
<String CS="1" CONTENT="403-410;" HEIGHT="40" WIDTH="230" VPOS="1677" HPOS="754"/>
<SP HEIGHT="34" WIDTH="46" VPOS="1683" HPOS="985"/>
<String CS="1" CONTENT="&quot;Books" HEIGHT="39" WIDTH="157" VPOS="1677" HPOS="1060"/>
<SP HEIGHT="37" WIDTH="40" VPOS="1679" HPOS="1218"/>
<String CONTENT="to" HEIGHT="37" WIDTH="48" VPOS="1679" HPOS="1259"/>
<SP HEIGHT="29" WIDTH="40" VPOS="1687" HPOS="1308"/>
<String CS="1" CONTENT="read&quot;" HEIGHT="38" WIDTH="114" VPOS="1677" HPOS="1349"/>
<SP HEIGHT="39" WIDTH="41" VPOS="1676" HPOS="1493"/>
<String CONTENT="at" HEIGHT="36" WIDTH="47" VPOS="1679" HPOS="1535"/>
<SP HEIGHT="36" WIDTH="41" VPOS="1679" HPOS="1583"/>
<String CONTENT="end" HEIGHT="38" WIDTH="90" VPOS="1677" HPOS="1625"/>
<SP HEIGHT="38" WIDTH="40" VPOS="1677" HPOS="1716"/>
<String CONTENT="of" HEIGHT="40" WIDTH="50" VPOS="1675" HPOS="1757"/>
<SP HEIGHT="39" WIDTH="39" VPOS="1675" HPOS="1808"/>
<String CONTENT="most" HEIGHT="37" WIDTH="124" VPOS="1678" HPOS="1848"/>
<SP HEIGHT="37" WIDTH="39" VPOS="1678" HPOS="1973"/>
<String CONTENT="of" HEIGHT="38" WIDTH="49" VPOS="1676" HPOS="2013"/>
<SP HEIGHT="39" WIDTH="38" VPOS="1676" HPOS="2063"/>
<String CONTENT="the" HEIGHT="39" WIDTH="78" VPOS="1676" HPOS="2102"/>
</TextLine>
<TextLine HEIGHT="46" WIDTH="239" VPOS="1737" HPOS="180">
<String CONTENT="chapters." HEIGHT="46" WIDTH="239" VPOS="1737" HPOS="180"/>
</TextLine>
<TextLine HEIGHT="51" WIDTH="2000" VPOS="1804" HPOS="183" CS="1">
<String CONTENT="&#169;" HEIGHT="51" WIDTH="50" VPOS="1804" HPOS="183"/>
<SP HEIGHT="51" WIDTH="31" VPOS="1804" HPOS="234"/>
<String CONTENT="Jan." HEIGHT="38" WIDTH="108" VPOS="1809" HPOS="266"/>
<SP HEIGHT="39" WIDTH="28" VPOS="1808" HPOS="375"/>
<String CONTENT="22," HEIGHT="46" WIDTH="68" VPOS="1808" HPOS="404"/>
<SP HEIGHT="46" WIDTH="31" VPOS="1808" HPOS="473"/>
<String CONTENT="1934;" HEIGHT="40" WIDTH="139" VPOS="1807" HPOS="505"/>
<SP HEIGHT="40" WIDTH="32" VPOS="1807" HPOS="645"/>
<String CONTENT="2c." HEIGHT="39" WIDTH="65" VPOS="1807" HPOS="678"/>
<SP HEIGHT="38" WIDTH="31" VPOS="1807" HPOS="744"/>
<String CONTENT="Jan." HEIGHT="38" WIDTH="108" VPOS="1807" HPOS="776"/>
<SP HEIGHT="37" WIDTH="30" VPOS="1807" HPOS="885"/>
<String CONTENT="23;" HEIGHT="39" WIDTH="80" VPOS="1806" HPOS="916"/>
<SP HEIGHT="29" WIDTH="34" VPOS="1816" HPOS="997"/>
<String LANG="de" CONTENT="aff." HEIGHT="41" WIDTH="81" VPOS="1805" HPOS="1032"/>
<SP HEIGHT="40" WIDTH="31" VPOS="1806" HPOS="1114"/>
<String CONTENT="Jan." HEIGHT="39" WIDTH="107" VPOS="1806" HPOS="1146"/>
<SP HEIGHT="40" WIDTH="31" VPOS="1805" HPOS="1254"/>
<String CONTENT="25;" HEIGHT="47" WIDTH="80" VPOS="1805" HPOS="1286"/>
<SP HEIGHT="47" WIDTH="33" VPOS="1805" HPOS="1367"/>
<!-- cceid B8AAF11D-6C64-1014-8713-889FF4349C01 --><String CONTENT="A" HEIGHT="39" WIDTH="41" VPOS="1805" HPOS="1401"/>
<SP HEIGHT="39" WIDTH="28" VPOS="1805" HPOS="1443"/>
<String CS="1" CONTENT="68987;" HEIGHT="41" WIDTH="143" VPOS="1804" HPOS="1472"/>
<SP HEIGHT="45" WIDTH="33" VPOS="1806" HPOS="1643"/>
<String CONTENT="McGraw-Hill" HEIGHT="41" WIDTH="354" VPOS="1804" HPOS="1677"/>
<SP HEIGHT="38" WIDTH="28" VPOS="1805" HPOS="2032"/>
<String CONTENT="book" HEIGHT="39" WIDTH="122" VPOS="1804" HPOS="2061"/>
</TextLine>
<TextLine HEIGHT="48" WIDTH="511" VPOS="1864" HPOS="251" CS="1">
<String CS="1" CONTENT="co.," HEIGHT="27" WIDTH="66" VPOS="1877" HPOS="251"/>
<SP HEIGHT="40" WIDTH="27" VPOS="1866" HPOS="332"/>
<String CONTENT="inc." HEIGHT="39" WIDTH="87" VPOS="1866" HPOS="360"/>
<SP HEIGHT="47" WIDTH="64" VPOS="1865" HPOS="448"/>
<String CONTENT="(34-1924)" HEIGHT="48" WIDTH="249" VPOS="1864" HPOS="513"/>
</TextLine>
<TextLine HEIGHT="54" WIDTH="1997" VPOS="1968" HPOS="186" STYLEREFS="StyleId-C56EAC04-BD8F-494E-874E-8628D0398DF5-">
<String CONTENT="National" HEIGHT="52" WIDTH="278" VPOS="1969" HPOS="186"/>
<SP HEIGHT="52" WIDTH="27" VPOS="1969" HPOS="465"/>
<String CONTENT="association" HEIGHT="50" WIDTH="357" VPOS="1971" HPOS="493"/>
<SP HEIGHT="35" WIDTH="29" VPOS="1985" HPOS="851"/>
<String CONTENT="of" HEIGHT="51" WIDTH="62" VPOS="1969" HPOS="881"/>
<SP HEIGHT="51" WIDTH="28" VPOS="1969" HPOS="944"/>
<String CONTENT="railroad" HEIGHT="52" WIDTH="255" VPOS="1968" HPOS="973"/>
<SP HEIGHT="51" WIDTH="30" VPOS="1969" HPOS="1229"/>
<String CONTENT="and" HEIGHT="51" WIDTH="114" VPOS="1969" HPOS="1260"/>
<SP HEIGHT="52" WIDTH="30" VPOS="1969" HPOS="1375"/>
<String CONTENT="utilities" HEIGHT="53" WIDTH="254" VPOS="1968" HPOS="1406"/>
<SP HEIGHT="37" WIDTH="25" VPOS="1985" HPOS="1661"/>
<String CONTENT="commissioners." HEIGHT="53" WIDTH="496" VPOS="1969" HPOS="1687"/>
</TextLine>
<TextLine HEIGHT="70" WIDTH="1869" VPOS="2044" HPOS="314" STYLEREFS="StyleId-8438A0EB-FF83-47F5-A1FE-624E0D861180-" CS="1">
<String CS="1" CONTENT="&#8230;"/>
<SP HEIGHT="50" WIDTH="54" VPOS="2048" HPOS="314"/>
<String CONTENT="Proceedings" HEIGHT="68" WIDTH="382" VPOS="2046" HPOS="369"/>
<SP HEIGHT="32" WIDTH="48" VPOS="2066" HPOS="752"/>
<String CONTENT="of" HEIGHT="51" WIDTH="63" VPOS="2047" HPOS="801"/>
<SP HEIGHT="50" WIDTH="49" VPOS="2047" HPOS="865"/>
<String CONTENT="forty-fifth" HEIGHT="69" WIDTH="324" VPOS="2044" HPOS="915"/>
<SP HEIGHT="50" WIDTH="50" VPOS="2048" HPOS="1240"/>
<String CONTENT="annual" HEIGHT="50" WIDTH="212" VPOS="2048" HPOS="1291"/>
<SP HEIGHT="52" WIDTH="48" VPOS="2048" HPOS="1504"/>
<String CONTENT="convention" HEIGHT="53" WIDTH="340" VPOS="2047" HPOS="1553"/>
<SP HEIGHT="51" WIDTH="46" VPOS="2047" HPOS="1894"/>
<String CONTENT="held" HEIGHT="53" WIDTH="129" VPOS="2046" HPOS="1941"/>
<SP HEIGHT="50" WIDTH="55" VPOS="2047" HPOS="2071"/>
<String CONTENT="at" HEIGHT="45" WIDTH="56" VPOS="2053" HPOS="2127"/>
</TextLine>
<TextLine HEIGHT="68" WIDTH="1996" VPOS="2124" HPOS="186" STYLEREFS="StyleId-8438A0EB-FF83-47F5-A1FE-624E0D861180-" CS="1">
<String CONTENT="Cincinnati," HEIGHT="66" WIDTH="346" VPOS="2125" HPOS="186"/>
<SP HEIGHT="66" WIDTH="27" VPOS="2125" HPOS="533"/>
<String CONTENT="Ohio," HEIGHT="59" WIDTH="168" VPOS="2125" HPOS="561"/>
<SP HEIGHT="59" WIDTH="25" VPOS="2125" HPOS="730"/>
<String CONTENT="October" HEIGHT="54" WIDTH="245" VPOS="2124" HPOS="756"/>
<SP HEIGHT="46" WIDTH="25" VPOS="2131" HPOS="1002"/>
<String CS="1" CONTENT="10" HEIGHT="49" WIDTH="30" VPOS="2127" HPOS="1062"/>
<SP HEIGHT="49" WIDTH="23" VPOS="2127" HPOS="1093"/>
<String CONTENT="to" HEIGHT="46" WIDTH="58" VPOS="2130" HPOS="1117"/>
<SP HEIGHT="46" WIDTH="27" VPOS="2130" HPOS="1176"/>
<String CONTENT="13," HEIGHT="63" WIDTH="81" VPOS="2129" HPOS="1204"/>
<SP HEIGHT="62" WIDTH="27" VPOS="2130" HPOS="1286"/>
<String CONTENT="1933." HEIGHT="50" WIDTH="149" VPOS="2127" HPOS="1314"/>
<SP HEIGHT="51" WIDTH="63" VPOS="2127" HPOS="1464"/>
<String CONTENT="New" HEIGHT="51" WIDTH="138" VPOS="2127" HPOS="1528"/>
<SP HEIGHT="51" WIDTH="26" VPOS="2127" HPOS="1667"/>
<String CONTENT="York" HEIGHT="53" WIDTH="164" VPOS="2125" HPOS="1694"/>
<SP HEIGHT="53" WIDTH="22" VPOS="2125" HPOS="1859"/>
<String CONTENT="city," HEIGHT="68" WIDTH="132" VPOS="2124" HPOS="1882"/>
<SP HEIGHT="66" WIDTH="24" VPOS="2125" HPOS="2015"/>
<String CONTENT="Pub." HEIGHT="52" WIDTH="142" VPOS="2124" HPOS="2040"/>
</TextLine>
<TextLine HEIGHT="71" WIDTH="2001" VPOS="2200" HPOS="184" STYLEREFS="StyleId-8438A0EB-FF83-47F5-A1FE-624E0D861180-">
<String CONTENT="by" HEIGHT="67" WIDTH="73" VPOS="2203" HPOS="184"/>
<SP HEIGHT="66" WIDTH="46" VPOS="2204" HPOS="258"/>
<String CONTENT="The" HEIGHT="51" WIDTH="122" VPOS="2204" HPOS="305"/>
<SP HEIGHT="54" WIDTH="48" VPOS="2203" HPOS="428"/>
<String CONTENT="State" HEIGHT="54" WIDTH="159" VPOS="2203" HPOS="477"/>
<SP HEIGHT="51" WIDTH="48" VPOS="2204" HPOS="637"/>
<String CONTENT="law" HEIGHT="52" WIDTH="107" VPOS="2204" HPOS="686"/>
<SP HEIGHT="33" WIDTH="48" VPOS="2223" HPOS="794"/>
<String CONTENT="reporting" HEIGHT="68" WIDTH="299" VPOS="2203" HPOS="843"/>
<SP HEIGHT="49" WIDTH="45" VPOS="2222" HPOS="1143"/>
<String CONTENT="company," HEIGHT="49" WIDTH="298" VPOS="2222" HPOS="1189"/>
<SP HEIGHT="48" WIDTH="47" VPOS="2222" HPOS="1488"/>
<String CONTENT="official" HEIGHT="56" WIDTH="199" VPOS="2200" HPOS="1536"/>
<SP HEIGHT="50" WIDTH="48" VPOS="2205" HPOS="1736"/>
<String CONTENT="reporter" HEIGHT="64" WIDTH="257" VPOS="2207" HPOS="1785"/>
<SP HEIGHT="51" WIDTH="46" VPOS="2203" HPOS="2043"/>
<String CONTENT="for" HEIGHT="51" WIDTH="95" VPOS="2203" HPOS="2090"/>
</TextLine>
<TextLine HEIGHT="148" WIDTH="1978" VPOS="2280" HPOS="183" STYLEREFS="StyleId-8438A0EB-FF83-47F5-A1FE-624E0D861180-" CS="1">
<String CONTENT="the" HEIGHT="52" WIDTH="94" VPOS="2282" HPOS="185"/>
<SP HEIGHT="51" WIDTH="33" VPOS="2283" HPOS="280"/>
<String CONTENT="National" HEIGHT="52" WIDTH="272" VPOS="2282" HPOS="314"/>
<SP HEIGHT="50" WIDTH="36" VPOS="2283" HPOS="587"/>
<String CONTENT="association" HEIGHT="53" WIDTH="337" VPOS="2281" HPOS="624"/>
<SP HEIGHT="35" WIDTH="32" VPOS="2300" HPOS="962"/>
<String CONTENT="of" HEIGHT="53" WIDTH="62" VPOS="2282" HPOS="995"/>
<SP HEIGHT="50" WIDTH="32" VPOS="2282" HPOS="1058"/>
<String CONTENT="railroad" HEIGHT="52" WIDTH="253" VPOS="2282" HPOS="1091"/>
<SP HEIGHT="51" WIDTH="34" VPOS="2283" HPOS="1345"/>
<String CONTENT="and" HEIGHT="51" WIDTH="111" VPOS="2283" HPOS="1380"/>
<SP HEIGHT="51" WIDTH="33" VPOS="2283" HPOS="1492"/>
<String CONTENT="utilities" HEIGHT="52" WIDTH="242" VPOS="2282" HPOS="1526"/>
<SP HEIGHT="33" WIDTH="33" VPOS="2302" HPOS="1769"/>
<String CONTENT="commissioners" HEIGHT="133" WIDTH="1978" VPOS="2280" HPOS="183"/>
<SP HEIGHT="48" WIDTH="32" VPOS="2380" HPOS="271"/>
<String CONTENT="[c1934]" HEIGHT="64" WIDTH="191" VPOS="2364" HPOS="304"/>
</TextLine>
<TextLine HEIGHT="49" WIDTH="1094" VPOS="2433" HPOS="250" CS="1">
<String CONTENT="xi," HEIGHT="42" WIDTH="63" VPOS="2434" HPOS="250"/>
<SP HEIGHT="41" WIDTH="29" VPOS="2435" HPOS="314"/>
<String CONTENT="533" HEIGHT="39" WIDTH="82" VPOS="2435" HPOS="344"/>
<SP HEIGHT="47" WIDTH="28" VPOS="2435" HPOS="427"/>
<String CONTENT="p." HEIGHT="36" WIDTH="39" VPOS="2446" HPOS="456"/>
<SP HEIGHT="38" WIDTH="60" VPOS="2435" HPOS="496"/>
<String CONTENT="double" HEIGHT="38" WIDTH="172" VPOS="2435" HPOS="557"/>
<SP HEIGHT="38" WIDTH="26" VPOS="2435" HPOS="730"/>
<String CONTENT="front," HEIGHT="39" WIDTH="148" VPOS="2435" HPOS="757"/>
<SP HEIGHT="47" WIDTH="30" VPOS="2435" HPOS="906"/>
<String CONTENT="(ports.)" HEIGHT="49" WIDTH="197" VPOS="2433" HPOS="937"/>
<SP HEIGHT="48" WIDTH="63" VPOS="2433" HPOS="1135"/>
<String CS="1" CONTENT="23&#189;cm." HEIGHT="40" WIDTH="145" VPOS="2434" HPOS="1199"/>
</TextLine>
<TextLine HEIGHT="109" WIDTH="1981" VPOS="2500" HPOS="186" CS="1">
<String CONTENT="&#169;" HEIGHT="51" WIDTH="50" VPOS="2500" HPOS="186"/>
<SP HEIGHT="51" WIDTH="30" VPOS="2500" HPOS="237"/>
<String CONTENT="Jan." HEIGHT="38" WIDTH="106" VPOS="2505" HPOS="268"/>
<SP HEIGHT="39" WIDTH="30" VPOS="2504" HPOS="375"/>
<String CONTENT="9," HEIGHT="47" WIDTH="37" VPOS="2504" HPOS="406"/>
<SP HEIGHT="46" WIDTH="30" VPOS="2505" HPOS="444"/>
<String CONTENT="1934;" HEIGHT="46" WIDTH="138" VPOS="2504" HPOS="475"/>
<SP HEIGHT="45" WIDTH="32" VPOS="2505" HPOS="614"/>
<String CONTENT="2c." HEIGHT="39" WIDTH="64" VPOS="2505" HPOS="647"/>
<SP HEIGHT="28" WIDTH="30" VPOS="2516" HPOS="712"/>
<String CONTENT="and" HEIGHT="39" WIDTH="95" VPOS="2505" HPOS="743"/>
<SP HEIGHT="39" WIDTH="29" VPOS="2505" HPOS="839"/>
<String CS="1" CONTENT="aff." HEIGHT="27" WIDTH="79" VPOS="2516" HPOS="869"/>
<SP HEIGHT="38" WIDTH="30" VPOS="2505" HPOS="949"/>
<String CONTENT="Jan." HEIGHT="39" WIDTH="108" VPOS="2505" HPOS="980"/>
<SP HEIGHT="38" WIDTH="28" VPOS="2506" HPOS="1089"/>
<String CONTENT="24;" HEIGHT="45" WIDTH="81" VPOS="2506" HPOS="1118"/>
<SP HEIGHT="46" WIDTH="31" VPOS="2505" HPOS="1200"/>
<!-- cceid B8AB96C8-6C64-1014-8713-889FF4349C01 --><String CONTENT="A" HEIGHT="39" WIDTH="41" VPOS="2505" HPOS="1232"/>
<SP HEIGHT="39" WIDTH="28" VPOS="2505" HPOS="1274"/>
<String CONTENT="69183;" HEIGHT="47" WIDTH="169" VPOS="2504" HPOS="1303"/>
<SP HEIGHT="45" WIDTH="31" VPOS="2506" HPOS="1473"/>
<String CONTENT="Natl," HEIGHT="38" WIDTH="129" VPOS="2506" HPOS="1505"/>
<SP HEIGHT="28" WIDTH="32" VPOS="2516" HPOS="1635"/>
<String CONTENT="association" HEIGHT="40" WIDTH="295" VPOS="2504" HPOS="1668"/>
<SP HEIGHT="28" WIDTH="29" VPOS="2515" HPOS="1964"/>
<String CONTENT="of" HEIGHT="38" WIDTH="50" VPOS="2505" HPOS="1994"/>
<SP HEIGHT="38" WIDTH="31" VPOS="2505" HPOS="2045"/>
<String CONTENT="railroad" HEIGHT="99" WIDTH="1912" VPOS="2502" HPOS="255"/>
<SP HEIGHT="38" WIDTH="26" VPOS="2563" HPOS="372"/>
<String CONTENT="and" HEIGHT="37" WIDTH="94" VPOS="2564" HPOS="399"/>
<SP HEIGHT="37" WIDTH="24" VPOS="2564" HPOS="494"/>
<String CONTENT="utilities" HEIGHT="40" WIDTH="207" VPOS="2561" HPOS="519"/>
<SP HEIGHT="29" WIDTH="24" VPOS="2572" HPOS="727"/>
<String CONTENT="commissioners," HEIGHT="47" WIDTH="402" VPOS="2562" HPOS="752"/>
<SP HEIGHT="46" WIDTH="24" VPOS="2563" HPOS="1155"/>
<String CONTENT="New" HEIGHT="38" WIDTH="117" VPOS="2563" HPOS="1180"/>
<SP HEIGHT="38" WIDTH="23" VPOS="2563" HPOS="1298"/>
<String CONTENT="York." HEIGHT="40" WIDTH="145" VPOS="2563" HPOS="1322"/>
</TextLine>
<TextLine HEIGHT="69" WIDTH="1296" VPOS="2666" HPOS="190" STYLEREFS="StyleId-C56EAC04-BD8F-494E-874E-8628D0398DF5-" CS="1">
<String CONTENT="Neave," HEIGHT="63" WIDTH="214" VPOS="2666" HPOS="190"/>
<SP HEIGHT="63" WIDTH="29" VPOS="2666" HPOS="405"/>
<String CS="1" CONTENT="Dorina" HEIGHT="53" WIDTH="221" VPOS="2666" HPOS="435"/>
<SP HEIGHT="52" WIDTH="24" VPOS="2667" HPOS="657"/>
<String CONTENT="Lockhart" HEIGHT="52" WIDTH="299" VPOS="2667" HPOS="682"/>
<SP HEIGHT="63" WIDTH="31" VPOS="2669" HPOS="982"/>
<String CONTENT="(Clifton)" HEIGHT="65" WIDTH="286" VPOS="2667" HPOS="1014"/>
<SP HEIGHT="63" WIDTH="34" VPOS="2668" HPOS="1301"/>
<String CONTENT="lady." HEIGHT="67" WIDTH="150" VPOS="2668" HPOS="1336"/>
</TextLine>
<TextLine HEIGHT="72" WIDTH="1932" VPOS="2741" HPOS="255" STYLEREFS="StyleId-8438A0EB-FF83-47F5-A1FE-624E0D861180-">
<String CONTENT="Twenty-six" HEIGHT="68" WIDTH="356" VPOS="2741" HPOS="255"/>
<SP HEIGHT="50" WIDTH="37" VPOS="2761" HPOS="612"/>
<String CONTENT="years" HEIGHT="50" WIDTH="163" VPOS="2761" HPOS="650"/>
<SP HEIGHT="35" WIDTH="38" VPOS="2761" HPOS="814"/>
<String CONTENT="on" HEIGHT="34" WIDTH="70" VPOS="2761" HPOS="853"/>
<SP HEIGHT="46" WIDTH="40" VPOS="2749" HPOS="924"/>
<String CONTENT="the" HEIGHT="52" WIDTH="95" VPOS="2744" HPOS="965"/>
<SP HEIGHT="51" WIDTH="41" VPOS="2745" HPOS="1061"/>
<String CONTENT="Bosphorus," HEIGHT="68" WIDTH="350" VPOS="2744" HPOS="1103"/>
<SP HEIGHT="68" WIDTH="37" VPOS="2744" HPOS="1454"/>
<String CONTENT="by" HEIGHT="69" WIDTH="76" VPOS="2744" HPOS="1492"/>
<SP HEIGHT="68" WIDTH="39" VPOS="2745" HPOS="1569"/>
<String LANG="fi" CONTENT="Dorina" HEIGHT="54" WIDTH="222" VPOS="2743" HPOS="1609"/>
<SP HEIGHT="52" WIDTH="40" VPOS="2744" HPOS="1832"/>
<String CONTENT="L." HEIGHT="53" WIDTH="62" VPOS="2744" HPOS="1873"/>
<SP HEIGHT="53" WIDTH="43" VPOS="2744" HPOS="1936"/>
<String CONTENT="Neave." HEIGHT="52" WIDTH="207" VPOS="2744" HPOS="1980"/>
</TextLine>
<TextLine HEIGHT="71" WIDTH="1115" VPOS="2819" HPOS="185" STYLEREFS="StyleId-8438A0EB-FF83-47F5-A1FE-624E0D861180-">
<String CONTENT="London," HEIGHT="68" WIDTH="256" VPOS="2819" HPOS="185"/>
<SP HEIGHT="68" WIDTH="27" VPOS="2819" HPOS="442"/>
<String CONTENT="Grayson" HEIGHT="69" WIDTH="262" VPOS="2819" HPOS="470"/>
<SP HEIGHT="51" WIDTH="26" VPOS="2821" HPOS="733"/>
<String CONTENT="&amp;" HEIGHT="49" WIDTH="45" VPOS="2821" HPOS="760"/>
<SP HEIGHT="55" WIDTH="26" VPOS="2820" HPOS="806"/>
<String CONTENT="Grayson" HEIGHT="70" WIDTH="262" VPOS="2820" HPOS="833"/>
<SP HEIGHT="48" WIDTH="31" VPOS="2840" HPOS="1096"/>
<String CONTENT="[1933]" HEIGHT="65" WIDTH="172" VPOS="2823" HPOS="1128"/>
</TextLine>
<TextLine HEIGHT="51" WIDTH="1099" VPOS="2891" HPOS="257" CS="1">
<String CONTENT="256" HEIGHT="41" WIDTH="85" VPOS="2891" HPOS="257"/>
<SP HEIGHT="48" WIDTH="27" VPOS="2892" HPOS="343"/>
<String CONTENT="p." HEIGHT="37" WIDTH="41" VPOS="2903" HPOS="371"/>
<SP HEIGHT="30" WIDTH="60" VPOS="2903" HPOS="413"/>
<String CONTENT="col." HEIGHT="39" WIDTH="84" VPOS="2894" HPOS="474"/>
<SP HEIGHT="37" WIDTH="30" VPOS="2895" HPOS="559"/>
<String CONTENT="front," HEIGHT="39" WIDTH="146" VPOS="2895" HPOS="590"/>
<SP HEIGHT="47" WIDTH="29" VPOS="2894" HPOS="737"/>
<String CONTENT="(port.)" HEIGHT="48" WIDTH="170" VPOS="2894" HPOS="767"/>
<SP HEIGHT="46" WIDTH="38" VPOS="2896" HPOS="938"/>
<String CONTENT="plates." HEIGHT="46" WIDTH="169" VPOS="2895" HPOS="977"/>
<SP HEIGHT="41" WIDTH="62" VPOS="2893" HPOS="1147"/>
<String CS="1" CONTENT="22&#189;cm." HEIGHT="42" WIDTH="146" VPOS="2893" HPOS="1210"/>
</TextLine>
<TextLine HEIGHT="49" WIDTH="1681" VPOS="2949" HPOS="259" CS="1">
<String CONTENT="A" HEIGHT="37" WIDTH="38" VPOS="2949" HPOS="259"/>
<SP HEIGHT="39" WIDTH="27" VPOS="2949" HPOS="298"/>
<String CONTENT="description" HEIGHT="46" WIDTH="294" VPOS="2950" HPOS="326"/>
<SP HEIGHT="28" WIDTH="26" VPOS="2962" HPOS="621"/>
<String CONTENT="of" HEIGHT="39" WIDTH="51" VPOS="2951" HPOS="648"/>
<SP HEIGHT="39" WIDTH="26" VPOS="2950" HPOS="700"/>
<String CONTENT="Turkey" HEIGHT="46" WIDTH="194" VPOS="2950" HPOS="727"/>
<SP HEIGHT="35" WIDTH="28" VPOS="2961" HPOS="922"/>
<String CONTENT="under" HEIGHT="38" WIDTH="152" VPOS="2953" HPOS="951"/>
<SP HEIGHT="38" WIDTH="27" VPOS="2953" HPOS="1104"/>
<String CONTENT="the" HEIGHT="40" WIDTH="81" VPOS="2952" HPOS="1132"/>
<SP HEIGHT="31" WIDTH="29" VPOS="2961" HPOS="1214"/>
<String CONTENT="reign" HEIGHT="47" WIDTH="133" VPOS="2951" HPOS="1244"/>
<SP HEIGHT="28" WIDTH="29" VPOS="2963" HPOS="1378"/>
<String CONTENT="of" HEIGHT="40" WIDTH="51" VPOS="2951" HPOS="1408"/>
<SP HEIGHT="39" WIDTH="26" VPOS="2951" HPOS="1460"/>
<String CONTENT="Abdul" HEIGHT="40" WIDTH="158" VPOS="2952" HPOS="1487"/>
<SP HEIGHT="41" WIDTH="30" VPOS="2951" HPOS="1646"/>
<String CONTENT="Hamid" HEIGHT="40" WIDTH="182" VPOS="2951" HPOS="1677"/>
<SP HEIGHT="39" WIDTH="27" VPOS="2952" HPOS="1860"/>
<String CS="1" CONTENT="II." HEIGHT="8" WIDTH="8" VPOS="2983" HPOS="1932"/>
</TextLine>
<TextLine HEIGHT="54" WIDTH="1997" VPOS="3018" HPOS="190" CS="1">
<String CONTENT="&#169;" HEIGHT="50" WIDTH="49" VPOS="3018" HPOS="190"/>
<SP HEIGHT="50" WIDTH="29" VPOS="3018" HPOS="240"/>
<String CS="1" CONTENT="1"/>
<String LANG="fi" CS="1" CONTENT="c." HEIGHT="6" WIDTH="5" VPOS="3055" HPOS="330"/>
<SP HEIGHT="38" WIDTH="29" VPOS="3023" HPOS="336"/>
<String CONTENT="Jan." HEIGHT="39" WIDTH="108" VPOS="3023" HPOS="366"/>
<SP HEIGHT="38" WIDTH="29" VPOS="3024" HPOS="475"/>
<String CONTENT="13," HEIGHT="44" WIDTH="67" VPOS="3023" HPOS="505"/>
<SP HEIGHT="43" WIDTH="29" VPOS="3024" HPOS="573"/>
<String CONTENT="1934;" HEIGHT="45" WIDTH="138" VPOS="3022" HPOS="603"/>
<SP HEIGHT="44" WIDTH="31" VPOS="3023" HPOS="742"/>
<!-- cceid B8AC3A06-6C64-1014-8713-889FF4349C01 --><String CONTENT="A" HEIGHT="38" WIDTH="40" VPOS="3023" HPOS="774"/>
<SP HEIGHT="39" WIDTH="26" VPOS="3023" HPOS="815"/>
<String CONTENT="ad" HEIGHT="37" WIDTH="61" VPOS="3025" HPOS="842"/>
<SP HEIGHT="38" WIDTH="27" VPOS="3024" HPOS="904"/>
<String CONTENT="int." HEIGHT="39" WIDTH="85" VPOS="3024" HPOS="932"/>
<SP HEIGHT="38" WIDTH="29" VPOS="3024" HPOS="1018"/>
<String CONTENT="18603;" HEIGHT="47" WIDTH="168" VPOS="3022" HPOS="1048"/>
<SP HEIGHT="36" WIDTH="31" VPOS="3035" HPOS="1217"/>
<String CONTENT="pubd." HEIGHT="46" WIDTH="142" VPOS="3025" HPOS="1249"/>
<SP HEIGHT="38" WIDTH="29" VPOS="3025" HPOS="1392"/>
<String CONTENT="Nov." HEIGHT="39" WIDTH="117" VPOS="3025" HPOS="1422"/>
<SP HEIGHT="38" WIDTH="29" VPOS="3026" HPOS="1540"/>
<String CONTENT="17," HEIGHT="47" WIDTH="68" VPOS="3025" HPOS="1570"/>
<SP HEIGHT="46" WIDTH="30" VPOS="3026" HPOS="1639"/>
<String CONTENT="1933;" HEIGHT="45" WIDTH="140" VPOS="3024" HPOS="1670"/>
<SP HEIGHT="44" WIDTH="33" VPOS="3025" HPOS="1811"/>
<String CONTENT="D." HEIGHT="39" WIDTH="55" VPOS="3025" HPOS="1845"/>
<SP HEIGHT="40" WIDTH="30" VPOS="3024" HPOS="1901"/>
<String CONTENT="L." HEIGHT="40" WIDTH="50" VPOS="3024" HPOS="1932"/>
<SP HEIGHT="40" WIDTH="28" VPOS="3024" HPOS="1983"/>
<String CONTENT="Neave," HEIGHT="38" WIDTH="175" VPOS="3024" HPOS="2012"/>
</TextLine>
<TextLine HEIGHT="49" WIDTH="1028" VPOS="3080" HPOS="259">
<String CONTENT="Dulas," HEIGHT="41" WIDTH="167" VPOS="3080" HPOS="259"/>
<SP HEIGHT="41" WIDTH="26" VPOS="3080" HPOS="427"/>
<String CONTENT="Anglesey," HEIGHT="47" WIDTH="250" VPOS="3080" HPOS="454"/>
<SP HEIGHT="41" WIDTH="29" VPOS="3081" HPOS="705"/>
<String CONTENT="England." HEIGHT="46" WIDTH="234" VPOS="3081" HPOS="735"/>
<SP HEIGHT="47" WIDTH="67" VPOS="3082" HPOS="970"/>
<String CONTENT="(34-1952)" HEIGHT="48" WIDTH="249" VPOS="3081" HPOS="1038"/>
</TextLine>
<TextLine HEIGHT="68" WIDTH="1021" VPOS="3182" HPOS="190" STYLEREFS="StyleId-C56EAC04-BD8F-494E-874E-8628D0398DF5-" CS="1">
<String CONTENT="Nijinsky," HEIGHT="65" WIDTH="302" VPOS="3182" HPOS="190"/>
<SP HEIGHT="62" WIDTH="29" VPOS="3185" HPOS="493"/>
<String CONTENT="Romola" HEIGHT="51" WIDTH="242" VPOS="3185" HPOS="523"/>
<SP HEIGHT="63" WIDTH="30" VPOS="3187" HPOS="766"/>
<String LANG="fr" CONTENT="(de" HEIGHT="64" WIDTH="98" VPOS="3186" HPOS="797"/>
<SP HEIGHT="51" WIDTH="28" VPOS="3186" HPOS="896"/>
<String CS="1" CONTENT="Pulszky)" HEIGHT="63" WIDTH="286" VPOS="3186" HPOS="925"/>
</TextLine>
<TextLine HEIGHT="72" WIDTH="1933" VPOS="3259" HPOS="255" STYLEREFS="StyleId-8438A0EB-FF83-47F5-A1FE-624E0D861180-" CS="1">
<String CONTENT="Nijinsky," HEIGHT="67" WIDTH="289" VPOS="3259" HPOS="255"/>
<SP HEIGHT="66" WIDTH="49" VPOS="3260" HPOS="545"/>
<String CONTENT="by" HEIGHT="67" WIDTH="71" VPOS="3260" HPOS="595"/>
<SP HEIGHT="66" WIDTH="49" VPOS="3261" HPOS="667"/>
<String CONTENT="Romola" HEIGHT="52" WIDTH="240" VPOS="3261" HPOS="717"/>
<SP HEIGHT="52" WIDTH="49" VPOS="3262" HPOS="958"/>
<String CONTENT="Nijinsky" HEIGHT="69" WIDTH="272" VPOS="3261" HPOS="1008"/>
<SP HEIGHT="48" WIDTH="54" VPOS="3282" HPOS="1281"/>
<String CS="1" CONTENT="&#8230;"/>
<SP HEIGHT="51" WIDTH="78" VPOS="3264" HPOS="1392"/>
<String CONTENT="London," HEIGHT="67" WIDTH="258" VPOS="3264" HPOS="1471"/>
<SP HEIGHT="66" WIDTH="46" VPOS="3265" HPOS="1730"/>
<String CONTENT="V." HEIGHT="52" WIDTH="69" VPOS="3265" HPOS="1777"/>
<SP HEIGHT="54" WIDTH="49" VPOS="3261" HPOS="1847"/>
<String CONTENT="Gollancz," HEIGHT="67" WIDTH="291" VPOS="3261" HPOS="1897"/>
</TextLine>
<TextLine HEIGHT="62" WIDTH="300" VPOS="3338" HPOS="185" STYLEREFS="StyleId-8438A0EB-FF83-47F5-A1FE-624E0D861180-">
<String CONTENT="ltd.," HEIGHT="62" WIDTH="120" VPOS="3338" HPOS="185"/>
<SP HEIGHT="57" WIDTH="30" VPOS="3343" HPOS="306"/>
<String CONTENT="1933." HEIGHT="50" WIDTH="148" VPOS="3341" HPOS="337"/>
</TextLine>
<TextLine HEIGHT="50" WIDTH="945" VPOS="3411" HPOS="255">
<String CONTENT="416" HEIGHT="39" WIDTH="87" VPOS="3411" HPOS="255"/>
<SP HEIGHT="48" WIDTH="29" VPOS="3411" HPOS="343"/>
<String CONTENT="p." HEIGHT="37" WIDTH="41" VPOS="3422" HPOS="373"/>
<SP HEIGHT="39" WIDTH="59" VPOS="3412" HPOS="415"/>
<String CONTENT="front.," HEIGHT="48" WIDTH="163" VPOS="3412" HPOS="475"/>
<SP HEIGHT="36" WIDTH="32" VPOS="3424" HPOS="639"/>
<String CONTENT="plates," HEIGHT="47" WIDTH="170" VPOS="3414" HPOS="672"/>
<SP HEIGHT="37" WIDTH="33" VPOS="3424" HPOS="843"/>
<String CONTENT="ports." HEIGHT="44" WIDTH="147" VPOS="3417" HPOS="877"/>
<SP HEIGHT="40" WIDTH="59" VPOS="3414" HPOS="1025"/>
<String CONTENT="22cm." HEIGHT="40" WIDTH="115" VPOS="3414" HPOS="1085"/>
</TextLine>
<TextLine HEIGHT="112" WIDTH="1979" VPOS="3479" HPOS="190" CS="1">
<String CONTENT="&#169;" HEIGHT="51" WIDTH="50" VPOS="3479" HPOS="190"/>
<SP/>
<String CS="1" CONTENT="1c."/>
<SP/>
<String CONTENT="Jan." HEIGHT="39" WIDTH="108" VPOS="3484" HPOS="362"/>
<SP HEIGHT="39" WIDTH="24" VPOS="3484" HPOS="471"/>
<String CONTENT="2," HEIGHT="45" WIDTH="39" VPOS="3484" HPOS="496"/>
<SP HEIGHT="43" WIDTH="26" VPOS="3486" HPOS="536"/>
<String CONTENT="1934;" HEIGHT="42" WIDTH="140" VPOS="3484" HPOS="563"/>
<SP HEIGHT="40" WIDTH="27" VPOS="3486" HPOS="704"/>
<!-- cceid B8ACDECE-6C64-1014-8713-889FF4349C01 --><String CONTENT="A" HEIGHT="38" WIDTH="41" VPOS="3486" HPOS="732"/>
<SP HEIGHT="38" WIDTH="24" VPOS="3486" HPOS="774"/>
<String CONTENT="ad" HEIGHT="38" WIDTH="61" VPOS="3487" HPOS="799"/>
<SP HEIGHT="39" WIDTH="25" VPOS="3486" HPOS="861"/>
<String CONTENT="int." HEIGHT="39" WIDTH="85" VPOS="3486" HPOS="887"/>
<SP HEIGHT="37" WIDTH="26" VPOS="3487" HPOS="973"/>
<String CONTENT="18575;" HEIGHT="47" WIDTH="169" VPOS="3486" HPOS="1000"/>
<SP HEIGHT="36" WIDTH="28" VPOS="3498" HPOS="1170"/>
<String CONTENT="pubd." HEIGHT="46" WIDTH="140" VPOS="3488" HPOS="1199"/>
<SP HEIGHT="39" WIDTH="28" VPOS="3488" HPOS="1340"/>
<String CONTENT="Nov." HEIGHT="39" WIDTH="115" VPOS="3488" HPOS="1369"/>
<SP HEIGHT="38" WIDTH="30" VPOS="3489" HPOS="1485"/>
<String CONTENT="13," HEIGHT="46" WIDTH="67" VPOS="3489" HPOS="1516"/>
<SP HEIGHT="47" WIDTH="26" VPOS="3488" HPOS="1584"/>
<String CONTENT="1983;" HEIGHT="45" WIDTH="141" VPOS="3488" HPOS="1611"/>
<SP HEIGHT="46" WIDTH="33" VPOS="3487" HPOS="1753"/>
<String CONTENT="Simon" HEIGHT="40" WIDTH="163" VPOS="3487" HPOS="1787"/>
<SP HEIGHT="38" WIDTH="26" VPOS="3487" HPOS="1951"/>
<String CONTENT="&amp;" HEIGHT="38" WIDTH="35" VPOS="3487" HPOS="1978"/>
<SP HEIGHT="40" WIDTH="29" VPOS="3485" HPOS="2014"/>
<String CONTENT="Schuster," HEIGHT="95" WIDTH="1911" VPOS="3485" HPOS="258"/>
<SP HEIGHT="39" WIDTH="25" VPOS="3541" HPOS="370"/>
<String CONTENT="inc.," HEIGHT="45" WIDTH="103" VPOS="3541" HPOS="396"/>
<SP HEIGHT="44" WIDTH="25" VPOS="3542" HPOS="500"/>
<String CONTENT="New" HEIGHT="38" WIDTH="115" VPOS="3542" HPOS="526"/>
<SP HEIGHT="37" WIDTH="24" VPOS="3543" HPOS="642"/>
<String CONTENT="York." HEIGHT="38" WIDTH="142" VPOS="3543" HPOS="667"/>
<SP HEIGHT="47" WIDTH="65" VPOS="3544" HPOS="810"/>
<String CONTENT="(34-2099)" HEIGHT="48" WIDTH="250" VPOS="3543" HPOS="876"/>
</TextLine>
<TextLine HEIGHT="71" WIDTH="1009" VPOS="3641" HPOS="189" STYLEREFS="StyleId-8438A0EB-FF83-47F5-A1FE-624E0D861180-">
<String CONTENT="O&#8217;Brien," HEIGHT="67" WIDTH="265" VPOS="3641" HPOS="189"/>
<SP HEIGHT="63" WIDTH="29" VPOS="3645" HPOS="455"/>
<String CONTENT="William" HEIGHT="54" WIDTH="253" VPOS="3644" HPOS="485"/>
<SP HEIGHT="50" WIDTH="32" VPOS="3647" HPOS="739"/>
<String CONTENT="Alexis," HEIGHT="67" WIDTH="221" VPOS="3645" HPOS="772"/>
<SP HEIGHT="61" WIDTH="34" VPOS="3651" HPOS="994"/>
<String CONTENT="1896-" HEIGHT="49" WIDTH="169" VPOS="3651" HPOS="1029"/>
</TextLine>
<TextLine HEIGHT="130" WIDTH="1975" VPOS="3720" HPOS="186" STYLEREFS="StyleId-8438A0EB-FF83-47F5-A1FE-624E0D861180-" CS="1">
<String CONTENT="In" HEIGHT="51" WIDTH="70" VPOS="3721" HPOS="256"/>
<SP HEIGHT="32" WIDTH="26" VPOS="3740" HPOS="327"/>
<String CONTENT="sacristy" HEIGHT="68" WIDTH="238" VPOS="3720" HPOS="354"/>
<SP HEIGHT="48" WIDTH="27" VPOS="3740" HPOS="593"/>
<String CONTENT="and" HEIGHT="51" WIDTH="109" VPOS="3723" HPOS="621"/>
<SP HEIGHT="52" WIDTH="29" VPOS="3723" HPOS="731"/>
<String CONTENT="sanctuary;" HEIGHT="63" WIDTH="331" VPOS="3729" HPOS="761"/>
<SP HEIGHT="33" WIDTH="31" VPOS="3744" HPOS="1093"/>
<String CONTENT="a" HEIGHT="33" WIDTH="30" VPOS="3744" HPOS="1125"/>
<SP HEIGHT="48" WIDTH="25" VPOS="3744" HPOS="1156"/>
<String CONTENT="guide" HEIGHT="66" WIDTH="170" VPOS="3726" HPOS="1182"/>
<SP HEIGHT="50" WIDTH="27" VPOS="3727" HPOS="1353"/>
<String CONTENT="for" HEIGHT="51" WIDTH="93" VPOS="3727" HPOS="1381"/>
<SP HEIGHT="46" WIDTH="23" VPOS="3732" HPOS="1475"/>
<String CONTENT="the" HEIGHT="53" WIDTH="95" VPOS="3725" HPOS="1499"/>
<SP HEIGHT="33" WIDTH="26" VPOS="3745" HPOS="1595"/>
<String CONTENT="sacristan" HEIGHT="54" WIDTH="275" VPOS="3724" HPOS="1622"/>
<SP HEIGHT="32" WIDTH="26" VPOS="3744" HPOS="1898"/>
<String CONTENT="with" HEIGHT="52" WIDTH="139" VPOS="3724" HPOS="1925"/>
<SP HEIGHT="52" WIDTH="28" VPOS="3725" HPOS="2065"/>
<String CONTENT="detailed" HEIGHT="125" WIDTH="1975" VPOS="3725" HPOS="186"/>
</TextLine>
<TextLine HEIGHT="144" WIDTH="1974" VPOS="3799" HPOS="187" STYLEREFS="StyleId-8438A0EB-FF83-47F5-A1FE-624E0D861180-" CS="1">
<String CONTENT="instructions" HEIGHT="54" WIDTH="367" VPOS="3799" HPOS="394"/>
<SP HEIGHT="34" WIDTH="30" VPOS="3819" HPOS="762"/>
<String CONTENT="accompanied" HEIGHT="64" WIDTH="398" VPOS="3803" HPOS="793"/>
<SP HEIGHT="51" WIDTH="31" VPOS="3804" HPOS="1192"/>
<String CONTENT="by" HEIGHT="57" WIDTH="75" VPOS="3804" HPOS="1224"/>
<SP HEIGHT="57" WIDTH="31" VPOS="3804" HPOS="1300"/>
<String CONTENT="directive" HEIGHT="52" WIDTH="271" VPOS="3803" HPOS="1332"/>
<SP HEIGHT="32" WIDTH="30" VPOS="3823" HPOS="1604"/>
<String CONTENT="schedules" HEIGHT="53" WIDTH="289" VPOS="3802" HPOS="1635"/>
<SP HEIGHT="33" WIDTH="32" VPOS="3822" HPOS="1925"/>
<String CONTENT="and" HEIGHT="52" WIDTH="112" VPOS="3803" HPOS="1958"/>
<SP HEIGHT="52" WIDTH="30" VPOS="3803" HPOS="2071"/>
<String CONTENT="diagrams" HEIGHT="139" WIDTH="1974" VPOS="3804" HPOS="187"/>
</TextLine>
<TextLine HEIGHT="72" WIDTH="1734" VPOS="3877" HPOS="452" STYLEREFS="StyleId-8438A0EB-FF83-47F5-A1FE-624E0D861180-">
<String CONTENT="showing" HEIGHT="67" WIDTH="260" VPOS="3877" HPOS="452"/>
<SP HEIGHT="65" WIDTH="34" VPOS="3879" HPOS="713"/>
<String CONTENT="how" HEIGHT="51" WIDTH="127" VPOS="3879" HPOS="748"/>
<SP HEIGHT="33" WIDTH="40" VPOS="3898" HPOS="876"/>
<String CONTENT="and" HEIGHT="51" WIDTH="111" VPOS="3881" HPOS="917"/>
<SP HEIGHT="51" WIDTH="41" VPOS="3881" HPOS="1029"/>
<String CONTENT="what" HEIGHT="52" WIDTH="152" VPOS="3881" HPOS="1071"/>
<SP HEIGHT="46" WIDTH="38" VPOS="3887" HPOS="1224"/>
<String CONTENT="to" HEIGHT="46" WIDTH="56" VPOS="3887" HPOS="1263"/>
<SP HEIGHT="50" WIDTH="40" VPOS="3899" HPOS="1320"/>
<String CONTENT="get" HEIGHT="61" WIDTH="95" VPOS="3888" HPOS="1361"/>
<SP HEIGHT="46" WIDTH="36" VPOS="3888" HPOS="1457"/>
<String CONTENT="ready" HEIGHT="66" WIDTH="174" VPOS="3882" HPOS="1494"/>
<SP HEIGHT="68" WIDTH="40" VPOS="3880" HPOS="1669"/>
<String CONTENT="for" HEIGHT="53" WIDTH="93" VPOS="3880" HPOS="1710"/>
<SP HEIGHT="48" WIDTH="37" VPOS="3885" HPOS="1804"/>
<String CONTENT="the" HEIGHT="51" WIDTH="94" VPOS="3881" HPOS="1842"/>
<SP HEIGHT="47" WIDTH="39" VPOS="3900" HPOS="1937"/>
<String CONTENT="proper" HEIGHT="48" WIDTH="209" VPOS="3899" HPOS="1977"/>
</TextLine>
</TextBlock>
</PrintSpace>
</Page>
</Layout>
</alto>