2350 4196
1153 4005 97 48 292

212 374 265 65 Golding,
507 375 196 55 Louis.

279 466 141 52 Five
452 466 186 55 Silver
666 467 324 66 daughters,
1065 472 80 62 pt.
1179 472 44 48 5.

316 541 55 37 (In
405 537 214 51 Argosy,
652 536 157 51 April,
844 537 142 49 1934)

218 580 1982 79 © 1c. Apr. 20. 1934; A ad int. 18866; pubd. Mar. 7; L. Golding, London.
217 728 260 65 Golovīn,
505 727 214 54 Nīkolaǐ
769 727 403 66 Nīkolaevīch,
1205 733 168 49 1875-

284 821 120 54 The
443 820 245 54 Russian
726 821 303 67 campaign
1069 820 63 52 of
1171 825 158 63 1914;
1370 823 95 51 the
1502 821 313 68 beginning
1851 821 63 53 of
1950 823 96 51 the
2082 835 117 39 war

215 898 1923 68 and operations in East Prussia, by Nicholas N. Golovine …
213 975 240 53 Preface
486 977 74 66 by
595 976 257 52 Marshal
891 977 171 51 Foch.
1138 976 244 68 English
1418 979 82 51 eel.
1540 996 111 33 rev.
1691 980 111 50 and
1838 977 249 67 brought
2121 996 77 48 up

215 1060 56 45 to
308 1055 130 50 date
471 1054 35 52 by
582 1055 95 51 the
714 1055 219 52 author.
1019 1054 186 67 (With
1243 1073 161 49 maps
1442 1056 112 51 and
1592 1055 315 66 diagrams)
213 1057 1962 127 Translated
389 1132 74 66 by

491 1131 1709 68 Captain A. G. S. Muntz … Fort Leavenworth, Kan.,
213 1209 121 53 The
365 1208 314 54 Command
709 1211 112 51 and
849 1211 227 65 general
1108 1210 133 52 staff
1269 1211 189 51 school
1488 1228 172 49 press,
1694 1213 147 50 1938.

288 1281 1284 49 xxi p., 2 l., 3-410 p. fold, maps, fold, diagr. 24cm.
288 1337 140 48 Maps
457 1340 96 38 and
579 1339 220 47 diagram
827 1339 50 40 in
903 1339 170 47 pocket
1102 1341 50 37 at
1179 1340 103 38 end.

291 1396 201 39 “Works
521 1396 52 39 of
603 1395 206 40 General
839 1395 230 40 Golovine
1097 1395 251 48 published
1378 1397 50 38 in
1455 1395 230 48 English”:
1744 1407 41 36 p.
1815 1396 61 38 vi.

565 1452 131 47 CONTENTS.—pt.
728 1459 33 32 I.
792 1453 100 39 The
923 1452 258 48 beginning
1212 1452 51 40 of
1294 1453 81 39 the
1409 1452 249 48 war.—pt.
1688 1458 52 33 II.
1774 1453 100 39 The
1904 1452 106 40 first
218 1463 1967 85 operations
370 1509 50 38 in
448 1510 119 39 East
593 1509 216 40 Prussia.

217 1575 1985 52 © Dec. 1. 1933; 2c. and a if. Mar. 3, 1934; A 70506; Nicholas N. Golovine,
284 1636 154 40 Paris.
513 1637 248 47 (34-5703)

217 1738 314 67 Granville,
560 1740 253 55 William
844 1740 301 65 Anthony,
1178 1745 168 49 1863-

285 1833 179 52 Plane
492 1832 415 68 trigonometry
938 1833 111 51 and
1081 1833 340 67 Four-place
1450 1832 178 52 tables
1657 1832 62 52 of
1749 1831 355 69 logarithms,
2132 1830 74 68 by

214 1909 1931 69 William Anthony Granville … revised by Percey F. Smith …
217 1988 1988 67 and James S. Mikesh … Boston, New York [etc.] Ginn and
213 2085 278 50 company
531 2100 11 33 [
548 2072 18 21 c
571 2069 135 50 1934
711 2100 12 33 ]

287 2140 63 47 xi,
386 2139 97 47 212,
517 2141 61 45 iv,
610 2139 56 40 43
700 2151 42 37 p.
804 2140 141 48 illus.,
979 2140 177 49 diagrs.
1216 2139 55 40 23½cm.
1426 2141 381 49 [Mathematical
1842 2143 129 38 texts
2005 2141 78 41 for
216 2144 1973 102 colleges,
382 2199 70 40 ed.
480 2198 61 47 by
567 2198 50 39 P.
646 2198 49 40 F.
728 2197 171 50 Smith]

289 2256 312 47 “Four-place
631 2254 154 42 tables
816 2256 50 40 of
896 2256 314 47 logarithms”
1241 2257 88 38 has
1362 2256 180 48 special
1570 2258 97 46 t.-p.
1700 2257 94 38 and
1825 2256 297 49 pagination.

289 2313 317 41 “Granville’s
636 2316 313 44 transparent
979 2313 245 40 combined
1254 2313 205 48 parallel
1487 2314 143 46 ruler,
1660 2317 275 45 protractor
1963 2316 95 39 and
217 2326 1971 94 compass”
388 2372 49 38 in
465 2372 172 48 pocket
665 2371 226 40 mounted
925 2382 58 28 on
1015 2370 332 48 lining-paper.

217 2441 53 50 ©
298 2445 107 38 Jan.
435 2444 38 45 2,
503 2444 114 39 1934;
674 2443 66 39 2c.
771 2444 120 38 Mar.
921 2443 24 38 6;
1004 2442 79 39 aff.
1115 2443 119 38 Mar.
1264 2443 24 37 5;
1347 2442 40 38 A
1416 2442 143 39 70501;
1618 2444 70 38 W.
1719 2444 53 38 A.
1805 2444 261 48 Granville,
288 2443 1896 105 Chicago.
446 2502 177 45 Percey
653 2500 50 38 F.
738 2499 168 41 Smith.

937 2500 116 37 New
1082 2499 182 38 Haven,
1297 2501 93 37 and
1422 2499 166 40 James
1619 2500 44 39 S.
1694 2501 202 40 Mikesh.
284 2501 1901 103 Lawrenceville,
441 2558 55 40 N.
529 2558 41 38 J.
643 2556 249 48 (34-5787)

215 2662 160 63 Hier,
408 2660 294 64 Florence,
736 2659 170 52 1887-

283 2751 80 51 La
407 2749 256 68 musique
706 2750 140 52 dans
887 2749 247 52 l’oeuvre
1175 2749 66 52 de
1283 2749 216 52 Marcel
1542 2750 228 67 Proust,
1812 2749 76 69 by
1932 2749 269 52 Florence

212 2826 1543 69 Hier … New York, Columbia university [ c 1933]
284 2898 1919 50 3 p. l., 137 p. 20½cm. (Publications of the Institute of. French studies,
215 2958 114 46 inc.)

285 3013 170 40 Issued
481 3015 102 38 also
609 3024 53 28 as
686 3013 152 39 thesis
876 3014 14 46 (PH.
1059 3013 13 46 D.)
1108 3010 249 41 Columbia
1384 3011 284 48 university.

286 3068 416 48 “Bibliographie”:
769 3078 43 38 p.
850 3068 214 40 133-137.

217 3137 51 51 ©
301 3142 126 39 June
459 3143 37 44 6,
531 3140 111 39 1933;
707 3141 65 38 2c.
807 3141 94 38 and
935 3139 80 39 aff.
1050 3139 106 39 Jan.
1191 3139 67 45 15,
1293 3138 113 40 1934;
1470 3140 38 37 A
1542 3139 141 40 69011;
1749 3139 49 40 G.
1836 3140 48 39 L.
1918 3140 107 38 Van
284 3139 1900 104 Roosbroeck,
502 3198 114 37 New
648 3197 142 39 York.
863 3196 249 47 (34—5767)

221 3298 298 69 [Hui-k'ai]
550 3301 57 64 ft,.
636 3300 134 53 13th
799 3305 138 49 cent.

280 3384 121 52 The
437 3384 238 66 gateless
712 3388 156 62 gate;
908 3381 311 52 translated
1258 3380 152 52 from
1444 3380 96 52 the
1579 3379 239 54 Chinese
1852 3380 35 52 by
1964 3380 237 67 Nyogen

214 3460 240 55 Senzaki
487 3460 112 52 and
632 3459 239 54 Saladin
902 3460 167 66 Reps.
1145 3459 109 51 Los
1283 3457 264 68 Angeles,
1579 3458 53 54 J.
1664 3459 258 66 Murray,
1955 3460 148 49 1934.

282 3532 559 49 1 p. l., 5-70 p. 21 cm .
284 3592 123 38 “Zen
435 3591 88 38 has
553 3599 143 37 many
725 3589 171 39 classic
926 3591 129 37 texts
1084 3588 49 39 of
1162 3586 155 40 which
1347 3587 96 39 this
1471 3588 134 38 work
1633 3588 41 38 is
1703 3597 99 29 one.
1865 3586 99 40 The
1991 3586 208 47 gateless

211 3643 1985 52 gate, Mu-mon-kwan … was recorded by Mu-mon E-kai … [It consists of]
211 3698 1989 53 forty-eight Ko-ans and … [his] comment in prose and verse concerning
211 3760 266 47 each.”—p.
511 3758 97 41 6-8.

283 3815 255 40 “An-ban's
569 3813 247 41 addition”:
879 3825 41 36 p.
953 3813 156 40 69-70.

214 3883 50 51 ©
297 3888 108 39 Jan.
436 3887 68 46 29,
537 3886 138 46 1934;
709 3886 67 38 2c.
810 3886 107 38 Feb.
952 3886 50 38 5:
1038 3885 80 39 aff.
1152 3885 117 37 Mar.
1303 3884 51 46 3;
1390 3884 39 37 A
1462 3883 167 45 70504;
1668 3883 199 39 Saladin
1900 3882 121 38 Paul
2055 3881 139 45 Reps,

282 3945 256 43 Montrose,
568 3943 142 40 Calif.
781 3940 249 48 (34-5795)
