2350 4196
1147 4013 126 47 1452

208 467 441 68 alphabetically
696 468 279 67 arranged
1021 467 73 67 by
1139 465 260 67 subjects,
1445 463 308 69 originally
1800 463 279 68 compiled
2123 465 74 66 by

208 546 193 66 Tryon
437 545 296 66 Edwards,
804 588 8 8 D.
887 589 7 7 D.
972 544 134 52 Rev.
1145 544 110 52 and
1291 560 104 33 enl.
1429 542 74 67 by
1539 541 61 54 C.
1635 540 68 53 N.
1742 541 288 66 Catrevas,
2106 585 8 9 A.
2188 587 8 8 B.

206 618 1992 71 and Jonathan Edwards, A. M. … London, New York, Classic
211 699 330 68 publishing
574 716 277 50 company
891 735 12 32 [
908 706 17 20 c
931 703 134 47 1934
1069 732 12 33 ]

279 784 145 31 XXXV,
456 773 96 42 734,
611 795 29 4 V-XXXVI
819 783 42 36 p.
922 772 54 40 23½c
1026 775 27 20 m
1059 805 6 7 .

217 826 1963 99 © Sept. 12, 1934: 1c. Sept. 20: 1c. Nov. 3; aff. Oct. 31; A 77072; Orsamus
432 887 188 37 Turner
660 886 190 40 Harris.
893 887 117 38 New
1052 886 141 37 York.
1259 884 282 48 [Copyright
1581 885 41 38 is
1665 884 204 40 claimed
1911 895 61 29 on
2015 884 188 45 subject

284 944 152 37 linder
464 942 117 39 with
610 953 130 29 cross
767 943 287 47 references]
1128 941 275 47 (34-36586)

218 1033 258 62 Farmer,
509 1034 137 51 Mrs.
681 1034 123 61 Foy
835 1033 322 63 (Johnson)

284 1107 1918 69 At the gate of Asia [by] Foy Johnson Farmer … Nashville,
217 1184 194 68 Tenn.,
441 1186 118 50 The
593 1183 235 70 Sunday
858 1186 189 51 school
1075 1185 176 52 board
1281 1184 63 53 of
1371 1185 93 51 the
1499 1183 285 55 Southern
1817 1184 233 68 Baptist
218 1201 1962 113 convention
477 1295 13 33 [
496 1269 15 20 c
517 1265 150 64 1934]

287 1335 27 37 4
336 1346 42 36 p.
439 1369 7 8 l..
472 1335 143 39 7-120
639 1345 42 36 p.
708 1336 106 38 incl.
842 1336 170 39 double
1039 1345 123 37 map.
1215 1335 169 47 plates,
1410 1336 147 45 ports.
1618 1334 55 40 18½c
1722 1337 28 20 m
1755 1365 7 7 .

288 1391 223 41 Includes
539 1392 388 46 bibliographies.

222 1447 49 50 ©
311 1453 125 44 Sept.
470 1450 67 41 13.
572 1449 139 41 1934:
750 1452 65 37 2c.
854 1451 126 46 Sept.
1012 1450 81 46 24;
1131 1450 78 39 aff.
1249 1450 126 48 Sept.
1409 1451 81 39 22:
1529 1452 40 37 A
1604 1451 168 40 76383:
1814 1452 196 47 Sunday
2045 1453 157 38 school

288 1508 148 38 board
468 1508 50 37 of
545 1509 79 38 the
657 1508 236 38 Southern
924 1508 194 46 Baptist
1148 1508 296 38 convention.
1518 1508 279 48 (34-36416)

221 1581 224 65 Foster,
477 1584 225 63 George
734 1584 169 64 Cecil,
937 1587 169 50 1893-

216 1660 1967 134 The rift in the loot [by] Geo. C. Foster … London, I. Nicholson and Watson, limited, 1934.
287 1812 87 39 352
402 1822 42 37 p.
504 1810 56 41 19
561 1813 45 21 cm
612 1844 8 8 .

291 1867 161 40 “First
478 1866 224 41 edition.”

225 1920 1982 51 © 1c. Nov. 3. 1934: A ad int. 19539: pubd. Sept. 5: G. C. Foster, London.
302 1980 277 48 (34-37247)

224 2054 264 65 Golding,
523 2056 195 63 Louis,
757 2059 167 49 1895-

223 2132 1961 144 The Doomington wanderer, a book of tales, by Louis Golding. London, V. Gollancz, ltd., 1934.
290 2283 87 40 286
407 2294 43 37 p.
510 2281 55 41 I9
567 2287 45 19 ym
617 2316 8 8 .
654 2269 6 7 '

229 2336 1981 52 © 1c. Oct. 31. 1934: A ad int. 19519: pubd. Sept. 3: L. Golding, London.
305 2395 275 47 (34-37097)

227 2470 215 66 Grady,
475 2474 205 62 Henry
710 2472 261 64 Francis,
1006 2476 168 48 1882-

294 2549 118 51 The
452 2556 130 59 port
618 2549 62 53 of
719 2549 115 54 San
871 2549 330 67 Francisco;
1240 2571 31 33 a
1307 2552 172 66 study
1515 2552 61 52 of
1613 2551 178 53 traffic
1827 2552 384 66 competition,

228 2628 324 63 1921-1933,
575 2626 74 66 by
674 2626 202 66 Henry
900 2627 65 50 F.
992 2626 198 67 Grady
1215 2628 112 52 and
1351 2629 216 52 Robert
1591 2629 79 51 M.
1698 2628 160 55 Carr.
1920 2628 294 66 Berkeley,
227 2701 194 67 Calif.,
459 2703 329 65 University
821 2704 62 51 of

913 2703 324 54 California
1268 2723 173 48 press,
1475 2709 150 49 1934.

297 2775 166 41 xxviii.
499 2775 97 46 501,
634 2776 53 48 [1]
724 2785 41 37 p.
827 2775 125 39 illus.
984 2776 156 47 (map)
1208 2776 25 38 28½
1297 2779 43 21 cm
1344 2809 8 8 .

302 2832 367 48 Lithographed.

232 2885 1838 54 © Oct. l. 1934: 2c. Oct. 8: aff. Oct. 23; A 75914: Regents of the
299 2893 1899 98 University
510 2946 50 37 of
587 2944 283 40 California.
900 2945 247 46 Berkeley,
1177 2946 141 39 Calif.
1391 2947 279 48 (34-36581)

230 3018 301 65 Griswold,
565 3021 236 61 Hervey
832 3021 85 50 De
948 3020 166 64 Witt,
1146 3024 169 48 1860-

299 3095 256 68 Insights
590 3096 119 50 into
745 3096 231 50 modern
1012 3095 330 69 Hinduism,
1378 3098 75 69 by
1485 3099 233 68 Hervey
1752 3100 85 51 De
1873 3099 149 53 Witt

232 3097 1960 127 Griswold.
457 3173 135 50 New
621 3172 177 66 York,
827 3172 73 51 H.
929 3172 143 52 Holt
1100 3174 110 51 and
1238 3192 279 52 company
1547 3209 13 33 [
1565 3181 17 22 c
1587 3179 151 63 1934]

303 3245 79 41 xii.
407 3245 55 39 288
518 3255 41 36 p.
642 3244 25 37 19
671 3247 15 20 cm
720 3276 7 7 .
792 3245 289 45 (Half-title:
1110 3244 191 42 Studies
1327 3248 49 38 in
1404 3248 200 47 religion
1632 3250 95 39 and
1752 3249 212 47 culture)

301 3301 400 40 “Schermerhorn
736 3303 218 44 lectures,
1028 3302 37 38 II.”

301 3357 343 47 Bibliography:
708 3368 27 36 p
776 3358 213 40 277-285.

235 3413 1980 50 © Sept. 27. 1934: 2c. and aff. Sept. 29: A 76204: Henry Holt & co.. inc.
313 3474 277 41 (3,4-36418)

233 3549 149 53 Hail,
414 3549 220 50 Esther
663 3549 343 53 Greenacre.

304 3626 154 50 Back
487 3633 55 43 to
574 3626 258 64 Buckeye
886 3626 72 64 [by]
1015 3627 203 52 Esther
1247 3628 311 54 Greenacre
1587 3631 169 66 Hall;
1792 3631 321 53 illustrated
2144 3631 69 65 by
236 3703 105 51 Lee
375 3703 329 51 Townsend.
782 3703 134 51 New

952 3704 176 52 York.
1160 3706 72 51 H.
1269 3705 186 55 Smith
1487 3711 42 48 &
1560 3709 67 50 R.
1660 3709 177 64 Haas,
1870 3711 147 49 1934.

306 3776 82 37 317
418 3786 39 35 p.
484 3775 109 38 incl.
620 3776 21 36 1
674 3774 139 40 illus..
843 3776 167 45 plates.
1072 3776 142 40 19½cm.

306 3830 286 40 Illustrated
624 3831 357 47 lining-papers.

238 3884 51 51 ©
314 3889 114 37 Nov.
455 3889 37 38 5.
517 3888 111 38 1934:
683 3891 64 36 2c.
773 3890 92 37 and
892 3901 22 26 a
923 3889 48 38 ft.
995 3889 114 37 Nov.
1137 3890 23 38 6:
1214 3892 37 36 A
1279 3892 139 38 77104:
1473 3894 49 37 E.
1552 3893 50 40 G.
1630 3894 128 40 Hall.
1787 3896 83 38 Mt.
1896 3894 159 46 Kisco,
2083 3894 53 38 N.
2163 3894 53 38 Y.

316 3946 275 38 (3-1-36561)
