2350 4196
1153 4009 98 52 764

268 446 55 39 64
355 457 42 36 p.
459 445 176 48 diagrs.
696 446 143 39 19½cm.

201 516 50 50 ©
277 520 124 39 June
427 520 37 41 1,
492 519 113 40 1934;
658 520 66 39 2c.
752 521 112 46 May
890 520 52 39 31;
1001 520 80 39 aff.
1110 521 122 38 June
1260 520 24 38 5;
1340 519 40 38 A
1406 519 141 40 71933;
1605 519 255 40 Economic
1886 520 174 47 forum,
2089 521 90 40 inc.

278 576 277 47 (34-16649)

194 677 250 66 Crozier,
478 679 237 64 Joseph.

204 745 1952 155 … Mes missions secrètes, 1915-1918. Éd. documentaire définitive. Avec seize gravures. Paris, Payot, 1933.
202 903 1976 105 2 p. l., [7]-280, [2] p. illus. (map) plates, ports., facsims. 23cm. (Collection de mémoires, études et documents pour servir à l’histoire de la
203 1028 170 37 guerre
401 1017 266 47 mondiale)

273 1075 119 39 Part
425 1074 51 39 of
507 1075 84 39 the
619 1075 225 39 material
876 1075 49 38 in
956 1074 98 41 this
1085 1075 133 38 work
1250 1076 240 46 appeared
1524 1075 49 39 in
1606 1076 127 49 1930,
1768 1076 49 40 in
1852 1078 99 39 “En
1983 1079 198 39 mission

204 1132 113 39 chez
339 1131 264 46 l’ennemi”,
629 1132 60 46 by
714 1133 178 45 Joseph
918 1132 193 40 Crozier
1134 1132 92 39 and
1251 1131 291 41 Lieutenant
1566 1134 56 38 de
1648 1134 229 40 Belleval.

204 1202 1981 52 © Dec. 15, 1933; 1c. Feb. 19, 1934; A-Foreign 23707; J. Crozier, Paris.
282 1262 277 47 (34-17337)

203 1364 217 68 [Davis,
453 1365 299 64 Franklyn
782 1364 217 67 Pierre]
1038 1369 167 49 1868-
1418 1366 81 51 ed.

268 1443 197 52 Davis’
509 1444 308 66 anthology
858 1443 61 53 of
959 1461 330 49 newspaper
1329 1461 156 34 verse
1526 1444 93 51 for
1661 1448 130 48 1933;
1865 1465 69 33 an
1977 1449 208 50 annual

199 1522 313 51 barometer
544 1521 62 52 of
636 1522 95 51 the
761 1522 302 51 sentiment
1092 1521 61 53 of
1183 1521 95 52 the
1309 1521 304 52 American
1644 1525 215 65 people,
1930 1526 128 51 loth
201 1545 1961 107 annual
373 1600 83 51 ed.
548 1599 350 52 Illustrated.
991 1598 210 52 Edited
1237 1599 74 66 by
1348 1599 175 52 Athie
1562 1600 130 56 Sale
1728 1603 196 52 Davis.
2015 1604 171 66 Enid,

201 1677 147 67 Okl.,
380 1677 175 53 Athie
588 1677 130 55 Sale
746 1678 196 64 Davis,
974 1680 148 48 1934.

277 1751 87 40 166
391 1762 41 36 p.
491 1750 127 39 illus.
677 1750 145 39 20½cm.

208 1818 50 50 ©
289 1823 111 45 May
427 1821 68 44 30,
524 1820 138 45 1934;
693 1820 65 39 2c.
788 1821 124 38 June
941 1820 25 38 7;
1023 1819 80 40 aff.
1133 1820 113 46 July
1274 1819 81 46 16;
1387 1820 41 38 A
1455 1821 143 40 73437;
1655 1823 144 40 Athie
1831 1824 108 40 Sale
1968 1825 163 40 Davis.

201 1922 272 65 Dickens,
514 1923 260 64 Charles,
817 1922 320 52 1812-1870.

273 2001 120 53 The
427 2000 106 52 life
568 2000 62 52 of
667 1996 121 59 Our
822 2000 183 65 Lord;
1043 2000 227 51 written
1306 2000 94 51 for
1434 1998 87 53 his
1557 1998 255 53 children
1850 1998 210 68 during
2094 2000 93 51 the

201 2097 163 50 years
396 2081 323 64 1846-1849,
751 2078 73 65 by
857 2077 234 54 Charles
1122 2077 263 59 Dickens,
1418 2078 110 51 and
1560 2095 126 33 now
1719 2075 121 53 first
1872 2077 316 67 published.

202 2159 137 50 New
370 2157 178 65 York,
579 2156 197 55 Simon
806 2156 110 51 and
951 2156 283 65 Schuster,
1267 2158 147 48 1934.

277 2232 83 39 128
389 2242 41 36 p.
486 2230 136 39 front.
664 2230 169 46 (port.)
871 2228 189 40 facsim.
1118 2228 141 39 19½cm.

282 2289 140 38 “Two
455 2297 214 37 prayers,
704 2286 195 39 written
933 2285 62 47 by
1028 2284 199 40 Charles
1261 2285 211 39 Dickens
1506 2285 77 39 for
1614 2284 76 40 his
1725 2295 159 37 young
1917 2283 244 41 children”
2182 2295 8 28 :

208 2356 41 36 p.
284 2344 244 49 [125]-128.

212 2411 50 50 ©
292 2416 79 37 May
433 2414 68 41 15,
528 2412 139 42 1934;
699 2413 64 38 2c.
795 2413 94 37 and
918 2411 81 39 aff.
1030 2412 125 38 June
1183 2411 80 40 20;
1295 2410 40 38 A
1364 2410 168 46 73150;
1569 2411 162 40 Simon
1761 2411 36 39 &
1828 2411 242 45 Schuster,
2100 2411 91 40 inc.

292 2471 277 47 (34-14738)

207 2573 233 64 Billing,
473 2576 137 50 Mrs.
647 2571 324 53 Elizabeth.

276 2652 123 51 The
429 2650 98 51 red
560 2648 282 65 network;
879 2667 30 32 a
943 2647 204 52 “who’s
1180 2646 160 53 who”
1375 2648 112 51 and
1519 2648 304 52 handbook
1856 2648 62 52 of
205 2647 1962 133 radicalism
348 2728 92 51 for
475 2728 260 66 patriots,
768 2726 74 66 by
878 2725 298 52 Elizabeth
1211 2725 226 67 Dilling
1484 2726 163 65 (Mrs.
1683 2726 204 52 Albert
1919 2729 89 49 W.
206 2725 1962 149 Dilling)

407 2804 377 66 Kenilworth,
812 2804 113 65 Ill.,
954 2802 266 68 Chicago,
1248 2804 120 52 The
1399 2805 204 50 author
1637 2807 189 63 [c1934]

284 2876 1227 52 3 p. l., 9-352 p. illus. (incl. facsims.) 21½cm.
215 2947 50 50 ©
298 2950 112 46 Apr.
440 2949 37 46 9,
510 2948 114 39 1934;
684 2948 64 38 2c.
782 2948 94 38 and
909 2945 80 39 aff.
1022 2945 115 47 July
1169 2946 51 38 11;
1283 2946 40 38 A
1355 2947 141 39 73377;
1560 2947 51 38 E.
1645 2945 196 48 Dilling,
1875 2946 318 46 Kenilworth,

282 3008 74 37 Ill.
428 3004 276 48 (34-11759)

209 3108 214 65 Doone,
456 3107 221 64 Radko,
715 3109 168 49 1896-

288 3184 208 64 Nuvat,
537 3184 94 51 the
670 3182 185 67 brave,
897 3201 69 33 an
1008 3181 232 53 Eskimo
1284 3182 284 54 Robinson
1614 3181 224 68 Crusoe,
1880 3181 71 67 by
1993 3180 201 53 Radko

227 3262 212 63 Doone;
483 3259 138 53 with
660 3257 373 55 illustrations
1070 3259 73 67 by
1180 3260 163 52 Hans
1381 3260 145 52 Axel
1564 3260 268 53 Walleen.
217 3257 1954 148 Philadelphia,
403 3338 226 52 Macrae
667 3336 185 53 Smith
891 3353 273 50 company
1208 3341 173 63 [c1934]

287 3407 1183 50 7 p., 1 l., 13-194 p. incl. illus., plates. 23cm.
217 3480 50 50 ©
301 3485 112 45 May
444 3483 67 46 21,
545 3483 138 45 1934;
718 3482 63 39 2c.
817 3482 123 39 June
973 3482 51 45 6;
1060 3481 80 40 aff.
1174 3483 123 39 June
1331 3485 50 44 7;
1417 3484 40 38 A
1491 3484 167 41 71969;
1696 3485 207 46 Macrae,
1940 3483 154 40 Smith
2127 3492 68 31 co.

294 3539 276 48 (34-16903)

209 3641 264 65 Duffield,
505 3642 187 54 Anne.

279 3717 119 54 The
428 3719 190 66 yound
651 3717 141 55 caïd.
874 3718 385 66 [Instalments
1292 3724 150 62 9-12]

319 3792 60 37 (In
405 3787 249 43 Woman’s
682 3788 202 50 weekly,
912 3788 117 51 May
1061 3790 70 48 12,
1161 3790 69 50 19,
1260 3791 71 48 26,
1360 3790 130 42 June
1516 3792 41 48 2,
1588 3791 143 48 1934)

218 3843 1949 54 © 1c. each July 12, 1934; A ad int. 19183; pubd. May 12, 19, 26, June 2;
286 3904 219 45 Dorothy
534 3904 133 38 Duer
693 3904 218 47 Duffield,
942 3905 286 47 Aldbourne,
1260 3905 266 51 Wiltshire,
1559 3907 234 47 England.
