<alto xmlns="http://www.loc.gov/standards/alto/ns-v3#" xmlns:xsi="http://www.w3.org/2001/XMLSchema-instance" xsi:schemaLocation="http://www.loc.gov/standards/alto/ns-v3# http://www.loc.gov/alto/v3/alto-3-0.xsd"><Description>
<MeasurementUnit>pixel</MeasurementUnit>
<sourceImageInformation>
<fileName>1934_v1_Part1.pdf</fileName>
</sourceImageInformation>
<OCRProcessing ID="IdOcr">
<ocrProcessingStep>
<processingDateTime>2019-01-10</processingDateTime>
<processingSoftware>
<softwareCreator>ABBYY</softwareCreator>
<softwareName>ABBYY Recognition Server</softwareName>
<softwareVersion>4.0</softwareVersion>
</processingSoftware>
</ocrProcessingStep>
</OCRProcessing>
</Description>
<Styles>
<ParagraphStyle ALIGN="Left" FIRSTLINE="0." ID="StyleId-FFFFFFFF-FFFF-FFFF-FFFF-FFFFFFFFFFFF-" LEFT="0." RIGHT="0." />
<ParagraphStyle ALIGN="Right" FIRSTLINE="0." ID="StyleId-521E1FC6-FE7E-43A4-90E6-A9B61626A263-" LEFT="0." LINESPACE="13.30000019" RIGHT="0." />
<ParagraphStyle ALIGN="Left" FIRSTLINE="-27." ID="StyleId-639B624E-F6F5-47B6-BB1D-34E64B53022F-" LEFT="0." LINESPACE="13.43999958" RIGHT="0." />
<ParagraphStyle ALIGN="Left" FIRSTLINE="0." ID="StyleId-100905F9-D385-406B-A5BD-ED5B8FD85431-" LEFT="0." RIGHT="0." />
<ParagraphStyle ALIGN="Left" FIRSTLINE="-27." ID="StyleId-7C9F9BA2-EF3A-4B7F-8486-CCC7B7F49B39-" LEFT="0." LINESPACE="18.71999931" RIGHT="0." />
<ParagraphStyle ALIGN="Block" FIRSTLINE="-27." ID="StyleId-350780E3-60F2-4605-88F5-BB54F9B87091-" LEFT="0." LINESPACE="18.71999931" RIGHT="0." />
<ParagraphStyle ALIGN="Left" FIRSTLINE="0." ID="StyleId-90B16C58-D795-4C77-9B89-30378C515D40-" LEFT="0." LINESPACE="14.39999962" RIGHT="0." />
<ParagraphStyle ALIGN="Right" FIRSTLINE="-27." ID="StyleId-17090E09-AFAF-4086-BD9B-4E99FAE6B057-" LEFT="0." LINESPACE="14.39999962" RIGHT="0." />
<ParagraphStyle ALIGN="Left" FIRSTLINE="-27." ID="StyleId-8B87B633-89DB-4D72-B1FC-26E4ABD680BC-" LEFT="0." LINESPACE="18.47999954" RIGHT="0." />
<ParagraphStyle ALIGN="Left" FIRSTLINE="0." ID="StyleId-42DA7417-CA90-4D71-A57B-06556C38D752-" LEFT="0." LINESPACE="13.30000019" RIGHT="0." />
<ParagraphStyle ALIGN="Block" FIRSTLINE="0." ID="StyleId-D8EE2A7E-42AE-4E35-98DB-F0F935637AA0-" LEFT="0." LINESPACE="6.599999905" RIGHT="0." />
<ParagraphStyle ALIGN="Left" FIRSTLINE="0." ID="StyleId-33CD3121-D4F5-43B6-BA96-6382D166E6B8-" LEFT="0." LINESPACE="15.5" RIGHT="0." />
<ParagraphStyle ALIGN="Block" FIRSTLINE="-21." ID="StyleId-1CE52AFA-C319-4DD9-B4B1-F0EBFA2B3F0B-" LEFT="0." LINESPACE="18.71999931" RIGHT="0." />
<ParagraphStyle ALIGN="Left" FIRSTLINE="0." ID="StyleId-B74F1B65-92F1-49C5-A5FA-D20442F031F2-" LEFT="0." LINESPACE="17.70006076" RIGHT="0." />
<ParagraphStyle ALIGN="Center" FIRSTLINE="0." ID="StyleId-79E2924A-215C-40B7-B577-7236BFBAA25E-" LEFT="0." LINESPACE="7.199999809" RIGHT="0." />
</Styles>
<Layout>
<Page HEIGHT="4196" ID="Page643" PHYSICAL_IMG_NR="643" WIDTH="2350">
<TopMargin HEIGHT="346" HPOS="0" VPOS="0" WIDTH="2350">
</TopMargin>
<LeftMargin HEIGHT="3638" HPOS="0" VPOS="346" WIDTH="163">
</LeftMargin>
<RightMargin HEIGHT="3638" HPOS="2186" VPOS="346" WIDTH="164">
</RightMargin>
<BottomMargin HEIGHT="212" HPOS="0" VPOS="3984" WIDTH="2350">
<TextBlock HEIGHT="90" HPOS="1073" ID="Page643_Block1" LANG="en-US" STYLEREFS="StyleId-1E1D890B-5C7E-4AA9-93C7-19E528A74B4B-" VPOS="3997" WIDTH="235">
<TextLine HEIGHT="52" HPOS="1120" VPOS="4003" WIDTH="97">
<String CONTENT="643" HEIGHT="52" HPOS="1120" VPOS="4003" WIDTH="97" />
</TextLine>
</TextBlock>
</BottomMargin>
<PrintSpace HEIGHT="3638" HPOS="163" VPOS="346" WIDTH="2023">
<TextBlock CS="1" HEIGHT="3638" HPOS="163" ID="Page643_Block2" LANG="en-US" STYLEREFS="StyleId-24952B9A-0D45-43A5-BED6-862DB44BDBB1-" VPOS="346" WIDTH="2023">
<TextLine CS="1" HEIGHT="69" HPOS="210" STYLEREFS="StyleId-805A5C29-6DE1-476B-BABD-C1A5FDAEE3AE-" VPOS="352" WIDTH="1136">
<String CONTENT="[Brown," CS="1" HEIGHT="67" HPOS="210" VPOS="352" WIDTH="229" />
<SP HEIGHT="65" HPOS="440" VPOS="354" WIDTH="27" />
<String CONTENT="Mrs." HEIGHT="54" HPOS="468" VPOS="354" WIDTH="136" />
<SP HEIGHT="52" HPOS="605" VPOS="356" WIDTH="29" />
<String CONTENT="Zenith" HEIGHT="53" HPOS="635" VPOS="355" WIDTH="210" />
<SP HEIGHT="65" HPOS="846" VPOS="356" WIDTH="31" />
<String CONTENT="(Jones)]" HEIGHT="66" HPOS="878" VPOS="355" WIDTH="263" />
<SP HEIGHT="64" HPOS="1142" VPOS="357" WIDTH="34" />
<String CONTENT="1898-" HEIGHT="50" HPOS="1177" VPOS="357" WIDTH="169" />
</TextLine>
<TextLine HEIGHT="70" HPOS="264" STYLEREFS="StyleId-128C865F-9388-4FD6-B345-006D3B4CF8B4-" VPOS="429" WIDTH="1916">
<String CONTENT="Mr." HEIGHT="53" HPOS="264" VPOS="430" WIDTH="107" />
<SP HEIGHT="52" HPOS="372" VPOS="431" WIDTH="52" />
<String CONTENT="Pinkerton" HEIGHT="55" HPOS="425" VPOS="430" WIDTH="314" />
<SP HEIGHT="50" HPOS="740" VPOS="449" WIDTH="47" />
<String CONTENT="goes" HEIGHT="50" HPOS="788" VPOS="449" WIDTH="131" />
<SP HEIGHT="47" HPOS="920" VPOS="437" WIDTH="48" />
<String CONTENT="to" HEIGHT="47" HPOS="969" VPOS="437" WIDTH="57" />
<SP HEIGHT="53" HPOS="1027" VPOS="430" WIDTH="49" />
<String CONTENT="Scotland" HEIGHT="54" HPOS="1077" VPOS="430" WIDTH="271" />
<SP HEIGHT="68" HPOS="1349" VPOS="430" WIDTH="48" />
<String CONTENT="yard," HEIGHT="69" HPOS="1398" VPOS="429" WIDTH="161" />
<SP HEIGHT="66" HPOS="1560" VPOS="430" WIDTH="46" />
<String CONTENT="by" HEIGHT="69" HPOS="1607" VPOS="430" WIDTH="72" />
<SP HEIGHT="69" HPOS="1680" VPOS="430" WIDTH="51" />
<String CONTENT="David" HEIGHT="54" HPOS="1732" VPOS="429" WIDTH="191" />
<SP HEIGHT="53" HPOS="1924" VPOS="430" WIDTH="53" />
<String CONTENT="Frome" HEIGHT="54" HPOS="1978" VPOS="431" WIDTH="202" />
</TextLine>
<TextLine CS="1" HEIGHT="71" HPOS="198" STYLEREFS="StyleId-128C865F-9388-4FD6-B345-006D3B4CF8B4-" VPOS="507" WIDTH="1981">
<String CONTENT="[pseud.]" CS="1" HEIGHT="68" HPOS="198" VPOS="508" WIDTH="209" />
<SP HEIGHT="68" HPOS="429" VPOS="508" WIDTH="34" />
<String CONTENT="illustrated" HEIGHT="55" HPOS="464" VPOS="508" WIDTH="322" />
<SP HEIGHT="53" HPOS="787" VPOS="509" WIDTH="27" />
<String CONTENT="by" HEIGHT="68" HPOS="815" VPOS="510" WIDTH="73" />
<SP HEIGHT="69" HPOS="889" VPOS="509" WIDTH="26" />
<String CONTENT="Edward" HEIGHT="52" HPOS="916" VPOS="508" WIDTH="250" />
<SP HEIGHT="55" HPOS="1167" VPOS="507" WIDTH="30" />
<String CONTENT="Caiman." HEIGHT="55" HPOS="1198" VPOS="507" WIDTH="251" />
<SP HEIGHT="51" HPOS="1450" VPOS="507" WIDTH="69" />
<String CONTENT="New" HEIGHT="54" HPOS="1520" VPOS="507" WIDTH="134" />
<SP HEIGHT="51" HPOS="1655" VPOS="508" WIDTH="34" />
<String CONTENT="York," HEIGHT="56" HPOS="1690" VPOS="508" WIDTH="175" />
<SP HEIGHT="55" HPOS="1866" VPOS="509" WIDTH="28" />
<String CONTENT="Farrar" HEIGHT="53" HPOS="1895" VPOS="509" WIDTH="212" />
<SP HEIGHT="50" HPOS="2108" VPOS="511" WIDTH="28" />
<String CONTENT="&amp;" HEIGHT="50" HPOS="2137" VPOS="511" WIDTH="42" />
</TextLine>
<TextLine CS="1" HEIGHT="70" HPOS="195" STYLEREFS="StyleId-128C865F-9388-4FD6-B345-006D3B4CF8B4-" VPOS="585" WIDTH="641">
<String CONTENT="Rinehart," HEIGHT="65" HPOS="195" VPOS="585" WIDTH="292" />
<SP HEIGHT="64" HPOS="488" VPOS="586" WIDTH="28" />
<String CONTENT="inc." HEIGHT="52" HPOS="517" VPOS="586" WIDTH="105" />
<SP HEIGHT="34" HPOS="623" VPOS="621" WIDTH="38" />
<String CONTENT="[" HEIGHT="34" HPOS="662" VPOS="621" WIDTH="6" />
<String CONTENT="c" HEIGHT="20" HPOS="680" STYLE="superscript" VPOS="595" WIDTH="17" />
<String CONTENT="1934]" CS="1" HEIGHT="48" HPOS="702" VPOS="590" WIDTH="134" />
</TextLine>
<TextLine CS="1" HEIGHT="53" HPOS="262" VPOS="654" WIDTH="755">
<String CONTENT="3" HEIGHT="41" HPOS="262" VPOS="654" WIDTH="25" />
<SP />
<String CONTENT="p." HEIGHT="37" HPOS="318" VPOS="667" WIDTH="42" />
<SP HEIGHT="38" HPOS="361" VPOS="658" WIDTH="27" />
<String CONTENT="l.," CS="1" />
<SP HEIGHT="48" HPOS="433" VPOS="656" WIDTH="27" />
<String CONTENT="3-300" HEIGHT="42" HPOS="461" VPOS="656" WIDTH="144" />
<SP HEIGHT="48" HPOS="606" VPOS="658" WIDTH="27" />
<String CONTENT="p." HEIGHT="37" HPOS="634" VPOS="669" WIDTH="42" />
<SP HEIGHT="37" HPOS="677" VPOS="670" WIDTH="58" />
<String CONTENT="plates." HEIGHT="46" HPOS="736" VPOS="661" WIDTH="168" />
<SP HEIGHT="40" HPOS="905" VPOS="659" WIDTH="56" />
<String CONTENT="20&#189;cm." CS="1" HEIGHT="40" HPOS="962" VPOS="658" WIDTH="55" />
</TextLine>
<TextLine CS="1" HEIGHT="54" HPOS="192" VPOS="713" WIDTH="1987">
<String CONTENT="&#169;" HEIGHT="51" HPOS="192" VPOS="713" WIDTH="51" />
<SP HEIGHT="51" HPOS="244" VPOS="713" WIDTH="26" />
<String CONTENT="May" HEIGHT="47" HPOS="271" VPOS="719" WIDTH="112" />
<SP HEIGHT="47" HPOS="384" VPOS="719" WIDTH="24" />
<String CONTENT="17," HEIGHT="44" HPOS="409" VPOS="719" WIDTH="67" />
<SP HEIGHT="44" HPOS="477" VPOS="719" WIDTH="27" />
<String CONTENT="1934;" HEIGHT="48" HPOS="505" VPOS="717" WIDTH="139" />
<SP HEIGHT="45" HPOS="645" VPOS="720" WIDTH="29" />
<String CONTENT="2c" HEIGHT="39" HPOS="675" VPOS="720" WIDTH="53" />
<SP HEIGHT="39" HPOS="729" VPOS="720" WIDTH="38" />
<String CONTENT="May" HEIGHT="47" HPOS="768" VPOS="720" WIDTH="112" />
<SP HEIGHT="47" HPOS="881" VPOS="720" WIDTH="25" />
<String CONTENT="19;" HEIGHT="41" HPOS="907" VPOS="718" WIDTH="81" />
<SP HEIGHT="30" HPOS="989" VPOS="729" WIDTH="29" />
<String CONTENT="aff." CS="1" HEIGHT="29" HPOS="1019" VPOS="729" WIDTH="79" />
<SP HEIGHT="37" HPOS="1099" VPOS="719" WIDTH="29" />
<String CONTENT="May" HEIGHT="46" HPOS="1129" VPOS="719" WIDTH="111" />
<SP HEIGHT="46" HPOS="1241" VPOS="719" WIDTH="27" />
<String CONTENT="18;" HEIGHT="45" HPOS="1269" VPOS="719" WIDTH="80" />
<SP HEIGHT="46" HPOS="1350" VPOS="718" WIDTH="29" />
<String CONTENT="A" HEIGHT="38" HPOS="1380" VPOS="718" WIDTH="39" />
<SP HEIGHT="40" HPOS="1420" VPOS="718" WIDTH="27" />
<String CONTENT="72495;" HEIGHT="48" HPOS="1448" VPOS="716" WIDTH="170" />
<SP HEIGHT="45" HPOS="1619" VPOS="719" WIDTH="31" />
<String CONTENT="Farrar" HEIGHT="39" HPOS="1651" VPOS="719" WIDTH="182" />
<SP HEIGHT="38" HPOS="1834" VPOS="720" WIDTH="28" />
<String CONTENT="&amp;" HEIGHT="38" HPOS="1863" VPOS="720" WIDTH="36" />
<SP HEIGHT="38" HPOS="1900" VPOS="720" WIDTH="26" />
<String CONTENT="Rinehart," HEIGHT="48" HPOS="1927" VPOS="719" WIDTH="252" />
</TextLine>
<TextLine HEIGHT="48" HPOS="260" VPOS="774" WIDTH="438">
<String CONTENT="inc." HEIGHT="41" HPOS="260" VPOS="774" WIDTH="88" />
<SP HEIGHT="47" HPOS="349" VPOS="775" WIDTH="70" />
<String CONTENT="(34-13762)" HEIGHT="47" HPOS="420" VPOS="775" WIDTH="278" />
</TextLine>
<TextLine HEIGHT="68" HPOS="184" STYLEREFS="StyleId-128C865F-9388-4FD6-B345-006D3B4CF8B4-" VPOS="874" WIDTH="816">
<String CONTENT="Chafee," HEIGHT="68" HPOS="184" VPOS="874" WIDTH="239" />
<SP HEIGHT="63" HPOS="424" VPOS="879" WIDTH="30" />
<String CONTENT="Zechariah," HEIGHT="60" HPOS="455" VPOS="877" WIDTH="342" />
<SP HEIGHT="54" HPOS="798" VPOS="883" WIDTH="32" />
<String CONTENT="1885-" HEIGHT="49" HPOS="831" VPOS="883" WIDTH="169" />
</TextLine>
<TextLine HEIGHT="73" HPOS="254" STYLEREFS="StyleId-128C865F-9388-4FD6-B345-006D3B4CF8B4-" VPOS="954" WIDTH="1925">
<String CONTENT="Cases" HEIGHT="54" HPOS="254" VPOS="954" WIDTH="168" />
<SP HEIGHT="33" HPOS="423" VPOS="975" WIDTH="38" />
<String CONTENT="on" HEIGHT="35" HPOS="462" VPOS="975" WIDTH="72" />
<SP HEIGHT="34" HPOS="535" VPOS="976" WIDTH="36" />
<String CONTENT="equity;" HEIGHT="69" HPOS="572" VPOS="957" WIDTH="219" />
<SP HEIGHT="69" HPOS="792" VPOS="957" WIDTH="40" />
<String CONTENT="jurisdiction" HEIGHT="70" HPOS="833" VPOS="956" WIDTH="363" />
<SP HEIGHT="33" HPOS="1197" VPOS="975" WIDTH="40" />
<String CONTENT="and" HEIGHT="52" HPOS="1238" VPOS="957" WIDTH="110" />
<SP HEIGHT="52" HPOS="1349" VPOS="957" WIDTH="39" />
<String CONTENT="specific" HEIGHT="70" HPOS="1389" VPOS="955" WIDTH="223" />
<SP HEIGHT="48" HPOS="1613" VPOS="976" WIDTH="37" />
<String CONTENT="performance," HEIGHT="67" HPOS="1651" VPOS="957" WIDTH="413" />
<SP HEIGHT="54" HPOS="2065" VPOS="959" WIDTH="38" />
<String CONTENT="by" HEIGHT="68" HPOS="2104" VPOS="959" WIDTH="75" />
</TextLine>
<TextLine CS="1" HEIGHT="148" HPOS="180" STYLEREFS="StyleId-128C865F-9388-4FD6-B345-006D3B4CF8B4-" VPOS="1034" WIDTH="1973">
<String CONTENT="Zechariah" HEIGHT="53" HPOS="183" VPOS="1034" WIDTH="309" />
<SP HEIGHT="54" HPOS="493" VPOS="1035" WIDTH="36" />
<String CONTENT="Chafee," HEIGHT="70" HPOS="530" VPOS="1035" WIDTH="232" />
<SP HEIGHT="69" HPOS="763" VPOS="1036" WIDTH="33" />
<String CONTENT="jr." HEIGHT="68" HPOS="797" VPOS="1036" WIDTH="69" />
<SP HEIGHT="11" HPOS="867" VPOS="1079" WIDTH="41" />
<String CONTENT="&#8230;" CS="1" />
<SP HEIGHT="33" HPOS="964" VPOS="1055" WIDTH="40" />
<String CONTENT="and" HEIGHT="52" HPOS="1005" VPOS="1036" WIDTH="110" />
<SP HEIGHT="54" HPOS="1116" VPOS="1036" WIDTH="36" />
<String CONTENT="Sidney" CS="1" HEIGHT="54" HPOS="1153" VPOS="1036" WIDTH="172" />
<SP HEIGHT="50" HPOS="1366" VPOS="1038" WIDTH="33" />
<String CONTENT="Post" HEIGHT="50" HPOS="1400" VPOS="1038" WIDTH="140" />
<SP HEIGHT="54" HPOS="1541" VPOS="1037" WIDTH="33" />
<String CONTENT="Simpson" HEIGHT="68" HPOS="1575" VPOS="1035" WIDTH="269" />
<SP HEIGHT="33" HPOS="1845" VPOS="1055" WIDTH="36" />
<String CONTENT="&#8230;" CS="1" />
<SP HEIGHT="54" HPOS="1937" VPOS="1038" WIDTH="75" />
<String CONTENT="Cambridge," HEIGHT="143" HPOS="180" VPOS="1038" WIDTH="1973" />
<SP HEIGHT="65" HPOS="397" VPOS="1116" WIDTH="26" />
<String CONTENT="Mass.," CS="1" HEIGHT="51" HPOS="424" VPOS="1116" WIDTH="169" />
<SP HEIGHT="64" HPOS="614" VPOS="1118" WIDTH="28" />
<String CONTENT="The" HEIGHT="52" HPOS="643" VPOS="1116" WIDTH="118" />
<SP HEIGHT="34" HPOS="762" VPOS="1133" WIDTH="27" />
<String CONTENT="editors," HEIGHT="66" HPOS="790" VPOS="1116" WIDTH="228" />
<SP HEIGHT="63" HPOS="1019" VPOS="1119" WIDTH="28" />
<String CONTENT="1934." HEIGHT="49" HPOS="1048" VPOS="1117" WIDTH="147" />
</TextLine>
<TextLine CS="1" HEIGHT="49" HPOS="255" STYLEREFS="StyleId-128C865F-9388-4FD6-B345-006D3B4CF8B4-" VPOS="1188" WIDTH="824">
<String CONTENT="cover-title," HEIGHT="47" HPOS="255" VPOS="1188" WIDTH="282" />
<SP HEIGHT="29" HPOS="538" VPOS="1208" WIDTH="34" />
<String CONTENT="[703]-976" CS="1" HEIGHT="49" HPOS="587" VPOS="1188" WIDTH="218" />
<SP HEIGHT="48" HPOS="806" VPOS="1189" WIDTH="28" />
<String CONTENT="p." HEIGHT="37" HPOS="835" VPOS="1200" WIDTH="41" />
<SP HEIGHT="39" HPOS="877" VPOS="1190" WIDTH="56" />
<String CONTENT="23&#189;c" CS="1" HEIGHT="40" HPOS="934" VPOS="1189" WIDTH="54" />
<String CONTENT="m" HEIGHT="20" HPOS="1039" STYLE="superscript" VPOS="1190" WIDTH="27" />
<String CONTENT="." HEIGHT="8" HPOS="1075" VPOS="1220" WIDTH="4" />
</TextLine>
<TextLine HEIGHT="49" HPOS="256" VPOS="1244" WIDTH="775">
<String CONTENT="Preliminary" HEIGHT="48" HPOS="256" VPOS="1244" WIDTH="324" />
<SP HEIGHT="37" HPOS="581" VPOS="1256" WIDTH="28" />
<String CONTENT="pamphlet" HEIGHT="46" HPOS="610" VPOS="1247" WIDTH="247" />
<SP HEIGHT="38" HPOS="858" VPOS="1248" WIDTH="29" />
<String CONTENT="no." HEIGHT="28" HPOS="888" VPOS="1257" WIDTH="73" />
<SP HEIGHT="39" HPOS="962" VPOS="1246" WIDTH="30" />
<String CONTENT="3." HEIGHT="40" HPOS="993" VPOS="1246" WIDTH="38" />
</TextLine>
<TextLine HEIGHT="54" HPOS="186" VPOS="1297" WIDTH="1991">
<String CONTENT="&#169;" HEIGHT="51" HPOS="186" VPOS="1297" WIDTH="50" />
<SP HEIGHT="51" HPOS="237" VPOS="1297" WIDTH="40" />
<String CONTENT="May" HEIGHT="46" HPOS="278" VPOS="1303" WIDTH="100" />
<String CONTENT="r" HEIGHT="11" HPOS="379" STYLE="superscript" VPOS="1313" WIDTH="13" />
<SP HEIGHT="38" HPOS="393" VPOS="1302" WIDTH="32" />
<String CONTENT="10," HEIGHT="42" HPOS="426" VPOS="1302" WIDTH="68" />
<SP HEIGHT="41" HPOS="495" VPOS="1303" WIDTH="38" />
<String CONTENT="1934;" HEIGHT="46" HPOS="534" VPOS="1302" WIDTH="139" />
<SP HEIGHT="45" HPOS="674" VPOS="1303" WIDTH="41" />
<String CONTENT="2c." HEIGHT="39" HPOS="716" VPOS="1303" WIDTH="66" />
<SP HEIGHT="29" HPOS="783" VPOS="1313" WIDTH="38" />
<String CONTENT="and" HEIGHT="38" HPOS="822" VPOS="1304" WIDTH="95" />
<SP HEIGHT="38" HPOS="918" VPOS="1304" WIDTH="37" />
<String CONTENT="aff." HEIGHT="41" HPOS="956" VPOS="1301" WIDTH="79" />
<SP HEIGHT="39" HPOS="1036" VPOS="1302" WIDTH="40" />
<String CONTENT="June" HEIGHT="39" HPOS="1077" VPOS="1302" WIDTH="127" />
<SP HEIGHT="39" HPOS="1205" VPOS="1301" WIDTH="34" />
<String CONTENT="11;" HEIGHT="42" HPOS="1240" VPOS="1301" WIDTH="81" />
<SP HEIGHT="39" HPOS="1322" VPOS="1312" WIDTH="40" />
<String CONTENT="A" HEIGHT="50" HPOS="1363" VPOS="1301" WIDTH="40" />
<SP HEIGHT="39" HPOS="1404" VPOS="1301" WIDTH="39" />
<String CONTENT="72708;" HEIGHT="46" HPOS="1444" VPOS="1300" WIDTH="169" />
<SP HEIGHT="45" HPOS="1614" VPOS="1301" WIDTH="42" />
<String CONTENT="Z." HEIGHT="40" HPOS="1657" VPOS="1301" WIDTH="46" />
<SP HEIGHT="40" HPOS="1704" VPOS="1301" WIDTH="40" />
<String CONTENT="Chafee," HEIGHT="48" HPOS="1745" VPOS="1300" WIDTH="195" />
<SP HEIGHT="47" HPOS="1941" VPOS="1301" WIDTH="37" />
<String CONTENT="jr." HEIGHT="47" HPOS="1979" VPOS="1301" WIDTH="62" />
<SP HEIGHT="29" HPOS="2042" VPOS="1313" WIDTH="39" />
<String CONTENT="and" HEIGHT="38" HPOS="2082" VPOS="1304" WIDTH="95" />
</TextLine>
<TextLine HEIGHT="49" HPOS="256" VPOS="1358" WIDTH="1093">
<String CONTENT="Sidney" HEIGHT="47" HPOS="256" VPOS="1359" WIDTH="177" />
<SP HEIGHT="46" HPOS="434" VPOS="1360" WIDTH="26" />
<String CONTENT="Post" HEIGHT="39" HPOS="461" VPOS="1360" WIDTH="115" />
<SP HEIGHT="40" HPOS="577" VPOS="1359" WIDTH="31" />
<String CONTENT="Simpson," HEIGHT="48" HPOS="609" VPOS="1359" WIDTH="233" />
<SP HEIGHT="47" HPOS="843" VPOS="1359" WIDTH="29" />
<String CONTENT="Cambridge," HEIGHT="48" HPOS="873" VPOS="1358" WIDTH="299" />
<SP HEIGHT="46" HPOS="1173" VPOS="1359" WIDTH="30" />
<String CONTENT="Mass." HEIGHT="39" HPOS="1204" VPOS="1359" WIDTH="145" />
</TextLine>
<TextLine HEIGHT="68" HPOS="182" STYLEREFS="StyleId-805A5C29-6DE1-476B-BABD-C1A5FDAEE3AE-" VPOS="1460" WIDTH="650">
<String CONTENT="Collins," HEIGHT="66" HPOS="182" VPOS="1460" WIDTH="231" />
<SP HEIGHT="63" HPOS="414" VPOS="1463" WIDTH="29" />
<String CONTENT="Dean," HEIGHT="65" HPOS="444" VPOS="1463" WIDTH="183" />
<SP HEIGHT="62" HPOS="628" VPOS="1466" WIDTH="32" />
<String CONTENT="1887-" HEIGHT="53" HPOS="661" VPOS="1462" WIDTH="171" />
</TextLine>
<TextLine CS="1" HEIGHT="68" HPOS="249" STYLEREFS="StyleId-128C865F-9388-4FD6-B345-006D3B4CF8B4-" VPOS="1539" WIDTH="1927">
<String CONTENT="The" HEIGHT="52" HPOS="249" VPOS="1540" WIDTH="120" />
<SP HEIGHT="35" HPOS="370" VPOS="1558" WIDTH="42" />
<String CONTENT="cheddar" HEIGHT="53" HPOS="413" VPOS="1540" WIDTH="249" />
<SP HEIGHT="52" HPOS="663" VPOS="1541" WIDTH="41" />
<String CONTENT="box" HEIGHT="52" HPOS="705" VPOS="1541" WIDTH="109" />
<SP HEIGHT="32" HPOS="815" VPOS="1560" WIDTH="50" />
<String CONTENT="&#8230;" CS="1" />
<SP HEIGHT="52" HPOS="921" VPOS="1541" WIDTH="77" />
<String CONTENT="Vol." CS="1" HEIGHT="51" HPOS="1056" VPOS="1541" WIDTH="68" />
<SP HEIGHT="34" HPOS="1125" VPOS="1558" WIDTH="45" />
<String CONTENT="I." CS="1" HEIGHT="9" HPOS="1198" VPOS="1583" WIDTH="8" />
<SP HEIGHT="55" HPOS="1207" VPOS="1539" WIDTH="76" />
<String CONTENT="Cheese" HEIGHT="55" HPOS="1284" VPOS="1539" WIDTH="207" />
<SP HEIGHT="35" HPOS="1492" VPOS="1558" WIDTH="44" />
<String CONTENT="cheddar." HEIGHT="52" HPOS="1537" VPOS="1540" WIDTH="264" />
<SP HEIGHT="50" HPOS="1802" VPOS="1541" WIDTH="75" />
<String CONTENT="By" HEIGHT="66" HPOS="1878" VPOS="1541" WIDTH="90" />
<SP HEIGHT="66" HPOS="1969" VPOS="1541" WIDTH="44" />
<String CONTENT="Dean" HEIGHT="51" HPOS="2014" VPOS="1541" WIDTH="162" />
</TextLine>
<TextLine HEIGHT="71" HPOS="179" STYLEREFS="StyleId-128C865F-9388-4FD6-B345-006D3B4CF8B4-" VPOS="1616" WIDTH="938">
<String CONTENT="Collins." HEIGHT="56" HPOS="179" VPOS="1616" WIDTH="233" />
<SP HEIGHT="51" HPOS="413" VPOS="1620" WIDTH="74" />
<String CONTENT="Portland," HEIGHT="67" HPOS="488" VPOS="1620" WIDTH="299" />
<SP HEIGHT="67" HPOS="788" VPOS="1620" WIDTH="30" />
<String CONTENT="Or.," HEIGHT="67" HPOS="819" VPOS="1620" WIDTH="117" />
<SP HEIGHT="64" HPOS="937" VPOS="1623" WIDTH="31" />
<String CONTENT="1933." HEIGHT="50" HPOS="969" VPOS="1622" WIDTH="148" />
</TextLine>
<TextLine CS="1" HEIGHT="51" HPOS="251" VPOS="1692" WIDTH="1783">
<String CONTENT="3" HEIGHT="40" HPOS="251" VPOS="1694" WIDTH="25" />
<SP />
<String CONTENT="p." CS="1" />
<SP />
<String CONTENT="l.," CS="1" />
<SP HEIGHT="47" HPOS="419" VPOS="1693" WIDTH="27" />
<String CONTENT="iii," HEIGHT="46" HPOS="447" VPOS="1693" WIDTH="66" />
<SP HEIGHT="29" HPOS="514" VPOS="1714" WIDTH="34" />
<String CONTENT="[2]" CS="1" HEIGHT="50" HPOS="549" VPOS="1693" WIDTH="36" />
<SP HEIGHT="38" HPOS="601" VPOS="1705" WIDTH="31" />
<String CONTENT="p.," HEIGHT="36" HPOS="633" VPOS="1705" WIDTH="57" />
<SP HEIGHT="47" HPOS="691" VPOS="1694" WIDTH="27" />
<String CONTENT="1" HEIGHT="38" HPOS="719" VPOS="1694" WIDTH="24" />
<SP HEIGHT="39" HPOS="744" VPOS="1694" WIDTH="27" />
<String CONTENT="l.," CS="1" HEIGHT="17" HPOS="808" VPOS="1724" WIDTH="7" />
<SP HEIGHT="47" HPOS="816" VPOS="1694" WIDTH="28" />
<String CONTENT="293" HEIGHT="41" HPOS="845" VPOS="1693" WIDTH="83" />
<SP HEIGHT="46" HPOS="929" VPOS="1695" WIDTH="28" />
<String CONTENT="p.," HEIGHT="37" HPOS="958" VPOS="1704" WIDTH="62" />
<SP HEIGHT="47" HPOS="1021" VPOS="1693" WIDTH="34" />
<String CONTENT="front." CS="1" />
<SP HEIGHT="47" HPOS="1204" VPOS="1693" WIDTH="28" />
<String CONTENT="(facsim.)" HEIGHT="48" HPOS="1233" VPOS="1692" WIDTH="238" />
<SP HEIGHT="47" HPOS="1472" VPOS="1693" WIDTH="38" />
<String CONTENT="plates," HEIGHT="47" HPOS="1511" VPOS="1693" WIDTH="170" />
<SP HEIGHT="37" HPOS="1682" VPOS="1702" WIDTH="29" />
<String CONTENT="ports." HEIGHT="44" HPOS="1712" VPOS="1695" WIDTH="147" />
<SP HEIGHT="38" HPOS="1860" VPOS="1692" WIDTH="59" />
<String CONTENT="17" HEIGHT="39" HPOS="1920" VPOS="1692" WIDTH="53" />
<String CONTENT="cm" HEIGHT="21" HPOS="1977" STYLE="superscript" VPOS="1692" WIDTH="43" />
<String CONTENT="." HEIGHT="8" HPOS="2027" VPOS="1724" WIDTH="7" />
</TextLine>
<TextLine HEIGHT="50" HPOS="255" VPOS="1749" WIDTH="934">
<String CONTENT="On" HEIGHT="40" HPOS="255" VPOS="1749" WIDTH="72" />
<SP HEIGHT="29" HPOS="328" VPOS="1761" WIDTH="27" />
<String CONTENT="cover:" HEIGHT="30" HPOS="356" VPOS="1760" WIDTH="160" />
<SP HEIGHT="41" HPOS="517" VPOS="1749" WIDTH="32" />
<String CONTENT="Oregon" HEIGHT="50" HPOS="550" VPOS="1749" WIDTH="188" />
<SP HEIGHT="46" HPOS="739" VPOS="1752" WIDTH="27" />
<String CONTENT="journal" HEIGHT="46" HPOS="767" VPOS="1752" WIDTH="196" />
<SP HEIGHT="39" HPOS="964" VPOS="1752" WIDTH="29" />
<String CONTENT="edition." HEIGHT="41" HPOS="994" VPOS="1750" WIDTH="195" />
</TextLine>
<TextLine HEIGHT="50" HPOS="253" VPOS="1807" WIDTH="680">
<String CONTENT="Illustrated" HEIGHT="41" HPOS="253" VPOS="1807" WIDTH="286" />
<SP HEIGHT="39" HPOS="540" VPOS="1808" WIDTH="30" />
<String CONTENT="lining-papers." HEIGHT="50" HPOS="571" VPOS="1807" WIDTH="362" />
</TextLine>
<TextLine HEIGHT="51" HPOS="256" VPOS="1863" WIDTH="1921">
<String CONTENT="&#8220;The" HEIGHT="41" HPOS="256" VPOS="1865" WIDTH="128" />
<SP HEIGHT="38" HPOS="385" VPOS="1876" WIDTH="28" />
<String CONTENT="gist" HEIGHT="48" HPOS="414" VPOS="1866" WIDTH="95" />
<SP HEIGHT="38" HPOS="510" VPOS="1868" WIDTH="30" />
<String CONTENT="of" HEIGHT="40" HPOS="541" VPOS="1866" WIDTH="49" />
<SP HEIGHT="39" HPOS="591" VPOS="1866" WIDTH="30" />
<String CONTENT="the" HEIGHT="39" HPOS="622" VPOS="1867" WIDTH="81" />
<SP HEIGHT="38" HPOS="708" VPOS="1867" WIDTH="26" />
<String CONTENT="book" HEIGHT="39" HPOS="735" VPOS="1867" WIDTH="120" />
<SP HEIGHT="38" HPOS="856" VPOS="1866" WIDTH="30" />
<String CONTENT="is" HEIGHT="39" HPOS="887" VPOS="1866" WIDTH="41" />
<SP HEIGHT="29" HPOS="929" VPOS="1876" WIDTH="29" />
<String CONTENT="contained" HEIGHT="41" HPOS="959" VPOS="1864" WIDTH="254" />
<SP HEIGHT="39" HPOS="1214" VPOS="1865" WIDTH="30" />
<String CONTENT="in" HEIGHT="37" HPOS="1245" VPOS="1866" WIDTH="49" />
<SP HEIGHT="37" HPOS="1295" VPOS="1867" WIDTH="31" />
<String CONTENT="the" HEIGHT="39" HPOS="1327" VPOS="1866" WIDTH="80" />
<SP HEIGHT="30" HPOS="1408" VPOS="1875" WIDTH="32" />
<String CONTENT="chapter" HEIGHT="47" HPOS="1441" VPOS="1865" WIDTH="200" />
<SP HEIGHT="38" HPOS="1642" VPOS="1865" WIDTH="29" />
<String CONTENT="headings" HEIGHT="50" HPOS="1672" VPOS="1863" WIDTH="236" />
<SP HEIGHT="39" HPOS="1909" VPOS="1864" WIDTH="28" />
<String CONTENT="from" HEIGHT="41" HPOS="1938" VPOS="1864" WIDTH="126" />
<SP HEIGHT="36" HPOS="2065" VPOS="1868" WIDTH="30" />
<String CONTENT="the" HEIGHT="39" HPOS="2096" VPOS="1866" WIDTH="81" />
</TextLine>
<TextLine HEIGHT="50" HPOS="180" VPOS="1921" WIDTH="1319">
<String CONTENT="diary" HEIGHT="48" HPOS="180" VPOS="1922" WIDTH="140" />
<SP HEIGHT="36" HPOS="321" VPOS="1934" WIDTH="26" />
<String CONTENT="of" HEIGHT="40" HPOS="348" VPOS="1923" WIDTH="50" />
<SP HEIGHT="40" HPOS="399" VPOS="1923" WIDTH="24" />
<String CONTENT="the" HEIGHT="40" HPOS="424" VPOS="1924" WIDTH="81" />
<SP HEIGHT="39" HPOS="506" VPOS="1925" WIDTH="24" />
<String CONTENT="trip" HEIGHT="48" HPOS="531" VPOS="1923" WIDTH="98" />
<SP HEIGHT="47" HPOS="630" VPOS="1924" WIDTH="26" />
<String CONTENT="in" HEIGHT="38" HPOS="657" VPOS="1924" WIDTH="49" />
<SP HEIGHT="39" HPOS="707" VPOS="1923" WIDTH="27" />
<String CONTENT="Tillamook" HEIGHT="40" HPOS="735" VPOS="1922" WIDTH="269" />
<SP HEIGHT="39" HPOS="1005" VPOS="1923" WIDTH="25" />
<String CONTENT="county.&#8221;&#8212;Introd." HEIGHT="48" HPOS="1031" VPOS="1921" WIDTH="468" />
</TextLine>
<TextLine HEIGHT="52" HPOS="184" VPOS="1977" WIDTH="1990">
<String CONTENT="&#169;" HEIGHT="51" HPOS="184" VPOS="1977" WIDTH="50" />
<SP HEIGHT="51" HPOS="235" VPOS="1977" WIDTH="30" />
<String CONTENT="Dec." HEIGHT="40" HPOS="266" VPOS="1982" WIDTH="109" />
<SP HEIGHT="38" HPOS="376" VPOS="1982" WIDTH="32" />
<String CONTENT="15," HEIGHT="47" HPOS="409" VPOS="1982" WIDTH="67" />
<SP HEIGHT="47" HPOS="477" VPOS="1982" WIDTH="30" />
<String CONTENT="1933;" HEIGHT="46" HPOS="508" VPOS="1981" WIDTH="139" />
<SP HEIGHT="45" HPOS="648" VPOS="1982" WIDTH="31" />
<String CONTENT="2c." HEIGHT="39" HPOS="680" VPOS="1982" WIDTH="67" />
<SP HEIGHT="30" HPOS="748" VPOS="1991" WIDTH="30" />
<String CONTENT="and" HEIGHT="38" HPOS="779" VPOS="1982" WIDTH="99" />
<SP HEIGHT="38" HPOS="879" VPOS="1982" WIDTH="26" />
<String CONTENT="aff." HEIGHT="40" HPOS="906" VPOS="1980" WIDTH="80" />
<SP HEIGHT="38" HPOS="987" VPOS="1981" WIDTH="32" />
<String CONTENT="May" HEIGHT="46" HPOS="1020" VPOS="1981" WIDTH="112" />
<SP HEIGHT="47" HPOS="1133" VPOS="1980" WIDTH="30" />
<String CONTENT="14," HEIGHT="46" HPOS="1164" VPOS="1980" WIDTH="66" />
<SP HEIGHT="46" HPOS="1231" VPOS="1980" WIDTH="31" />
<String CONTENT="1934;" HEIGHT="46" HPOS="1263" VPOS="1979" WIDTH="140" />
<SP HEIGHT="45" HPOS="1404" VPOS="1980" WIDTH="32" />
<String CONTENT="A" HEIGHT="38" HPOS="1437" VPOS="1980" WIDTH="40" />
<SP HEIGHT="40" HPOS="1478" VPOS="1980" WIDTH="30" />
<String CONTENT="71598;" HEIGHT="44" HPOS="1509" VPOS="1979" WIDTH="169" />
<SP HEIGHT="42" HPOS="1679" VPOS="1981" WIDTH="34" />
<String CONTENT="Journal" HEIGHT="39" HPOS="1714" VPOS="1981" WIDTH="206" />
<SP HEIGHT="47" HPOS="1921" VPOS="1981" WIDTH="31" />
<String CONTENT="pub." HEIGHT="50" HPOS="1953" VPOS="1978" WIDTH="107" />
<SP HEIGHT="29" HPOS="2061" VPOS="1991" WIDTH="30" />
<String CONTENT="co.," HEIGHT="38" HPOS="2092" VPOS="1989" WIDTH="82" />
</TextLine>
<TextLine HEIGHT="48" HPOS="251" VPOS="2038" WIDTH="703">
<String CONTENT="Portland." HEIGHT="39" HPOS="251" VPOS="2039" WIDTH="246" />
<SP HEIGHT="41" HPOS="498" VPOS="2038" WIDTH="28" />
<String CONTENT="Or." HEIGHT="41" HPOS="527" VPOS="2038" WIDTH="77" />
<SP HEIGHT="47" HPOS="605" VPOS="2039" WIDTH="70" />
<String CONTENT="(34-13713)" HEIGHT="48" HPOS="676" VPOS="2038" WIDTH="278" />
</TextLine>
<TextLine HEIGHT="67" HPOS="177" STYLEREFS="StyleId-805A5C29-6DE1-476B-BABD-C1A5FDAEE3AE-" VPOS="2121" WIDTH="1567">
<String CONTENT="Comstock," HEIGHT="66" HPOS="177" VPOS="2122" WIDTH="329" />
<SP HEIGHT="62" HPOS="507" VPOS="2126" WIDTH="31" />
<String CONTENT="Mrs." HEIGHT="51" HPOS="539" VPOS="2126" WIDTH="137" />
<SP HEIGHT="52" HPOS="677" VPOS="2125" WIDTH="32" />
<String CONTENT="Harriet" HEIGHT="54" HPOS="710" VPOS="2122" WIDTH="244" />
<SP HEIGHT="52" HPOS="955" VPOS="2124" WIDTH="29" />
<String CONTENT="Theresa" HEIGHT="52" HPOS="985" VPOS="2124" WIDTH="259" />
<SP HEIGHT="62" HPOS="1245" VPOS="2125" WIDTH="30" />
<String CONTENT="(Smith)" HEIGHT="66" HPOS="1276" VPOS="2121" WIDTH="257" />
<SP HEIGHT="62" HPOS="1534" VPOS="2124" WIDTH="41" />
<String CONTENT="1860-" HEIGHT="50" HPOS="1576" VPOS="2125" WIDTH="168" />
</TextLine>
<TextLine CS="1" HEIGHT="70" HPOS="310" STYLEREFS="StyleId-128C865F-9388-4FD6-B345-006D3B4CF8B4-" VPOS="2200" WIDTH="1868">
<String CONTENT="&#8230;" CS="1" />
<SP HEIGHT="53" HPOS="310" VPOS="2201" WIDTH="34" />
<String CONTENT="Karen&#8217;s" HEIGHT="54" HPOS="345" VPOS="2201" WIDTH="242" />
<SP HEIGHT="52" HPOS="588" VPOS="2203" WIDTH="28" />
<String CONTENT="destiny." HEIGHT="67" HPOS="617" VPOS="2203" WIDTH="241" />
<SP HEIGHT="55" HPOS="859" VPOS="2201" WIDTH="66" />
<String CONTENT="Garden" HEIGHT="56" HPOS="926" VPOS="2200" WIDTH="232" />
<SP HEIGHT="55" HPOS="1159" VPOS="2200" WIDTH="28" />
<String CONTENT="City," HEIGHT="68" HPOS="1188" VPOS="2200" WIDTH="153" />
<SP HEIGHT="55" HPOS="1342" VPOS="2200" WIDTH="29" />
<String CONTENT="N." HEIGHT="53" HPOS="1372" VPOS="2200" WIDTH="69" />
<SP HEIGHT="52" HPOS="1442" VPOS="2201" WIDTH="31" />
<String CONTENT="Y.," HEIGHT="66" HPOS="1474" VPOS="2201" WIDTH="90" />
<SP HEIGHT="67" HPOS="1565" VPOS="2200" WIDTH="29" />
<String CONTENT="Doubleday," HEIGHT="67" HPOS="1595" VPOS="2200" WIDTH="357" />
<SP HEIGHT="67" HPOS="1953" VPOS="2200" WIDTH="26" />
<String CONTENT="Doran" HEIGHT="53" HPOS="1980" VPOS="2200" WIDTH="198" />
</TextLine>
<TextLine HEIGHT="66" HPOS="178" STYLEREFS="StyleId-128C865F-9388-4FD6-B345-006D3B4CF8B4-" VPOS="2282" WIDTH="712">
<String CONTENT="&amp;" HEIGHT="49" HPOS="178" VPOS="2283" WIDTH="45" />
<SP HEIGHT="50" HPOS="224" VPOS="2283" WIDTH="29" />
<String CONTENT="company," HEIGHT="50" HPOS="254" VPOS="2298" WIDTH="296" />
<SP HEIGHT="66" HPOS="551" VPOS="2282" WIDTH="25" />
<String CONTENT="inc.," HEIGHT="65" HPOS="577" VPOS="2282" WIDTH="130" />
<SP HEIGHT="64" HPOS="708" VPOS="2283" WIDTH="29" />
<String CONTENT="1934." HEIGHT="50" HPOS="738" VPOS="2282" WIDTH="152" />
</TextLine>
<TextLine CS="1" HEIGHT="48" HPOS="252" VPOS="2354" WIDTH="522">
<String CONTENT="4" HEIGHT="39" HPOS="252" VPOS="2355" WIDTH="26" />
<SP />
<String CONTENT="p." HEIGHT="37" HPOS="305" VPOS="2365" WIDTH="42" />
<SP HEIGHT="40" HPOS="348" VPOS="2355" WIDTH="26" />
<String CONTENT="l.," CS="1" />
<SP HEIGHT="47" HPOS="420" VPOS="2355" WIDTH="25" />
<String CONTENT="311" HEIGHT="39" HPOS="446" VPOS="2355" WIDTH="84" />
<SP HEIGHT="47" HPOS="531" VPOS="2355" WIDTH="27" />
<String CONTENT="p." HEIGHT="37" HPOS="559" VPOS="2365" WIDTH="42" />
<SP HEIGHT="40" HPOS="602" VPOS="2354" WIDTH="54" />
<String CONTENT="20" HEIGHT="39" HPOS="657" VPOS="2354" WIDTH="56" />
<String CONTENT="cm" HEIGHT="22" HPOS="717" STYLE="superscript" VPOS="2355" WIDTH="43" />
<String CONTENT="." HEIGHT="8" HPOS="766" VPOS="2387" WIDTH="8" />
</TextLine>
<TextLine HEIGHT="43" HPOS="248" VPOS="2409" WIDTH="1062">
<String CONTENT="At" HEIGHT="39" HPOS="248" VPOS="2412" WIDTH="63" />
<SP HEIGHT="39" HPOS="312" VPOS="2412" WIDTH="24" />
<String CONTENT="head" HEIGHT="40" HPOS="337" VPOS="2412" WIDTH="126" />
<SP HEIGHT="39" HPOS="464" VPOS="2412" WIDTH="25" />
<String CONTENT="of" HEIGHT="40" HPOS="490" VPOS="2411" WIDTH="51" />
<SP HEIGHT="40" HPOS="542" VPOS="2411" WIDTH="25" />
<String CONTENT="title;" HEIGHT="40" HPOS="568" VPOS="2411" WIDTH="135" />
<SP HEIGHT="40" HPOS="704" VPOS="2411" WIDTH="28" />
<String CONTENT="Harriet" HEIGHT="40" HPOS="733" VPOS="2411" WIDTH="204" />
<SP HEIGHT="41" HPOS="938" VPOS="2410" WIDTH="24" />
<String CONTENT="T." HEIGHT="42" HPOS="963" VPOS="2410" WIDTH="52" />
<SP HEIGHT="43" HPOS="1016" VPOS="2409" WIDTH="27" />
<String CONTENT="Comstock." HEIGHT="42" HPOS="1044" VPOS="2409" WIDTH="266" />
</TextLine>
<TextLine HEIGHT="42" HPOS="254" VPOS="2467" WIDTH="415">
<String CONTENT="&#8220;First" HEIGHT="41" HPOS="254" VPOS="2468" WIDTH="162" />
<SP HEIGHT="38" HPOS="417" VPOS="2471" WIDTH="26" />
<String CONTENT="edition.&#8221;" HEIGHT="41" HPOS="444" VPOS="2467" WIDTH="225" />
</TextLine>
<TextLine HEIGHT="52" HPOS="181" VPOS="2521" WIDTH="1994">
<String CONTENT="&#169;" HEIGHT="51" HPOS="181" VPOS="2521" WIDTH="50" />
<SP HEIGHT="51" HPOS="232" VPOS="2521" WIDTH="34" />
<String CONTENT="May" HEIGHT="46" HPOS="267" VPOS="2527" WIDTH="113" />
<SP HEIGHT="47" HPOS="381" VPOS="2526" WIDTH="29" />
<String CONTENT="16," HEIGHT="47" HPOS="411" VPOS="2525" WIDTH="68" />
<SP HEIGHT="47" HPOS="480" VPOS="2525" WIDTH="32" />
<String CONTENT="1934;" HEIGHT="41" HPOS="513" VPOS="2525" WIDTH="140" />
<SP HEIGHT="41" HPOS="654" VPOS="2525" WIDTH="34" />
<String CONTENT="2c." HEIGHT="40" HPOS="689" VPOS="2525" WIDTH="66" />
<SP HEIGHT="30" HPOS="756" VPOS="2535" WIDTH="34" />
<String CONTENT="and" HEIGHT="39" HPOS="791" VPOS="2525" WIDTH="93" />
<SP HEIGHT="39" HPOS="885" VPOS="2525" WIDTH="33" />
<String CONTENT="aff." HEIGHT="40" HPOS="919" VPOS="2524" WIDTH="79" />
<SP HEIGHT="38" HPOS="999" VPOS="2525" WIDTH="34" />
<String CONTENT="May" HEIGHT="46" HPOS="1034" VPOS="2525" WIDTH="113" />
<SP HEIGHT="46" HPOS="1148" VPOS="2525" WIDTH="31" />
<String CONTENT="18;" HEIGHT="45" HPOS="1180" VPOS="2524" WIDTH="80" />
<SP HEIGHT="45" HPOS="1261" VPOS="2524" WIDTH="35" />
<String CONTENT="A" HEIGHT="38" HPOS="1297" VPOS="2524" WIDTH="40" />
<SP HEIGHT="39" HPOS="1338" VPOS="2524" WIDTH="31" />
<String CONTENT="71836;" HEIGHT="47" HPOS="1370" VPOS="2523" WIDTH="169" />
<SP HEIGHT="46" HPOS="1540" VPOS="2524" WIDTH="35" />
<String CONTENT="H." HEIGHT="39" HPOS="1576" VPOS="2524" WIDTH="60" />
<SP HEIGHT="39" HPOS="1637" VPOS="2524" WIDTH="33" />
<String CONTENT="T." HEIGHT="39" HPOS="1671" VPOS="2524" WIDTH="50" />
<SP HEIGHT="41" HPOS="1722" VPOS="2523" WIDTH="34" />
<String CONTENT="Comstock," HEIGHT="49" HPOS="1757" VPOS="2522" WIDTH="269" />
<SP HEIGHT="49" HPOS="2027" VPOS="2522" WIDTH="31" />
<String CONTENT="New" HEIGHT="39" HPOS="2059" VPOS="2522" WIDTH="116" />
</TextLine>
<TextLine HEIGHT="48" HPOS="250" VPOS="2582" WIDTH="494">
<String CONTENT="York." HEIGHT="39" HPOS="250" VPOS="2583" WIDTH="143" />
<SP HEIGHT="47" HPOS="394" VPOS="2583" WIDTH="70" />
<String CONTENT="(34-13903)" HEIGHT="48" HPOS="465" VPOS="2582" WIDTH="279" />
</TextLine>
<TextLine HEIGHT="66" HPOS="173" STYLEREFS="StyleId-805A5C29-6DE1-476B-BABD-C1A5FDAEE3AE-" VPOS="2670" WIDTH="1085">
<String CONTENT="Coughlin," HEIGHT="66" HPOS="173" VPOS="2670" WIDTH="304" />
<SP HEIGHT="64" HPOS="478" VPOS="2672" WIDTH="33" />
<String CONTENT="Charles" HEIGHT="53" HPOS="512" VPOS="2671" WIDTH="243" />
<SP HEIGHT="53" HPOS="756" VPOS="2671" WIDTH="28" />
<String CONTENT="Edward," HEIGHT="66" HPOS="785" VPOS="2670" WIDTH="271" />
<SP HEIGHT="61" HPOS="1057" VPOS="2675" WIDTH="30" />
<String CONTENT="1891-" HEIGHT="49" HPOS="1088" VPOS="2674" WIDTH="170" />
</TextLine>
<TextLine HEIGHT="70" HPOS="249" STYLEREFS="StyleId-128C865F-9388-4FD6-B345-006D3B4CF8B4-" VPOS="2748" WIDTH="1927">
<String CONTENT="Eight" HEIGHT="68" HPOS="249" VPOS="2750" WIDTH="183" />
<SP HEIGHT="51" HPOS="433" VPOS="2752" WIDTH="42" />
<String CONTENT="lectures" HEIGHT="50" HPOS="476" VPOS="2752" WIDTH="239" />
<SP HEIGHT="35" HPOS="716" VPOS="2767" WIDTH="44" />
<String CONTENT="on" HEIGHT="34" HPOS="761" VPOS="2767" WIDTH="73" />
<SP HEIGHT="51" HPOS="835" VPOS="2750" WIDTH="41" />
<String CONTENT="labor," HEIGHT="68" HPOS="877" VPOS="2749" WIDTH="179" />
<SP HEIGHT="49" HPOS="1057" VPOS="2768" WIDTH="43" />
<String CONTENT="capital" HEIGHT="69" HPOS="1101" VPOS="2748" WIDTH="212" />
<SP HEIGHT="50" HPOS="1314" VPOS="2751" WIDTH="43" />
<String CONTENT="and" HEIGHT="52" HPOS="1358" VPOS="2749" WIDTH="113" />
<SP HEIGHT="69" HPOS="1472" VPOS="2748" WIDTH="42" />
<String CONTENT="justice," HEIGHT="69" HPOS="1515" VPOS="2748" WIDTH="222" />
<SP HEIGHT="68" HPOS="1738" VPOS="2748" WIDTH="41" />
<String CONTENT="by" HEIGHT="67" HPOS="1780" VPOS="2748" WIDTH="75" />
<SP HEIGHT="62" HPOS="1856" VPOS="2753" WIDTH="42" />
<String CONTENT="the" HEIGHT="52" HPOS="1899" VPOS="2748" WIDTH="95" />
<SP HEIGHT="51" HPOS="1995" VPOS="2748" WIDTH="41" />
<String CONTENT="Rev." HEIGHT="51" HPOS="2037" VPOS="2748" WIDTH="139" />
</TextLine>
<TextLine CS="1" HEIGHT="70" HPOS="179" STYLEREFS="StyleId-128C865F-9388-4FD6-B345-006D3B4CF8B4-" VPOS="2825" WIDTH="1999">
<String CONTENT="Chas." HEIGHT="55" HPOS="179" VPOS="2828" WIDTH="168" />
<SP HEIGHT="51" HPOS="348" VPOS="2829" WIDTH="35" />
<String CONTENT="E." HEIGHT="51" HPOS="384" VPOS="2829" WIDTH="69" />
<SP HEIGHT="55" HPOS="454" VPOS="2827" WIDTH="39" />
<String CONTENT="Coughlin" HEIGHT="68" HPOS="494" VPOS="2827" WIDTH="291" />
<SP HEIGHT="33" HPOS="786" VPOS="2846" WIDTH="39" />
<String CONTENT="&#8230;" CS="1" />
<SP HEIGHT="51" HPOS="882" VPOS="2828" WIDTH="74" />
<String CONTENT="Royal" HEIGHT="67" HPOS="957" VPOS="2828" WIDTH="185" />
<SP HEIGHT="55" HPOS="1143" VPOS="2826" WIDTH="39" />
<String CONTENT="Oak," HEIGHT="67" HPOS="1183" VPOS="2826" WIDTH="146" />
<SP HEIGHT="67" HPOS="1330" VPOS="2826" WIDTH="33" />
<String CONTENT="Mich.," HEIGHT="67" HPOS="1364" VPOS="2826" WIDTH="195" />
<SP HEIGHT="66" HPOS="1560" VPOS="2827" WIDTH="36" />
<String CONTENT="The" HEIGHT="53" HPOS="1597" VPOS="2826" WIDTH="122" />
<SP HEIGHT="53" HPOS="1720" VPOS="2826" WIDTH="34" />
<String CONTENT="Radio" HEIGHT="52" HPOS="1755" VPOS="2826" WIDTH="188" />
<SP HEIGHT="53" HPOS="1944" VPOS="2825" WIDTH="35" />
<String CONTENT="league" HEIGHT="69" HPOS="1980" VPOS="2825" WIDTH="198" />
</TextLine>
<TextLine HEIGHT="66" HPOS="176" STYLEREFS="StyleId-128C865F-9388-4FD6-B345-006D3B4CF8B4-" VPOS="2905" WIDTH="847">
<String CONTENT="of" HEIGHT="52" HPOS="176" VPOS="2905" WIDTH="62" />
<SP HEIGHT="53" HPOS="239" VPOS="2905" WIDTH="27" />
<String CONTENT="the" HEIGHT="52" HPOS="267" VPOS="2906" WIDTH="95" />
<SP HEIGHT="52" HPOS="363" VPOS="2906" WIDTH="26" />
<String CONTENT="Little" HEIGHT="53" HPOS="390" VPOS="2905" WIDTH="179" />
<SP HEIGHT="52" HPOS="570" VPOS="2906" WIDTH="28" />
<String CONTENT="Flower," HEIGHT="65" HPOS="599" VPOS="2906" WIDTH="241" />
<SP HEIGHT="62" HPOS="841" VPOS="2909" WIDTH="32" />
<String CONTENT="1934." HEIGHT="49" HPOS="874" VPOS="2908" WIDTH="149" />
</TextLine>
<TextLine CS="1" HEIGHT="48" HPOS="249" VPOS="2979" WIDTH="535">
<String CONTENT="2" HEIGHT="38" HPOS="249" VPOS="2980" WIDTH="25" />
<SP HEIGHT="47" HPOS="275" VPOS="2980" WIDTH="25" />
<String CONTENT="p" HEIGHT="37" HPOS="301" VPOS="2990" WIDTH="30" />
<SP HEIGHT="46" HPOS="332" VPOS="2981" WIDTH="36" />
<String CONTENT="l.," CS="1" HEIGHT="16" HPOS="406" VPOS="3010" WIDTH="8" />
<SP HEIGHT="45" HPOS="415" VPOS="2981" WIDTH="26" />
<String CONTENT="7-132" CS="1" HEIGHT="40" HPOS="442" VPOS="2979" WIDTH="142" />
<SP HEIGHT="47" HPOS="585" VPOS="2979" WIDTH="25" />
<String CONTENT="p" HEIGHT="37" HPOS="611" VPOS="2989" WIDTH="29" />
<SP HEIGHT="47" HPOS="641" VPOS="2979" WIDTH="68" />
<String CONTENT="21" HEIGHT="39" HPOS="710" VPOS="2979" WIDTH="54" />
<String CONTENT="cm." CS="1" HEIGHT="21" HPOS="769" STYLE="superscript" VPOS="2981" WIDTH="15" />
</TextLine>
<TextLine HEIGHT="52" HPOS="179" VPOS="3032" WIDTH="1994">
<String CONTENT="&#169;" HEIGHT="51" HPOS="179" VPOS="3032" WIDTH="50" />
<SP HEIGHT="51" HPOS="230" VPOS="3032" WIDTH="26" />
<String CONTENT="Apr." HEIGHT="48" HPOS="257" VPOS="3036" WIDTH="117" />
<SP HEIGHT="40" HPOS="375" VPOS="3036" WIDTH="34" />
<String CONTENT="6," HEIGHT="46" HPOS="410" VPOS="3036" WIDTH="37" />
<SP HEIGHT="45" HPOS="448" VPOS="3037" WIDTH="33" />
<String CONTENT="1934;" HEIGHT="46" HPOS="482" VPOS="3035" WIDTH="139" />
<SP HEIGHT="45" HPOS="622" VPOS="3036" WIDTH="35" />
<String CONTENT="2c." HEIGHT="40" HPOS="658" VPOS="3036" WIDTH="66" />
<SP HEIGHT="30" HPOS="725" VPOS="3046" WIDTH="35" />
<String CONTENT="and" HEIGHT="38" HPOS="761" VPOS="3037" WIDTH="95" />
<SP HEIGHT="38" HPOS="857" VPOS="3037" WIDTH="31" />
<String CONTENT="aff." HEIGHT="40" HPOS="889" VPOS="3035" WIDTH="81" />
<SP HEIGHT="38" HPOS="971" VPOS="3037" WIDTH="36" />
<String CONTENT="May" HEIGHT="46" HPOS="1008" VPOS="3037" WIDTH="112" />
<SP HEIGHT="47" HPOS="1121" VPOS="3036" WIDTH="33" />
<String CONTENT="23;" HEIGHT="41" HPOS="1155" VPOS="3036" WIDTH="79" />
<SP HEIGHT="41" HPOS="1235" VPOS="3036" WIDTH="36" />
<String CONTENT="A" HEIGHT="38" HPOS="1272" VPOS="3036" WIDTH="40" />
<SP HEIGHT="39" HPOS="1313" VPOS="3036" WIDTH="33" />
<String CONTENT="71738;" HEIGHT="46" HPOS="1347" VPOS="3036" WIDTH="169" />
<SP HEIGHT="46" HPOS="1517" VPOS="3036" WIDTH="38" />
<String CONTENT="C." HEIGHT="40" HPOS="1556" VPOS="3036" WIDTH="47" />
<SP HEIGHT="37" HPOS="1604" VPOS="3037" WIDTH="37" />
<String CONTENT="E." HEIGHT="39" HPOS="1642" VPOS="3037" WIDTH="51" />
<SP HEIGHT="41" HPOS="1694" VPOS="3035" WIDTH="36" />
<String CONTENT="Coughlin," HEIGHT="48" HPOS="1731" VPOS="3035" WIDTH="250" />
<SP HEIGHT="43" HPOS="1982" VPOS="3036" WIDTH="36" />
<String CONTENT="Royal" HEIGHT="46" HPOS="2019" VPOS="3036" WIDTH="154" />
</TextLine>
<TextLine HEIGHT="48" HPOS="245" VPOS="3092" WIDTH="642">
<String CONTENT="Oak," HEIGHT="47" HPOS="245" VPOS="3093" WIDTH="116" />
<SP HEIGHT="45" HPOS="362" VPOS="3095" WIDTH="31" />
<String CONTENT="Mich." HEIGHT="41" HPOS="394" VPOS="3092" WIDTH="141" />
<SP HEIGHT="47" HPOS="536" VPOS="3093" WIDTH="72" />
<String CONTENT="(34-13888)" HEIGHT="47" HPOS="609" VPOS="3093" WIDTH="278" />
</TextLine>
<TextLine CS="1" HEIGHT="68" HPOS="174" STYLEREFS="StyleId-128C865F-9388-4FD6-B345-006D3B4CF8B4-" VPOS="3179" WIDTH="1997">
<String CONTENT="Crimes" HEIGHT="56" HPOS="174" VPOS="3179" WIDTH="228" />
<SP HEIGHT="35" HPOS="403" VPOS="3200" WIDTH="43" />
<String CONTENT="and" HEIGHT="51" HPOS="447" VPOS="3183" WIDTH="110" />
<SP HEIGHT="52" HPOS="558" VPOS="3183" WIDTH="43" />
<String CONTENT="cases" HEIGHT="34" HPOS="602" VPOS="3201" WIDTH="149" />
<SP HEIGHT="34" HPOS="752" VPOS="3201" WIDTH="41" />
<String CONTENT="of" HEIGHT="52" HPOS="794" VPOS="3182" WIDTH="62" />
<SP HEIGHT="51" HPOS="857" VPOS="3182" WIDTH="45" />
<String CONTENT="1933" HEIGHT="51" HPOS="903" VPOS="3184" WIDTH="131" />
<SP HEIGHT="48" HPOS="1035" VPOS="3187" WIDTH="48" />
<String CONTENT="&#8230;" CS="1" />
<SP HEIGHT="51" HPOS="1139" VPOS="3183" WIDTH="77" />
<String CONTENT="London," HEIGHT="64" HPOS="1217" VPOS="3183" WIDTH="258" />
<SP HEIGHT="63" HPOS="1476" VPOS="3184" WIDTH="41" />
<String CONTENT="Rich" HEIGHT="53" HPOS="1518" VPOS="3182" WIDTH="146" />
<SP HEIGHT="53" HPOS="1665" VPOS="3182" WIDTH="42" />
<String CONTENT="&amp;" HEIGHT="49" HPOS="1708" VPOS="3186" WIDTH="45" />
<SP HEIGHT="53" HPOS="1754" VPOS="3183" WIDTH="42" />
<String CONTENT="Cowan" HEIGHT="53" HPOS="1797" VPOS="3183" WIDTH="211" />
<SP HEIGHT="49" HPOS="2009" VPOS="3184" WIDTH="40" />
<String CONTENT="ltd.," HEIGHT="64" HPOS="2050" VPOS="3181" WIDTH="121" />
</TextLine>
<TextLine HEIGHT="49" HPOS="243" STYLEREFS="StyleId-128C865F-9388-4FD6-B345-006D3B4CF8B4-" VPOS="3263" WIDTH="148">
<String CONTENT="1934." HEIGHT="49" HPOS="243" VPOS="3263" WIDTH="148" />
</TextLine>
<TextLine CS="1" HEIGHT="49" HPOS="247" VPOS="3334" WIDTH="541">
<String CONTENT="v," HEIGHT="35" HPOS="247" VPOS="3346" WIDTH="41" />
<SP HEIGHT="46" HPOS="289" VPOS="3335" WIDTH="30" />
<String CONTENT="290." HEIGHT="40" HPOS="320" VPOS="3334" WIDTH="97" />
<SP HEIGHT="29" HPOS="418" VPOS="3354" WIDTH="35" />
<String CONTENT="[1]" HEIGHT="47" HPOS="454" VPOS="3336" WIDTH="52" />
<SP HEIGHT="37" HPOS="507" VPOS="3346" WIDTH="33" />
<String CONTENT="p." HEIGHT="36" HPOS="541" VPOS="3346" WIDTH="40" />
<SP HEIGHT="38" HPOS="582" VPOS="3335" WIDTH="60" />
<String CONTENT="22&#189;" CS="1" HEIGHT="39" HPOS="643" VPOS="3334" WIDTH="55" />
<String CONTENT="cm" HEIGHT="21" HPOS="731" STYLE="superscript" VPOS="3336" WIDTH="44" />
<String CONTENT="." HEIGHT="7" HPOS="781" VPOS="3367" WIDTH="7" />
</TextLine>
<TextLine HEIGHT="48" HPOS="243" VPOS="3391" WIDTH="597">
<String CONTENT="1933" HEIGHT="41" HPOS="243" VPOS="3391" WIDTH="116" />
<SP HEIGHT="39" HPOS="360" VPOS="3393" WIDTH="25" />
<String CONTENT="by" HEIGHT="46" HPOS="386" VPOS="3393" WIDTH="60" />
<SP HEIGHT="47" HPOS="447" VPOS="3392" WIDTH="30" />
<String CONTENT="Roland" HEIGHT="39" HPOS="478" VPOS="3392" WIDTH="189" />
<SP HEIGHT="38" HPOS="668" VPOS="3393" WIDTH="29" />
<String CONTENT="Wild." HEIGHT="39" HPOS="698" VPOS="3392" WIDTH="142" />
</TextLine>
<TextLine CS="1" HEIGHT="52" HPOS="177" VPOS="3444" WIDTH="1992">
<String CONTENT="&#169;" HEIGHT="51" HPOS="177" VPOS="3444" WIDTH="50" />
<SP />
<String CONTENT="1c." CS="1" />
<SP />
<String CONTENT="Apr." HEIGHT="48" HPOS="347" VPOS="3448" WIDTH="112" />
<SP HEIGHT="40" HPOS="460" VPOS="3449" WIDTH="25" />
<String CONTENT="26," HEIGHT="46" HPOS="486" VPOS="3449" WIDTH="69" />
<SP HEIGHT="46" HPOS="556" VPOS="3449" WIDTH="26" />
<String CONTENT="1934;" HEIGHT="41" HPOS="583" VPOS="3448" WIDTH="140" />
<SP HEIGHT="41" HPOS="724" VPOS="3448" WIDTH="28" />
<String CONTENT="A" HEIGHT="38" HPOS="753" VPOS="3448" WIDTH="40" />
<SP HEIGHT="39" HPOS="794" VPOS="3448" WIDTH="25" />
<String CONTENT="ad" HEIGHT="38" HPOS="820" VPOS="3450" WIDTH="60" />
<SP HEIGHT="41" HPOS="881" VPOS="3447" WIDTH="25" />
<String CONTENT="int." HEIGHT="40" HPOS="907" VPOS="3447" WIDTH="86" />
<SP HEIGHT="38" HPOS="994" VPOS="3449" WIDTH="26" />
<String CONTENT="18885;" HEIGHT="46" HPOS="1021" VPOS="3448" WIDTH="169" />
<SP HEIGHT="37" HPOS="1191" VPOS="3459" WIDTH="27" />
<String CONTENT="pubd." HEIGHT="48" HPOS="1219" VPOS="3448" WIDTH="142" />
<SP HEIGHT="39" HPOS="1362" VPOS="3448" WIDTH="29" />
<String CONTENT="Mar." HEIGHT="39" HPOS="1392" VPOS="3448" WIDTH="120" />
<SP HEIGHT="38" HPOS="1513" VPOS="3448" WIDTH="25" />
<String CONTENT="1;" HEIGHT="44" HPOS="1539" VPOS="3448" WIDTH="51" />
<SP HEIGHT="45" HPOS="1591" VPOS="3447" WIDTH="30" />
<String CONTENT="R." HEIGHT="39" HPOS="1622" VPOS="3447" WIDTH="55" />
<SP HEIGHT="40" HPOS="1678" VPOS="3446" WIDTH="29" />
<String CONTENT="G." HEIGHT="40" HPOS="1708" VPOS="3446" WIDTH="51" />
<SP HEIGHT="38" HPOS="1760" VPOS="3447" WIDTH="27" />
<String CONTENT="Wild," HEIGHT="47" HPOS="1788" VPOS="3445" WIDTH="142" />
<SP HEIGHT="46" HPOS="1931" VPOS="3446" WIDTH="28" />
<String CONTENT="London." HEIGHT="38" HPOS="1960" VPOS="3446" WIDTH="209" />
</TextLine>
<TextLine HEIGHT="49" HPOS="257" VPOS="3504" WIDTH="278">
<String CONTENT="(34-14336)" HEIGHT="49" HPOS="257" VPOS="3504" WIDTH="278" />
</TextLine>
<TextLine HEIGHT="64" HPOS="171" STYLEREFS="StyleId-805A5C29-6DE1-476B-BABD-C1A5FDAEE3AE-" VPOS="3595" WIDTH="950">
<String CONTENT="Dana," HEIGHT="63" HPOS="171" VPOS="3595" WIDTH="182" />
<SP HEIGHT="61" HPOS="354" VPOS="3597" WIDTH="29" />
<String CONTENT="Harvey" HEIGHT="61" HPOS="384" VPOS="3597" WIDTH="244" />
<SP HEIGHT="61" HPOS="629" VPOS="3597" WIDTH="31" />
<String CONTENT="Eugene," HEIGHT="62" HPOS="661" VPOS="3597" WIDTH="255" />
<SP HEIGHT="57" HPOS="917" VPOS="3602" WIDTH="33" />
<String CONTENT="1888-" HEIGHT="49" HPOS="951" VPOS="3600" WIDTH="170" />
</TextLine>
<TextLine HEIGHT="73" HPOS="240" STYLEREFS="StyleId-128C865F-9388-4FD6-B345-006D3B4CF8B4-" VPOS="3668" WIDTH="1929">
<String CONTENT="A" HEIGHT="52" HPOS="240" VPOS="3671" WIDTH="53" />
<SP HEIGHT="53" HPOS="294" VPOS="3671" WIDTH="28" />
<String CONTENT="neglected" HEIGHT="68" HPOS="323" VPOS="3673" WIDTH="292" />
<SP HEIGHT="67" HPOS="616" VPOS="3673" WIDTH="26" />
<String CONTENT="predicate" HEIGHT="68" HPOS="643" VPOS="3672" WIDTH="289" />
<SP HEIGHT="52" HPOS="933" VPOS="3673" WIDTH="28" />
<String CONTENT="in" HEIGHT="51" HPOS="962" VPOS="3673" WIDTH="61" />
<SP HEIGHT="50" HPOS="1024" VPOS="3674" WIDTH="23" />
<String CONTENT="New" HEIGHT="51" HPOS="1048" VPOS="3674" WIDTH="139" />
<SP HEIGHT="52" HPOS="1188" VPOS="3673" WIDTH="28" />
<String CONTENT="Testament" HEIGHT="51" HPOS="1217" VPOS="3673" WIDTH="331" />
<SP HEIGHT="46" HPOS="1549" VPOS="3676" WIDTH="27" />
<String CONTENT="criticism," HEIGHT="67" HPOS="1577" VPOS="3669" WIDTH="289" />
<SP HEIGHT="68" HPOS="1867" VPOS="3668" WIDTH="25" />
<String CONTENT="by" HEIGHT="68" HPOS="1893" VPOS="3668" WIDTH="74" />
<SP HEIGHT="67" HPOS="1968" VPOS="3669" WIDTH="27" />
<String CONTENT="H." HEIGHT="51" HPOS="1996" VPOS="3669" WIDTH="75" />
<SP HEIGHT="52" HPOS="2072" VPOS="3668" WIDTH="28" />
<String CONTENT="E." HEIGHT="52" HPOS="2101" VPOS="3668" WIDTH="68" />
</TextLine>
<TextLine CS="1" HEIGHT="71" HPOS="171" STYLEREFS="StyleId-128C865F-9388-4FD6-B345-006D3B4CF8B4-" VPOS="3749" WIDTH="1660">
<String CONTENT="Dana" HEIGHT="53" HPOS="171" VPOS="3749" WIDTH="167" />
<SP HEIGHT="33" HPOS="339" VPOS="3769" WIDTH="37" />
<String CONTENT="&#8230;" CS="1" />
<SP HEIGHT="55" HPOS="432" VPOS="3750" WIDTH="74" />
<String CONTENT="Chicago," HEIGHT="70" HPOS="507" VPOS="3749" WIDTH="271" />
<SP HEIGHT="52" HPOS="779" VPOS="3752" WIDTH="32" />
<String CONTENT="Blessing" HEIGHT="70" HPOS="812" VPOS="3750" WIDTH="266" />
<SP HEIGHT="69" HPOS="1079" VPOS="3751" WIDTH="29" />
<String CONTENT="book" HEIGHT="53" HPOS="1109" VPOS="3750" WIDTH="148" />
<SP HEIGHT="51" HPOS="1258" VPOS="3750" WIDTH="31" />
<String CONTENT="stores," HEIGHT="51" HPOS="1290" VPOS="3755" WIDTH="194" />
<SP HEIGHT="56" HPOS="1485" VPOS="3750" WIDTH="31" />
<String CONTENT="inc.," HEIGHT="64" HPOS="1517" VPOS="3750" WIDTH="127" />
<SP HEIGHT="63" HPOS="1645" VPOS="3751" WIDTH="34" />
<String CONTENT="1934." HEIGHT="50" HPOS="1680" VPOS="3750" WIDTH="151" />
</TextLine>
<TextLine CS="1" HEIGHT="48" HPOS="241" VPOS="3823" WIDTH="305">
<String CONTENT="50" HEIGHT="39" HPOS="241" VPOS="3824" WIDTH="54" />
<SP HEIGHT="47" HPOS="296" VPOS="3824" WIDTH="31" />
<String CONTENT="p." HEIGHT="36" HPOS="328" VPOS="3835" WIDTH="42" />
<SP HEIGHT="40" HPOS="371" VPOS="3823" WIDTH="59" />
<String CONTENT="23c" CS="1" HEIGHT="39" HPOS="431" VPOS="3823" WIDTH="55" />
<String CONTENT="m" HEIGHT="20" HPOS="506" STYLE="superscript" VPOS="3826" WIDTH="27" />
<String CONTENT="." HEIGHT="6" HPOS="539" VPOS="3856" WIDTH="7" />
</TextLine>
<TextLine CS="1" HEIGHT="107" HPOS="174" VPOS="3877" WIDTH="1980">
<String CONTENT="&#169;" HEIGHT="51" HPOS="174" VPOS="3877" WIDTH="50" />
<SP HEIGHT="51" HPOS="225" VPOS="3877" WIDTH="30" />
<String CONTENT="Mar." HEIGHT="38" HPOS="256" VPOS="3883" WIDTH="121" />
<SP HEIGHT="39" HPOS="378" VPOS="3882" WIDTH="27" />
<String CONTENT="20," HEIGHT="47" HPOS="406" VPOS="3881" WIDTH="68" />
<SP HEIGHT="45" HPOS="475" VPOS="3883" WIDTH="29" />
<String CONTENT="1934;" HEIGHT="40" HPOS="505" VPOS="3882" WIDTH="139" />
<SP HEIGHT="40" HPOS="645" VPOS="3882" WIDTH="32" />
<String CONTENT="2c." HEIGHT="39" HPOS="678" VPOS="3882" WIDTH="64" />
<SP HEIGHT="42" HPOS="743" VPOS="3887" WIDTH="23" />
<String CONTENT="(Apr." HEIGHT="47" HPOS="767" VPOS="3882" WIDTH="118" />
<SP HEIGHT="40" HPOS="886" VPOS="3882" WIDTH="27" />
<String CONTENT="20;" HEIGHT="47" HPOS="914" VPOS="3881" WIDTH="82" />
<SP HEIGHT="36" HPOS="997" VPOS="3892" WIDTH="33" />
<String CONTENT="aff." HEIGHT="42" HPOS="1031" VPOS="3881" WIDTH="81" />
<SP HEIGHT="37" HPOS="1113" VPOS="3883" WIDTH="33" />
<String CONTENT="May" HEIGHT="45" HPOS="1147" VPOS="3883" WIDTH="112" />
<SP HEIGHT="47" HPOS="1260" VPOS="3881" WIDTH="30" />
<String CONTENT="14:" CS="1" HEIGHT="38" HPOS="1291" VPOS="3881" WIDTH="23" />
<SP HEIGHT="37" HPOS="1372" VPOS="3881" WIDTH="32" />
<String CONTENT="A" HEIGHT="37" HPOS="1405" VPOS="3881" WIDTH="40" />
<SP HEIGHT="38" HPOS="1446" VPOS="3881" WIDTH="31" />
<String CONTENT="72382;" HEIGHT="47" HPOS="1478" VPOS="3879" WIDTH="167" />
<SP HEIGHT="46" HPOS="1646" VPOS="3880" WIDTH="32" />
<String CONTENT="H." HEIGHT="39" HPOS="1679" VPOS="3880" WIDTH="60" />
<SP HEIGHT="39" HPOS="1740" VPOS="3880" WIDTH="32" />
<String CONTENT="E." HEIGHT="41" HPOS="1773" VPOS="3880" WIDTH="51" />
<SP HEIGHT="41" HPOS="1825" VPOS="3880" WIDTH="31" />
<String CONTENT="Dana," HEIGHT="39" HPOS="1857" VPOS="3880" WIDTH="155" />
<SP HEIGHT="40" HPOS="2013" VPOS="3880" WIDTH="33" />
<String CONTENT="Seminary" HEIGHT="104" HPOS="243" VPOS="3880" WIDTH="1911" />
<SP HEIGHT="45" HPOS="385" VPOS="3939" WIDTH="30" />
<String CONTENT="Hill," HEIGHT="46" HPOS="416" VPOS="3938" WIDTH="116" />
<SP HEIGHT="45" HPOS="533" VPOS="3939" WIDTH="30" />
<String CONTENT="Tex.," HEIGHT="38" HPOS="564" VPOS="3939" WIDTH="111" />
<SP HEIGHT="42" HPOS="676" VPOS="3938" WIDTH="72" />
<String CONTENT="(34-14199)" HEIGHT="47" HPOS="749" VPOS="3937" WIDTH="279" />
</TextLine>
</TextBlock>
</PrintSpace>
</Page>
</Layout>
</alto>