2350 4196
1125 4005 97 50 565

250 442 1839 51 5 p. l., 3-534 p., 1 l. illus., plates, ports., maps (part fold.) 32 ½cm .
177 513 1995 51 © Dec. 30, 1933; 1c. Mar. 23, 1934; A- Foreign 24188; Librairie de
244 574 198 39 France.
501 573 280 48 (34-12281)

173 678 274 63 Propper,
479 676 210 55 Milton
720 679 78 53 M.

246 755 119 52 The
399 754 228 54 divorce
662 760 160 48 court
855 754 248 67 murder,
1136 751 75 69 by
1244 752 212 53 Milton
1491 752 280 69 Propper.
1838 753 141 53 New
2016 754 160 53 York

178 833 110 52 and
316 832 258 68 London,
605 832 232 68 Harper
864 835 46 50 &
936 831 275 67 brothers,
1242 833 149 51 1934.

245 905 518 49 5 p. l., 278 p. 19cm.
244 963 40 39 A
311 963 194 47 Harper
532 963 162 40 sealed
722 964 216 46 mystery
965 967 135 42 story
1139 963 64 47 (p.
1233 960 206 41 197-278
1464 962 189 46 sealed)

246 1019 159 41 “First
436 1019 226 41 edition.”

179 1088 51 51 ©
256 1091 112 48 Apr.
395 1092 68 46 24,
490 1091 114 40 1934;
660 1090 66 41 2c.
754 1091 112 48 Apr.
894 1091 57 39 26;
1005 1089 80 41 aff.
1116 1091 112 46 May
1255 1089 28 39 2;
1337 1089 39 40 A
1403 1089 143 42 72356;
1602 1090 194 48 Harper
1824 1090 36 41 &
1887 1091 123 40 bros.

256 1148 279 48 (34-11658)

174 1264 282 63 Puberté;
518 1266 229 68 journal
805 1284 168 35 aune
1029 1265 247 54 écolière.
1372 1265 184 67 Paris,
1614 1268 106 51 Les
1778 1255 268 65 Éditions
2106 1267 70 53 de

241 1346 236 65 France,
510 1348 148 49 1933.

248 1418 677 49 2 p. l., iii, 230 p., 1 l. 19cm.
179 1467 1942 56 © June 30, 1933; 1c. Sept. 13; A- Foreign 22064; Éditions de France.
177 1594 241 65 Rogers,
451 1592 280 67 Lindsay,
767 1597 169 50 1891-

245 1670 1930 70 Crisis government, by Lindsay Rogers … New York, W. W.
174 1750 221 53 Norton
423 1752 45 50 &
496 1766 298 52 company,
822 1752 106 50 inc.
965 1783 11 34 [
982 1756 18 21 c
1004 1751 151 65 1934]

248 1825 87 39 166
362 1835 42 38 p.
463 1826 115 38 21cm.
648 1825 14 47 (
671 1825 254 47 Half-title
934 1837 13 28 :
980 1824 156 40 Social
1168 1823 161 41 action
1360 1824 162 47 books,
1555 1825 70 40 ed.
1658 1825 60 48 by
1750 1824 144 40 Alvin
1925 1824 244 51 Johnson)

251 1882 160 40 “First
441 1881 225 41 edition.”

181 1949 51 51 ©
257 1953 112 47 Apr.
395 1952 69 47 26,
491 1952 114 40 1934;
659 1953 65 38 2c.
751 1952 112 47 Apr.
888 1950 82 47 30;
999 1950 80 41 aff.
1107 1951 112 47 Apr.
1245 1952 82 46 28;
1356 1951 40 39 A
1423 1952 144 39 72244;
1622 1953 71 39 W.
1721 1953 69 40 W.
1820 1953 186 40 Norton
2032 1953 38 41 &
2094 1964 82 36 co.,

249 2010 90 40 inc.
397 2009 280 48 (34-11642)

176 2128 198 65 Royle,
405 2129 206 52 Edwin
643 2128 228 64 Milton,
901 2130 172 50 1862-

247 2207 210 53 Edwin
485 2207 189 52 Booth
701 2226 59 33 as
788 2208 31 51 I
845 2206 162 53 knew
1035 2207 137 66 him,
1196 2205 76 69 by
1301 2206 209 53 Edwin
1536 2206 213 53 Milton
1777 2208 194 66 Royle.
2036 2209 134 51 New

179 2283 176 69 York,
384 2285 122 52 The
536 2284 256 68 Players,
823 2288 150 50 1933.

251 2356 874 51 36 p., 1 l. front. (port.) 24 ½cm .
256 2414 122 40 “For
407 2416 81 38 the
520 2415 201 47 Players
748 2414 88 41 300
865 2413 159 49 copies
1053 2413 52 40 of
1136 2414 97 40 this
1265 2414 124 40 book
1418 2414 123 40 have
1570 2415 119 39 been
1717 2413 193 49 printed
1942 2424 58 30 on
2031 2414 145 41 Rives

182 2481 148 37 paper
360 2472 59 47 by
451 2472 80 39 the
563 2471 327 40 Marchbanks
920 2481 148 38 press,
1099 2471 117 40 New
1248 2472 142 47 York,
1420 2471 269 41 November
1718 2470 157 42 1933.”

182 2539 51 51 ©
263 2544 118 39 Nov.
412 2544 69 46 13,
513 2543 139 42 1933;
685 2543 66 39 2c.
784 2544 94 38 and
910 2541 80 42 aff.
1024 2545 113 45 May
1167 2543 37 46 1,
1236 2542 141 46 1934;
1411 2543 39 39 A
1483 2543 169 46 71448;
1684 2544 51 39 E.
1770 2544 62 39 M.
1865 2543 164 48 Royle,
2060 2544 119 40 New

251 2600 144 40 York.
454 2599 280 49 (34-11442)

174 2701 306 68 Seymour,
515 2703 262 64 Charles,
814 2706 168 50 1885-

176 2779 1980 148 American diplomacy during the world war, by Charles Seymour … Baltimore, The Johns Hopkins press, 1934.
250 2933 83 48 xii,
367 2935 85 39 417
487 2945 40 36 p.
592 2933 115 40 20cm.
781 2934 124 47 (The
939 2933 169 41 Albert
1144 2934 143 41 Shaw
1320 2935 210 40 lectures
1564 2944 62 31 on
1659 2933 285 49 diplomatic
1976 2933 203 48 history,

181 2991 126 40 1933.
369 2991 100 39 The
505 2991 185 40 Walter
724 2989 154 41 Hines
912 2990 129 48 Page
1074 2991 161 40 school
1270 2990 52 41 of
1354 2990 350 41 international
1741 2990 259 50 relations)

250 3046 442 49 “Bibliographical
723 3045 140 42 note”:
924 3058 41 38 p.
997 3047 214 41 401-408.

183 3115 53 51 ©
262 3120 112 47 Apr.
403 3118 69 46 26,
501 3118 140 45 1934;
669 3118 67 39 2c.
766 3119 113 46 May
906 3118 52 46 2;
989 3117 82 41 aff.
1100 3119 112 47 May
1241 3120 51 42 1;
1325 3117 39 40 A
1393 3117 169 48 71458;
1595 3119 153 40 Johns
1778 3117 222 49 Hopkins
2029 3126 150 41 press.

261 3176 279 48 (34-11641)

176 3277 309 66 Sherman,
516 3278 252 64 Mandel,
802 3280 170 50 1896-

252 3357 119 52 The
410 3357 393 66 development
843 3356 64 52 of
944 3355 271 55 attitudes;
1286 3377 30 33 a
1353 3358 171 66 study
1563 3356 63 53 of
1662 3357 94 52 the
1797 3356 273 53 attitudes
2111 3353 63 54 of

183 3435 294 52 mountain
530 3434 274 64 children,
853 3434 75 67 by
978 3436 233 51 Mandel
1263 3435 294 55 Sherman.
1634 3436 137 50 New
1825 3434 178 65 York,
2054 3434 120 52 The

181 3513 196 67 Payne
407 3512 163 55 fund,
603 3516 148 49 1933.

251 3585 64 41 xi,
346 3584 55 40 54
432 3595 41 37 p.
535 3583 179 49 diagrs.
774 3583 146 42 23½cm.

256 3638 1919 52 “Attitudes … of children living in four small mountain communities,
188 3697 1988 49 in hollows, in the Blue ridge mountains … and in Price, Utah, a town
185 3753 805 49 with a population of 5000.”— p. 1.
256 3809 245 42 “Selected
528 3810 272 41 references
828 3822 60 29 on
913 3811 265 41 attitudes”:
1236 3823 41 37 p.
1305 3811 158 42 52-54.

185 3877 51 51 ©
267 3882 115 40 Nov.
415 3883 39 40 1,
486 3881 140 43 1933;
660 3882 65 40 2c.
758 3884 94 38 and
884 3883 82 40 aff.
998 3884 110 47 Apr.
1142 3884 68 45 30,
1243 3884 139 42 1934;
1418 3884 39 38 A
1489 3882 169 47 72246;
1694 3883 60 39 M.
1789 3883 248 44 Sherman,
252 3879 1908 107 Chicago.
439 3938 279 49 (34-11977)
