2350 4196
0 0 0 0 1487
133 365 268 63 Skinner,
437 366 329 53 Constance
799 362 280 63 Lindsay.

199 442 125 53 Rob
350 441 155 67 Roy;
535 441 94 52 the
657 440 245 53 frontier
929 436 186 56 twins,
1139 437 73 67 by
1241 435 316 54 Constance
1582 435 255 66 Lindsay
1868 432 261 55 Skinner.

133 522 134 52 New
300 518 178 66 York,
510 519 120 52 The
660 516 333 54 Macmillan
1026 531 296 49 company,
1356 515 148 50 1934.

200 596 27 36 4
255 604 41 37 p.
347 625 22 11 l.,
398 592 85 39 218
512 602 40 37 p.
613 591 163 47 front.,
807 590 127 39 illus.
996 587 55 40 19½
1083 589 44 21 cm
1133 621 7 7 .

136 646 49 51 ©
214 650 114 39 Nov.
357 651 38 40 7,
426 648 114 40 1934;
597 648 64 39 2c.
692 649 95 38 and
817 646 81 40 aff.
928 647 117 37 Nov.
1075 645 24 39 8;
1157 645 40 37 A
1224 643 169 46 77156;
1428 642 48 40 C.
1507 643 47 38 L.
1590 643 219 40 Skinner.
1841 644 116 37 New
1987 642 143 40 York.

214 705 278 46 (34-37252)

134 795 305 65 Snowden,
467 794 194 65 Philip
691 793 306 64 Snowden,
1027 792 276 65 viscount,
1335 795 170 49 1864-

204 869 1929 71 An autobiography, by Philip, viscount Snowden … v. 1.
140 955 322 48 1864-1919.
539 952 258 57 London,
834 953 47 51 I.
920 950 311 53 Nicholson
1268 950 110 50 arid
1417 952 254 64 Watson,
1709 949 239 66 limited,
1987 951 148 50 1934.

209 1026 61 39 ix.
300 1024 96 41 523.
430 1026 52 48 [1]
512 1035 41 37 p.
608 1025 163 41 front.,
801 1025 169 47 plates,
999 1025 148 46 ports.
1201 1022 54 39 23
1288 1024 43 20 cm
1338 1057 6 6 .

207 1079 161 39 “First
395 1079 198 39 edition."

142 1135 1995 51 © 1c. Oct. 31, 1934; A ad int. 19514; pubd. Sept. 3; Philip Snowden,
208 1196 203 40 Tilford,
449 1196 193 46 Surrey,
679 1195 234 47 England.
986 1192 279 49 (34-37977)

139 1286 177 54 Steck
345 1302 306 48 company,
680 1286 231 65 Austin,
940 1288 132 51 Tex.

207 1363 121 52 The
371 1361 170 55 Steck
580 1361 326 70 company’s
945 1360 246 70 justices’
1233 1361 113 53 and
1386 1360 332 54 constables’
1759 1361 151 69 legal
1951 1360 189 70 guide,

140 1439 255 70 defining
427 1440 96 52 the
561 1440 202 67 duties,
801 1458 235 49 powers,
1075 1439 112 52 and
1225 1438 310 69 privileges
1575 1438 64 53 of
1674 1438 230 68 justices
1944 1439 64 54 of
2047 1440 95 52 the

141 1517 2003 69 peace and constables … [Austin, Tex., The Steck company,
143 1599 150 64 1934]

209 1668 86 41 357
321 1680 42 37 p.
428 1668 55 40 23½
517 1671 44 21 cm
565 1700 7 8 .

211 1724 71 42 On
310 1736 165 30 cover:
507 1724 274 41 1934-1935.

215 1782 254 41 “Includes
511 1782 81 41 the
631 1784 103 38 acts
776 1783 52 39 of
867 1782 82 40 the
991 1783 194 46 regular
1226 1783 94 38 and
1364 1782 108 41 first
1514 1784 153 39 called
1712 1784 212 39 sessions
1968 1785 52 39 of
2062 1786 82 38 the

145 1838 283 48 forty-third
461 1839 319 46 Legislature,
814 1840 159 38 which
1003 1838 271 47 adjourned
1307 1837 207 42 October
1546 1839 69 48 13,
1649 1839 156 42 1933.”

149 1895 1647 51 © May 1, 1934; 2c. Aug. 23; aff. Oct. 27; A 76882; Steck co.
226 1955 279 48 (34-37223)

147 2046 274 64 Thomas,
449 2047 138 51 Mrs.
617 2047 306 63 Margaret
951 2046 238 65 Loring.

214 2123 181 52 Paulo
437 2123 57 51 in
537 2122 95 52 the
674 2122 240 53 Chilean
953 2122 202 68 desert,
1195 2124 73 67 by
1307 2122 295 70 Margaret
1644 2125 219 68 Loring
1902 2126 247 52 Thomas

205 2200 1944 71 … illustrated by W. R. Lohse. Indianapolis, New York, The
149 2278 979 69 Bobbs-Merrill company [ c 1934]
221 2352 87 40 190
333 2364 41 36 p.
405 2353 107 39 incl.
542 2353 164 47 front.,
733 2353 127 40 illus.
919 2353 56 39 20½
1008 2356 43 19 cm
1057 2385 6 7 .

220 2411 287 38 Illustrated
540 2409 363 49 lining-papers.

153 2463 51 50 ©
233 2468 116 39 Nov.
379 2468 38 45 1,
446 2466 140 47 1934;
618 2467 64 39 2c.
712 2468 118 38 Nov.
860 2468 52 43 6;
945 2467 87 49 aff,·
1056 2468 115 39 Nov.
1202 2470 24 38 7;
1286 2470 41 38 A
1353 2468 170 49 76966;
1557 2472 59 36 M.
1650 2471 49 39 L.
1730 2472 224 46 Thomas,
221 2472 1913 92 Riverdale-on-Hudson,
681 2524 54 38 N.
764 2524 52 38 Y.
889 2524 280 49 (34-37238)

152 2614 247 65 Tousey,
433 2614 277 55 Sanford.

220 2690 1932 73 Cowboy Tommy’s roundup, by Sanford Tousey … Garden
150 2769 153 67 City,
329 2769 68 51 N.
428 2768 89 67 Y.,
544 2768 356 68 Doubleday,
927 2770 196 53 Doran
1150 2774 43 49 &
1219 2790 296 50 company,
1545 2774 125 66 inc.,
1699 2776 149 51 1934.

225 2841 1034 50 [56] p. illus. (part col.) 18½ × 24½ cm .
224 2900 197 39 Illustra
432 2900 79 38 ted
540 2899 362 47 lining-papers.

225 2954 202 40 “Junior
459 2955 192 40 books.”

226 3011 161 40 “First
416 3011 225 40 edition.”

161 3063 55 51 ©'
243 3068 98 40 Oct.
372 3068 68 41 31,
470 3067 113 40 1934;
642 3069 65 40 2c.
740 3070 93 37 and
863 3068 79 39 aff.
972 3070 117 39 Nov.
1120 3072 28 36 6;
1202 3071 43 42 A
1271 3069 142 41 76971;
1514 3106 6 6 8.
1552 3073 202 47 Tousey,
1785 3074 116 39 New
1937 3075 138 40 York.

237 3124 279 49 (34-37245)

157 3214 246 64 Turner,
435 3216 222 52 Robert
691 3217 66 54 E.

229 3290 118 50 The
377 3290 280 54 sixteenth
688 3297 233 63 century
953 3295 58 50 in
1040 3294 199 52 Victor
1266 3295 221 68 Hugo’s
1516 3296 361 67 inspiration,
1906 3297 74 68 by
160 3297 1975 121 Robert
275 3368 63 49 E.
371 3368 239 53 Turner.
676 3368 137 53 New
844 3369 177 66 York,
1054 3370 297 58 Columbia
1381 3371 314 71 university
1732 3408 12 34 [
1749 3381 18 21 c
1773 3377 134 49 1934
1912 3408 13 34 ]

230 3437 1928 59 2 p. l., 65 p. 20½ cm . (Publications of the Institute of French studies,
162 3493 113 45 inc.)

166 3550 53 46 ©
250 3556 115 46 July
395 3556 69 39 30,
503 3557 134 39 1934;
673 3558 53 38 2c.
774 3557 116 48 Aug.
925 3559 81 41 17;
1044 3558 67 40 aff.
1156 3561 117 47 Aug.
1307 3561 80 42 16;
1426 3562 40 39 A
1499 3562 168 41 74558;
1705 3563 36 41 G.
1793 3564 49 39 L.
1879 3565 104 39 Van
264 3565 1880 94 Roosbroeck,
451 3613 117 39 New
598 3611 142 42 York,
815 3615 278 47 (34-37268)

173 3684 120 53 Van
323 3688 70 51 de
425 3687 218 65 Water,
677 3689 274 55 Frederic
980 3692 320 66 Franklyn,
1334 3700 168 50 1890-

235 3760 443 71 Glory-hunter;
712 3785 30 34 a
773 3767 106 53 life
910 3768 63 52 of
1003 3769 245 56 General
1280 3773 221 66 Custer,
1531 3772 74 67 by
1636 3773 270 55 Frederic
1936 3774 48 51 F.
2032 3775 132 53 Van

167 3838 1997 78 de Water … Indianapolis. New York, The Bobbs-Merrill
290 3924 365 63 Company [ c 1334]
