2350 4196
1131 3999 133 49 1184

220 377 395 69 Weinberger,
653 384 214 62 Harry,
907 386 167 48 1888-

289 457 119 53 The
441 457 205 55 liberty
681 460 61 50 of
775 461 93 51 the
902 479 181 36 Dress;
1119 466 110 46 two
1263 460 289 52 addresses
1586 458 281 53 delivered
1903 460 72 53 by
2008 461 196 51 Harry

216 535 1988 72 Weinberger … Berkeley Heights. N. J., The Oriole press.
220 617 148 48 1934.

294 686 25 41 3
346 699 42 36 p.
417 687 42 47 1,
488 687 126 48 5-38,
647 688 53 50 [2]
727 701 42 37 p.
824 688 163 48 front.,
1013 690 211 40 facsims.
1279 689 25 38 20½
1368 691 43 20 cm
1415 721 9 7 .

329 744 193 42 "Edition
557 745 184 40 limited
778 752 47 35 to
860 746 89 41 five
984 746 215 41 hundred
1234 742 44 44 &
1311 746 242 46 sixty-five
1587 745 182 48 copies:
1806 745 85 41 550
1925 747 189 47 printed
2150 758 56 29 on

227 802 191 40 Zerkall
446 803 161 39 mould
634 805 138 38 made
800 814 87 38 rag
915 813 173 38 paper;
1123 804 49 37 15
1202 814 57 29 on
1287 802 159 49 Japan
1477 803 188 45 vellum,
1695 803 255 41 numbered
1981 805 22 36 1
2034 808 49 34 to
2112 805 92 37 15."

296 860 113 40 Two
438 860 254 41 addresses
720 861 241 39 delivered
990 865 50 35 at
1068 861 80 39 the
1175 858 247 50 unveiling
1449 860 48 39 of
1525 864 95 35 two
1648 860 175 39 tablets
227 866 1957 102 commemorating
333 918 80 39 the

444 917 208 41 services
682 918 50 39 of
764 919 205 39 Andrew
1001 916 247 41 Hamilton
1278 917 45 37 in
1356 917 79 39 the
1464 916 195 40 defense
1689 917 51 38 of
1769 917 124 39 John
1930 918 136 40 Peter
224 916 1963 108 Zeuger
332 986 56 28 on
415 975 114 40 trial

557 975 77 39 for
660 975 221 39 criminal
907 974 109 40 libel
1047 975 45 37 in
1121 973 110 41 New
1261 973 127 40 York
1415 974 46 37 in
1491 971 123 42 1735.

225 1028 1657 53 © Aug. 18. 1934; 2c. and aff. Aug. 21: A 74594; Oriole press.
304 1089 278 48 (34-28570)

214 1207 174 63 Weis,
420 1208 150 52 Ezra
601 1209 258 49 Herman
890 1204 297 66 Franklin,
1224 1205 167 51 1887-

288 1284 117 52 The
432 1286 174 51 music
637 1284 365 68 preparation
1031 1283 61 51 of
1118 1283 342 65 elementary
1485 1282 251 52 teachers
1765 1284 56 50 in
1851 1288 142 49 state

216 1281 1959 136 teachers
348 1363 263 67 colleges;
663 1384 26 30 a
737 1363 169 65 study
952 1361 218 51 limited
1216 1368 56 44 to
1316 1362 252 51 teachers
1611 1360 178 53 below
1833 1362 93 51 the
1972 1363 229 51 seventh

216 1439 268 70 grade'in
518 1439 104 54 five
656 1441 382 51 mid-western
1074 1445 196 47 states:
1309 1440 299 57 Colorado,
1642 1441 241 51 Kansas.
1919 1441 286 53 Missouri,

215 1513 1989 74 Illinois, and Kentucky, by Ezra H. F. Weis … New York
214 1596 133 68 city.
389 1596 276 53 Teachers
710 1596 225 68 college.
983 1595 293 56 Columbia
1322 1596 336 64 university.
1711 1599 141 49 1934.

287 1671 60 39 vi.
386 1670 83 40 104
504 1680 41 38 p.
608 1669 124 39 illus.
764 1669 158 47 (map)
990 1669 54 39 239c
1095 1671 25 19 m
1127 1700 5 6 .
1204 1668 263 42 (Teachers
1504 1668 190 48 college.
1733 1667 245 41 Columbia
216 1666 1972 111 university.

389 1725 363 43 Contributions
784 1728 48 37 to
862 1724 269 41 education,
1162 1734 73 31 no.
1266 1724 108 45 599)

289 1784 167 39 Issued
484 1785 102 38 also
611 1793 55 29 as
694 1782 150 39 thesis
881 1783 104 45 (PH.
1045 1782 32 46 D.)
1115 1780 246 41 Columbia
1391 1781 283 47 university.

286 1838 347 49 Bibliography:
695 1851 40 35 p.
768 1838 185 40 98-103.

222 1892 1979 55 © Apr. 17. 1834; 2c. June 21: aff. June 20; A 72891: E. H. F. Weis.
295 1955 178 40 Salina.
500 1955 123 38 Kan.
688 1951 277 49 (34-30088)

217 2070 190 63 Wells,
439 2070 199 62 Harry
669 2069 283 63 Laurenz,
987 2071 169 48 1854-

297 2144 312 55 California
664 2161 216 47 names;
932 2160 128 36 over
1106 2151 108 44 two
1260 2144 281 52 thousand
1591 2142 104 53 five
1741 2142 258 53 hundred
2048 2143 157 68 place

228 2240 203 39 names,
470 2222 320 54 individual
830 2239 206 37 names,
1076 2220 182 55 words
1298 2222 112 52 and
1452 2222 229 66 phrases
1720 2222 58 51 in
1819 2238 249 36 common
2110 2239 94 35 use

229 2302 55 50 in
307 2301 92 50 the
425 2298 214 55 Golden
669 2306 158 52 state,
853 2299 228 67 spelled,
1108 2299 375 67 pronounced,
1508 2298 215 54 defined
1752 2298 108 53 and
1889 2299 312 68 explained.

223 2378 87 68 By
341 2377 196 69 Harry
568 2377 59 51 L.
663 2376 189 52 Wells.
920 2377 109 53 Los
1060 2376 260 68 Angeles,
1354 2376 193 58 Calif.,
1575 2376 628 69 Kellaway-Ide-Jones

222 2472 292 50 company,
541 2462 15 20 c
563 2457 148 51 1934.

288 2512 562 62 94 p. 1 illus. 16½ cm .
221 2582 1963 107 © July 23. 1934; 2c. and aff. Aug. 10: A 73829: H. L. Wells, Los Angeles (34-28942)
212 2759 282 62 Wheeler,
528 2760 162 62 Opal.

281 2835 240 65 Mozart,
545 2835 95 52 the
664 2836 227 51 wonder
915 2836 108 65 boy
1055 2835 49 66 [by]
1193 2837 150 67 Opal
1368 2837 260 55 Wheeler
1652 2841 45 48 &
1724 2837 156 66 Sybil
1912 2838 195 53 Dench
2113 2857 85 47 er;

212 2913 322 53 illustrated
572 2913 72 65 by
681 2912 167 66 Mary
886 2912 184 53 Green
1075 2914 146 51 wait.
1299 2916 136 51 New
1475 2915 180 66 York,
1689 2916 66 51 E.
1795 2917 62 50 P.
1898 2917 221 50 Dutton
2157 2918 43 49 &

214 3009 97 47 co.,
341 2991 106 51 inc.
488 3023 11 33 [
504 2996 19 22 c
528 2993 149 62 1934]

284 3063 52 39 91
372 3074 42 37 p.
475 3064 126 38 illus.
662 3063 55 38 24
720 3065 44 20 cm
770 3096 6 6 .

286 3120 161 39 “First
485 3119 223 39 edition.’'

285 3176 223 41 Includes
547 3175 164 40 music.

220 3229 1978 53 © Aug. 10. 1934; 2c. and aff. Aug. 11: A 73849: E. P. Dutton & co., inc.
296 3288 277 48 (34-30087)

210 3402 256 62 Wilicox,
498 3405 194 52 Oswin
723 3402 271 63 William,
1029 3406 165 52 1870-

283 3478 1913 74 Reshaping agriculture, by O. W. Wilicox … foreword by
216 3555 98 50 Dr.
354 3556 173 52 Alvin
567 3557 272 52 Johnson.
914 3557 135 52 New
1094 3558 172 55 York,
1302 3561 90 53 W.
1431 3563 89 53 W.
1561 3563 217 51 Norton
1820 3565 43 49 &
1903 3580 295 51 company,

217 3632 103 52 inc.
362 3666 11 32 [
380 3638 17 22 c
403 3635 134 51 1934
540 3666 12 33 ]

287 3703 83 40 157
408 3715 43 36 p.
512 3705 125 39 illus.
668 3706 155 46 (map)
874 3707 176 46 diagrs.
1111 3706 46 38 21
1170 3710 41 21 cm
1217 3740 7 7 .
1296 3709 295 47 (Half-title:
1637 3711 155 40 Social
1836 3711 159 42 action
2039 3711 159 42 hooks,

216 3762 68 38 ed.
319 3761 59 46 by
409 3761 140 40 Alvin
585 3761 236 41 Johnson)

286 3816 161 41 “First
475 3818 225 40 edition."

220 3872 1980 56 © Aug. 28. 1934; 2c. Sept. 10: aff. Sept. S; A 74858: W. W. Norton &
285 3942 79 36 co.,
396 3932 86 39 inc.
552 3933 276 46 (34-27258)
