2350 4196
1143 4003 130 49 1170

287 447 101 47 viii,
423 446 83 40 189
540 459 41 35 p.
642 446 143 40 23½cm.
861 448 296 47 (Half-title:
1188 447 280 46 University
1503 446 49 39 of
1586 446 244 48 Michigan
1867 447 333 47 publications.

221 503 256 49 Language
504 505 95 38 and
625 505 269 39 literature,
952 507 87 38 vol.
1152 507 12 42 XII)

292 561 126 40 “The
449 560 335 49 bibliography
816 562 50 39 of
901 563 184 37 Roman
1117 560 218 40 Catholic
1367 563 309 43 controversy
1710 561 47 37 in
1791 561 218 47 England
2045 561 44 38 in
2123 563 79 38 the

219 619 311 39 seventeenth
562 619 230 46 century”:
853 630 42 36 p.
928 617 214 40 157-158,

221 671 50 51 ©
299 677 119 46 Aug.
448 676 37 43 8,
515 675 138 40 1934:
685 675 63 39 2c.
780 676 94 38 and
905 675 80 39 aff.
1019 675 123 46 Sept.
1174 676 78 36 10:
1286 675 38 36 A
1356 673 165 39 74824:
1559 675 277 46 University
1866 676 49 38 of
1946 673 256 47 Michigan.

288 733 108 38 Ann
422 733 168 39 Arbor.
657 731 277 48 (34-29886)

215 817 341 56 Britannica
593 821 220 66 junior;
856 839 70 33 an
962 819 433 68 encyclopaedia
1432 818 93 52 for
1561 819 136 66 boys
1736 820 110 51 and
1884 820 158 67 girls,
287 838 1891 125 prepared

498 897 178 51 under
709 897 96 52 the
838 896 352 68 supervision
1227 894 62 53 of
1325 895 96 52 the
1456 894 211 53 editors
1702 894 64 52 of
1798 896 95 52 the
287 895 1892 145 Encyclopaedia

521 971 1684 69 britannica … New York, Encyclopaedia britannica,
288 1051 135 61 inc.;
457 1052 256 55 London,
745 1051 119 52 The
898 1050 454 62 Encyclopaedia
1387 1050 319 52 britannica
1741 1067 295 45 company,
2070 1051 132 61 ltd.;

311 1136 118 60 [etc.,
459 1135 118 61 etc.,
608 1132 172 62 c1934]

297 1200 53 39 12
419 1236 5 5 v.
487 1202 83 39 col.
609 1201 187 46 fronts.,
869 1202 74 39 illus.
988 1202 130 46 (port
1155 1200 108 46 col.)
1308 1209 136 37 maps
1473 1200 46 46 (1
1557 1199 194 48 double)
1800 1199 177 47 diagrs.
2037 1199 114 40 26cm.

291 1257 138 48 Maps
467 1259 92 38 and
598 1258 326 39 illustrations
958 1268 58 29 on
1056 1257 343 46 lining-papers;
1467 1256 216 40 includes
1720 1256 165 40 music.

291 1312 71 40 On
394 1324 138 30 cover:
594 1315 52 38 B.
679 1314 57 46 jr.

294 1370 155 40 Based
479 1382 58 27 on
569 1370 276 41 “Weedon's
874 1372 194 38 modern
1100 1368 409 48 encyclopaedia”,
1570 1369 60 46 cf.
1660 1370 271 40 Foreword.

292 1426 233 40 Franklin
557 1427 54 40 H.
644 1427 204 47 Hooper,
878 1429 181 44 editor;
1093 1427 180 38 Walter
1302 1425 136 47 Yust,
1468 1427 240 39 associate
1736 1426 168 40 editor.

225 1481 51 51 ©
305 1486 122 46 Sept.
456 1487 67 39 11.
549 1485 138 39 1934:
715 1486 63 39 2c.
807 1487 115 38 eaeh
950 1485 93 39 and
1071 1485 78 39 aff.
1180 1486 123 45 Sept.
1331 1484 80 40 12:
1442 1486 39 37 A
1508 1484 166 40 74892:
1704 1486 381 46 Encyclopaedia
293 1487 1894 95 britannica.
531 1543 87 38 inc.
686 1542 277 47 (34-30075)

220 1633 229 61 Brown,
476 1635 136 52 Mrs.
644 1634 163 53 Cora.

292 1708 119 51 The
443 1708 143 51 wine
618 1707 138 53 cook
785 1707 164 69 book,
980 1707 169 68 being
1181 1725 30 34 a
1243 1706 265 54 selection
1542 1705 62 54 of
1638 1706 421 69 incomparable

224 1726 1959 125 recipes
365 1785 149 52 from
542 1786 234 66 France,
801 1785 148 51 from
977 1786 95 51 the
1098 1785 114 51 Far
1239 1785 158 67 East,
1425 1784 152 52 from
1605 1785 94 52 the
1727 1784 182 55 South
1935 1786 112 53 and
223 1785 1962 144 elsewhere,
461 1863 75 51 all
576 1862 62 51 of
676 1863 183 51 which
896 1880 116 34 owe
1049 1862 147 52 their
1233 1862 135 52 final
1409 1862 307 53 excellence
1753 1875 57 40 to
1848 1863 96 52 the
1981 1861 224 54 skillful

223 1956 93 37 use
350 1940 63 52 of
448 1940 141 51 wine
625 1941 58 50 in
719 1940 148 52 their
903 1940 385 67 preparation,
1322 1940 74 68 by
1430 1940 96 51 the
1563 1941 257 66 Browns,
1859 1940 166 67 Cora,
2062 1941 147 52 Rose

222 2017 110 52 and
371 2018 138 52 Bob.
575 2018 231 66 Boston,
839 2017 194 66 Little,
1071 2018 225 66 Brown,
1332 2018 111 52 and
1482 2035 296 51 company,
1816 2020 149 52 1934.

295 2089 651 51 4 p. l ., [3]-462 p. 21½cm.
297 2145 282 41 Illustrated
614 2149 96 44 t.-p.

227 2201 51 50 ©
306 2205 114 46 July
444 2204 67 41 12.
538 2204 112 39 1934:
705 2204 63 39 2c.
799 2205 93 38 and
919 2204 80 38 aff.
1020 2204 113 45 July
1152 2205 50 38 13:
1260 2206 38 36 A
1326 2204 166 39 73740:
1523 2205 122 39 Cora
1664 2206 189 39 Brown.
1875 2207 125 37 Rose
2019 2207 188 40 Brown,

295 2262 94 38 and
419 2261 178 39 Robert
627 2260 197 40 Carlton
854 2261 188 39 Brown.
1119 2261 213 39 Newllano.
1365 2261 78 39 La.
1515 2261 277 47 (34-25881)

221 2348 275 63 Brunold,
529 2349 161 64 Paul,
727 2353 167 49 1875-

290 2426 80 51 Le
403 2426 182 66 grand
621 2443 173 49 orgue
827 2426 66 51 de
932 2424 63 55 St
1029 2425 235 54 Gervais
1300 2427 26 49 à
1365 2426 164 54 Paris
1571 2444 131 48 [par]
1752 2428 142 50 Paul
1934 2428 273 51 Brunold.

223 2504 182 66 Paris,
436 2493 267 62 Éditions
733 2503 67 51 de
830 2503 16 50 1
854 2502 223 54 Oiseau
1106 2505 136 65 lyre,
1272 2503 204 54 Louise
1506 2506 66 50 B.
1602 2504 79 52 M.
1713 2505 156 66 Dyer
1905 2507 169 63 [1934]

292 2575 1778 49 3 p. l., 5-99 p., 2 l. xv pl. (incl. ports., facsims.) on 14 l. 30cm.
295 2632 211 48 “Quatre
535 2635 106 37 cent
670 2632 258 47 cinquante
956 2632 315 47 exemplaires
1300 2644 82 29 sur
1410 2635 166 46 papier
1606 2636 55 37 de
1710 2634 313 45 l'Oiseau-lyre
224 2634 1969 97 numérotés

382 2690 57 39 de
469 2690 24 38 1
525 2689 28 40 à
582 2689 85 40 450
697 2691 47 37 et
775 2688 257 48 cinquante
1064 2690 316 45 exemplaires
1410 2692 113 37 hors
1554 2700 262 30 commerce
1846 2690 274 40 numérotés
2152 2692 58 39 de

243 2743 702 50 I à L. Exemplaire no VII.”
230 2800 50 51 ©
318 2806 112 45 May
464 2804 67 45 28,
567 2802 139 40 1934:
803 2833 6 6 1c.
848 2803 116 45 July
996 2802 81 39 24:
1115 2804 99 36 A-
1217 2803 204 48 Foreign
1458 2803 169 41 25292:
1666 2805 173 39 Louise
1876 2806 52 37 B.
1968 2806 62 38 M.
2068 2806 142 45 Dyer,

294 2861 152 39 Paris.
505 2857 276 50 (34-25713)

221 2932 273 66 Burnett,
525 2933 251 54 William
807 2932 185 65 Riley,
1026 2937 165 48 1899-

358 3012 1844 64 … Goodbye to the past; scenes from the life of William
227 3089 1978 69 Meadows … New York and London, Harper & brothers.
227 3169 148 50 1934.

299 3237 610 50 4 p. l., 3-306 p. 21½cm.
300 3294 63 41 At
386 3296 123 39 head
536 3296 50 38 of
610 3295 107 40 title:
771 3296 71 39 W.
868 3296 54 40 R.
948 3297 220 39 Burnett.

301 3350 161 42 “First
489 3351 224 41 edition.”

229 3405 51 51 ©
310 3410 126 46 Sept.
464 3410 37 39 5.
529 3409 138 40 1934:
697 3408 64 41 2c.
794 3410 125 46 Sept.
947 3411 50 38 6:
1029 3411 80 39 aff.
1140 3411 122 47 Sept.
1293 3414 50 38 7:
1374 3414 40 38 A
1443 3414 166 38 74811:
1641 3415 67 37 W.
1741 3414 52 39 R.
1825 3414 218 38 Burnett.
296 3411 1896 94 Glendale.
445 3466 141 39 Calif.
652 3466 276 46 (34-28777)

221 3537 214 65 Busch,
470 3540 204 61 Henry
707 3538 207 65 Miller,
951 3542 168 49 1894-

302 3615 1903 71 Leadership in group work, by Henry M. Busch … New
228 3692 176 55 York.
432 3693 357 52 Association
818 3712 172 49 press,
1019 3699 147 51 1934.

303 3763 57 46 vi,
388 3764 86 40 305
501 3775 40 37 p.
603 3764 144 40 19½cm.

301 3820 345 47 Bibliography
675 3824 50 37 at
752 3823 90 39 end
872 3823 49 38 of
951 3824 116 38 each
1097 3825 210 47 chapter.

229 3874 50 50 ©
309 3879 123 37 June
465 3879 66 37 15.
563 3879 138 39 1934:
733 3878 64 40 2c.
829 3879 115 48 Aug.
977 3881 80 38 27:
1092 3881 80 39 aff.
1202 3884 116 47 Aug.
1353 3885 82 44 24;
1470 3885 39 37 A
1540 3884 167 39 74683:
1745 3884 203 38 General
1980 3883 148 38 board
2162 3882 49 37 of

299 3935 47 36 Y.
377 3935 58 36 M.
509 3967 5 5 C.
543 3936 51 36 A.,
684 3946 70 28 New
781 3936 141 39 York.
992 3936 276 48 (34-27202)
