2350 4196
1159 4001 99 49 298

190 372 373 66 Chesterton,
596 371 226 56 Gilbert
851 372 201 65 Keith,
1086 372 171 54 1874-

261 449 82 54 St.
397 449 246 54 Thomas
694 448 273 69 Aquinas,
1017 448 74 69 by
1140 447 65 54 G.
1258 448 72 52 K.
1388 448 345 55 Chesterton.
1809 446 136 55 New
2000 446 177 69 York,

192 525 183 55 Sheed
405 528 44 49 &
475 525 197 68 Ward,
700 525 125 68 inc.,
856 529 150 50 1933.

258 597 83 49 xii,
363 598 87 40 248
469 609 42 37 p.
572 597 54 39 21
630 600 44 21 cm
679 630 8 7 .

262 668 160 40 “First
448 668 228 47 printing,
704 668 280 47 November,
1011 667 126 41 1933.
1197 669 182 40 Second
1406 669 228 48 printing,
1663 670 274 46 December,
1966 668 154 41 1933.“

194 738 51 51 ©
277 743 109 38 Dec.
417 743 67 40 11.
514 742 113 40 1933;
686 742 66 39 2c.
784 743 120 38 Mar.
934 741 69 41 21.
1034 741 113 40 1934;
1206 742 40 38 A
1276 742 139 40 70761;
1481 743 152 40 Sheed
1665 743 36 39 &
1729 743 163 46 Ward,
1924 743 89 40 inc.

275 798 249 48 (34—5952)

194 901 119 52 The
350 901 481 64 comprehensive
870 901 291 55 Standard
1197 901 321 66 dictionary
1554 902 61 51 of
1652 901 93 52 the
1782 900 245 69 English

262 901 1921 144 language … 1,000 pictorial illustrations; abridged from the
263 1054 171 53 Funk
463 1055 45 50 &
538 1054 300 69 Wagnalls
871 1074 123 34 new
1030 1053 290 56 Standard
1355 1054 323 70 dictionary
1712 1053 64 54 of
1809 1055 98 53 the
1939 1052 246 71 English

263 1130 1923 71 language by James C. Fernald … A new ed., carefully rev.
263 1208 1923 71 by Frank H. Vizetelly … New York and London, Funk &
262 1287 300 69 Wagnalls
596 1305 296 51 company,
928 1291 151 52 1934.

266 1360 99 42 viii.
399 1361 97 46 759,
534 1362 54 48 [1]
621 1371 43 37 p.
728 1361 142 46 illus.,
903 1370 149 38 maps.
1113 1360 58 41 19½
1199 1362 45 22 cm
1248 1392 9 9 .

200 1428 1900 51 © Mar. 9, 1934; 2c. and aff. Mar. 13; A 70658; Funk & Wagnalls co.
279 1489 249 47 (34-5891)

256 1589 1931 69 … Corpvs vasorvm antiqvorvm. United States of America,
271 1666 155 67 [fasc.
463 1672 47 61 4]
586 1669 119 52 The
740 1668 292 53 Robinson
1068 1670 309 66 collection,
1411 1668 333 67 Baltimore,
1776 1669 121 52 Md.
1966 1667 138 54 fasc.
2142 1671 44 48 1.

267 1746 90 65 By
388 1746 192 53 David
611 1749 196 50 Moore
839 1747 308 66 Robinson,
1176 1747 141 51 with
1347 1748 96 50 the
1475 1747 305 53 assistance
1809 1746 61 53 of
1899 1747 170 66 Mary
2097 1748 90 51 W.

265 1823 301 54 McGehee.
660 1825 361 68 Cambridge,
1072 1827 190 64 Mass.,
1316 1825 274 52 Harvard
1645 1823 317 68 university
2017 1843 173 49 press,

270 1906 148 51 1934.

275 1978 54 38 57
356 1988 42 36 p.
454 1977 139 45 illus.,
622 1977 59 39 48
705 1979 159 37 numb,
893 1978 155 46 plates
1077 1976 52 47 (2
1153 1976 110 46 col.)
1328 1976 54 40 38
1387 1978 43 20 cm
1436 2009 7 7 .

272 2034 63 39 At
363 2034 123 38 head
516 2033 50 39 of
594 2033 108 40 title:
761 2033 159 39 Union
948 2032 308 47 académique
1286 2033 392 39 internationale.

274 2092 56 37 In
360 2090 244 47 portfolio.

207 2153 1986 53 © Jan. 25, 1934; 2c. Jan. 29; aff. Feb. 9; A 70693; Amer, council of
277 2217 197 38 learned
505 2215 235 47 societies,
775 2215 298 48 Cambridge,
1106 2216 143 38 Mass.

208 2316 275 67 Cureton,
512 2317 260 54 Thomas
800 2316 166 65 Kirk,
1000 2320 170 49 1901-

278 2394 149 53 How
452 2401 58 47 to
539 2396 162 51 teach
730 2395 323 68 swimming
1080 2394 110 53 and
1220 2394 218 69 diving,
1466 2394 75 67 by
1569 2394 246 51 Thomas
1844 2392 153 52 Kirk
203 2392 1970 135 Cureton.

355 2472 1598 68 jr. … v. 1. New York, Association press, 1934.
277 2547 101 46 xiii,
406 2547 88 39 238
519 2557 39 36 p.
618 2547 112 38 illus.,
787 2548 117 38 fold,
936 2547 166 45 tables,
1133 2546 176 47 diagrs.
1368 2546 54 39 23½cm.

282 2602 432 48 “Supplementary
753 2602 363 49 bibliography”
1158 2605 51 37 at
1249 2603 91 39 end
1381 2602 50 40 of
1468 2604 126 38 most
1633 2601 50 40 of
1720 2601 82 40 the
1840 2601 238 48 chapters.

212 2669 1986 52 © Feb. 14. 1934; 2c. Feb. 19: aff. Mar. 21: A 70741; General board of
282 2731 50 38 Y.
363 2732 61 38 M.
454 2730 46 40 C.
531 2732 67 45 A.,
629 2732 116 37 New
773 2731 143 38 York.
988 2729 248 48 (34-5885)

211 2830 260 68 Cushny,
501 2833 232 53 Arthur
761 2834 347 63 Robertson,
1141 2835 323 51 1866-1926.

281 2909 54 52 A
382 2910 294 54 text-book
725 2911 62 53 of
835 2910 445 69 pharmacology
1328 2910 111 53 and
1488 2909 383 68 therapeutics;
1953 2927 79 47 or,
2081 2907 119 52 The

214 2986 1927 71 action of drugs in health and disease, by Arthur R. Cushny …
216 3063 1984 72 10th ed., thoroughly rev. by C. W. Edmunds … and J. A.
215 3142 1987 71 Gunn … Illustrated with 75 engravings. Philadelphia, Lea
211 3224 45 48 &
285 3220 261 70 Febiger,
577 3225 153 50 1934.

283 3303 44 37 x,
363 3293 172 40 17-786
567 3305 42 37 p.
671 3294 141 48 illus.,
847 3296 178 49 diagrs.
1086 3294 26 38 2½cm.

286 3349 235 42 Contains
546 3349 390 52 bibliographies.

217 3418 1710 54 © Mar. 2, 1934; 2c. and aff. Mar. 3; A 69740; Lea & Febiger.
295 3478 249 48 (34-5880)

217 3581 304 65 Devanny,
549 3582 165 55 Jean.

214 3654 1967 149 Out of such fires, by Jean Devanny … New York, The Macaulay company [ c 1934 ]
285 3805 518 49 3 p. l., 9-320 p. 19½cm.
221 3871 1984 55 © Mar. 19. 1934; 2c. and aff. Mar. 22; A 70765; J. Devanny, Sydney,
289 3933 264 40 Australia.
629 3934 249 47 (34-5901)
