2350 4196
1128 4007 98 55 117

162 357 192 66 Clark,
385 357 198 65 Ellery
612 355 287 65 Harding,
932 355 170 53 1874-

229 435 141 52 This
413 433 180 53 world
637 433 113 52 and
793 432 96 52 the
931 436 163 59 next;
1138 430 95 53 the
1277 429 263 67 working
1583 428 347 68 philosophy
1975 429 64 53 of
2085 447 71 35 an

160 530 239 51 average
439 529 150 50 man,
630 511 73 68 by
745 529 71 33 an
860 527 239 51 average
1139 526 150 49 man,
1334 507 94 53 for
1469 507 96 52 the
1608 524 241 52 average
1891 524 152 51 man,
2083 506 77 70 by

159 583 1999 75 Ellery H. Clark … Boston, Mass., The Stratford company
165 701 12 33 [
182 673 18 22 c
206 671 134 49 1934
343 701 13 34 ]

228 736 1055 52 4 p. l., x, 245 p. front. (port.) 19½ cm .
163 796 50 51 ©
250 800 106 39 Jan.
390 800 40 46 2,
465 798 139 47 1934;
641 799 65 38 2c.
743 798 107 38 Jan.
886 798 51 39 2;
976 796 80 40 aff.
1094 797 106 38 Jan.
1238 795 80 46 15;
1357 795 40 38 A
1432 794 169 47 67975;
1643 793 250 41 Stratford
1929 804 81 36 co.,
227 793 1914 103 publishers.
488 854 249 50 (34-2211)

164 946 178 64 Cline,
373 946 245 64 George.

233 1015 1923 75 The geometry of nature, by George Cline … [Tipton, Ind.]
163 1101 119 51 The
312 1099 271 53 Personal
613 1116 172 51 press,
814 1104 18 22 c
837 1101 150 49 1934.

232 1172 55 40 74
317 1183 57 37 p.,
404 1172 24 38 1
483 1203 7 8 l.
550 1172 142 46 illus.,
726 1171 152 47 diagr.
939 1170 57 40 18
996 1172 43 21 cm
1045 1202 8 8 .

165 1229 50 51 ©
279 1244 74 29 Jan.
382 1233 68 47 25,
480 1232 140 41 1934;
652 1233 66 38 2c.
749 1232 94 38 and
874 1231 80 39 aff.
985 1231 107 38 Jan.
1124 1229 80 47 29;
1238 1230 39 38 A
1307 1229 169 46 69241;
1511 1229 52 40 G.
1595 1229 149 46 Cline,
1775 1229 190 48 Tipton,
1999 1231 103 38 Ind.

243 1289 250 50 (34-2324)

164 1380 198 64 Cloud,
395 1380 286 53 Marshall
713 1381 269 63 Morgan,
1019 1382 170 49 1868-

163 1455 1980 148 Curing our nerves, by Marshall Morgan Cloud … Pasadena, Calif., Pasadena news syndicate, 1934.
231 1609 85 41 206
345 1621 41 38 p.
448 1610 55 40 23
507 1613 43 20 cm
556 1641 8 9 .

167 1664 51 51 ©
253 1670 108 38 Jan.
395 1668 38 47 5,
468 1668 139 46 1934;
644 1667 66 40 2c.
746 1668 109 40 Jan.
890 1668 81 46 13;
1009 1667 79 39 aff.
1126 1668 106 38 Jan.
1270 1667 80 47 12;
1388 1668 41 38 A
1463 1666 169 46 69008;
1672 1667 61 38 M.
1771 1667 60 38 M.
1870 1665 165 48 Cloud,
2071 1666 93 40 Los

232 1726 217 46 Angeles.
523 1725 249 47 (34-2265)

166 1813 206 67 Coker,
401 1814 247 55 Francis
674 1815 274 65 William,
983 1816 164 53 1878-

234 1888 1935 73 Recent political thought, by Francis W. Coker … New York,
170 1969 252 69 London,
451 1970 68 52 D.
551 1970 574 69 Appleton-Century
1153 1988 294 50 company,
1474 1969 106 52 inc.
1616 2004 12 33 [
1635 1976 16 21 c
1658 1972 134 49 1934
1797 2002 13 34 ]

237 2042 1927 50 ix p., 1 l, 574 p. 23 cm . (Lettered on cover: The Century political
168 2099 186 41 science
380 2099 175 47 series)

239 2157 186 41 “Select
451 2157 364 48 bibliography”
844 2161 51 36 at
920 2159 92 40 end
1038 2157 51 41 of
1115 2160 117 38 each
1259 2159 215 47 chapter.

504 2215 172 40 CONTENTS.—The
709 2214 401 41 mid-nineteenth
1144 2219 199 44 century
1377 2217 219 47 heritage
1628 2216 52 40 of
1711 2216 213 48 political
170 2216 1997 98 ideas.—Socialistic
485 2273 421 40 doctrines.—The
948 2276 311 45 controversy
1302 2283 114 30 over
1458 2273 586 47 democracy.—Political
170 2284 1978 94 authority
382 2331 95 39 and
508 2330 272 40 individual
812 2330 190 46 liberty.

172 2388 1996 51 © Feb. 2, 1934; 2c. and aff. Feb. 6; A 70145; D. Appleton-Century co.,
239 2449 87 39 inc.
400 2448 250 48 (34-2316)

172 2539 151 64 Cole,
354 2539 226 64 George
609 2538 264 64 Douglas
900 2540 274 63 Howard,
1206 2542 170 49 1889-

241 2617 130 52 End
400 2617 62 53 of
491 2635 71 34 an
589 2617 225 53 ancient
843 2617 247 52 mariner
1125 2617 109 68 [by]
1268 2616 69 55 G.
1366 2618 70 50 D.
1465 2617 77 52 H.
1571 2617 112 53 and
1712 2617 296 69 Margaret
2036 2616 136 56 Cole

236 2695 1938 69 … Garden City, N. Y., Pub. for the Crime club, inc., by
173 2773 354 69 Doubleday,
557 2774 198 52 Doran
782 2776 46 51 &
856 2792 297 50 company,
1180 2775 127 66 inc.,
1338 2778 152 49 1934.

243 2849 48 38 vi
317 2858 57 38 p.,
406 2849 24 38 1
478 2879 23 16 l.,
531 2846 84 40 312
643 2858 43 38 p.
746 2848 57 40 20
807 2850 42 21 cm
855 2880 7 7 .

243 2906 287 40 Illustrated
552 2908 96 46 t.-p.

244 2964 163 40 “First
426 2963 226 41 edition.”

177 3019 1996 53 © Feb. 7, 1934; 2c. and aff. Feb. 9; A 69385; G. D. H. Cole and Margaret
244 3081 158 38 Isabel
439 3080 124 47 Cole,
601 3078 199 47 Oxford,
837 3079 235 47 England.
1148 3079 249 48 (34-2349)

177 3173 247 62 Conner,
456 3171 289 55 Rearden.

306 3247 1869 69 … Shake hands with the devil. New York, W. Morrow and
176 3345 296 50 company,
504 3329 150 50 1934.

246 3399 599 49 6 p. l., 3-304 p. 21 cm .
245 3457 40 39 A
319 3460 133 44 story
486 3456 193 48 dealing
714 3456 118 40 with
867 3457 82 39 the
983 3456 193 41 conflict
1209 3457 215 40 between
1460 3458 80 40 the
1576 3457 130 41 Irish
1740 3457 307 49 republicans
2081 3459 94 40 and

177 3513 79 38 the
284 3514 151 39 Black
461 3514 94 39 and
587 3517 123 43 tans,
737 3513 114 40 1918
880 3516 47 37 to
954 3512 126 40 1920.

181 3567 50 51 ©
259 3571 109 40 Feb.
394 3572 39 44 2,
460 3571 113 39 1934;
628 3572 65 38 2c.
722 3570 108 39 Feb.
860 3571 50 40 8;
940 3581 23 28 aff.
1050 3571 109 39 Feb.
1187 3570 28 40 9;
1267 3571 41 38 A
1334 3571 170 41 69364;
1534 3571 160 39 Aidan
1721 3572 223 39 Rearden
1973 3570 201 46 Conner,

247 3628 211 39 London.
529 3627 250 48 (34-2274)

183 3715 532 66 Coomaraswamy,
745 3717 251 54 Ananda
1025 3716 275 67 Kentish,
1332 3717 171 54 1877-

251 3795 121 52 The
398 3794 476 53 transformation
904 3796 64 51 of
995 3801 200 47 nature
1225 3795 59 53 in
1314 3802 106 61 art,
1448 3796 75 67 by
1553 3797 248 51 Ananda
1832 3797 73 54 K.
184 3798 1967 141 Coomaraswamy.
553 3873 361 66 Cambridge,
945 3873 190 67 Mass.,
1166 3875 273 51 Harvard
1473 3874 314 67 university
1819 3893 172 48 press,
2026 3880 149 50 1934.

256 3931 619 63 4 p. l., [3]-245 p. 22 cm .
