<alto xmlns="http://www.loc.gov/standards/alto/ns-v3#" xmlns:xlink="http://www.w3.org/1999/xlink" xmlns:xsi="http://www.w3.org/2001/XMLSchema-instance" xsi:schemaLocation="http://www.loc.gov/standards/alto/ns-v3# http://www.loc.gov/alto/v3/alto-3-0.xsd"><Description>
<MeasurementUnit>pixel</MeasurementUnit>
<sourceImageInformation>
<fileName>1934_v1_Part1.pdf</fileName>
</sourceImageInformation>
<OCRProcessing ID="IdOcr">
<ocrProcessingStep>
<processingDateTime>2019-01-10</processingDateTime>
<processingSoftware>
<softwareCreator>ABBYY</softwareCreator>
<softwareName>ABBYY Recognition Server</softwareName>
<softwareVersion>4.0</softwareVersion>
</processingSoftware>
</ocrProcessingStep>
</OCRProcessing>
</Description>
<Styles>
<ParagraphStyle ID="StyleId-FFFFFFFF-FFFF-FFFF-FFFF-FFFFFFFFFFFF-" ALIGN="Left" LEFT="0." RIGHT="0." FIRSTLINE="0."/>
<ParagraphStyle ID="StyleId-521E1FC6-FE7E-43A4-90E6-A9B61626A263-" ALIGN="Right" LEFT="0." RIGHT="0." FIRSTLINE="0." LINESPACE="13.30000019"/>
<ParagraphStyle ID="StyleId-639B624E-F6F5-47B6-BB1D-34E64B53022F-" ALIGN="Left" LEFT="0." RIGHT="0." FIRSTLINE="-27." LINESPACE="13.43999958"/>
<ParagraphStyle ID="StyleId-100905F9-D385-406B-A5BD-ED5B8FD85431-" ALIGN="Left" LEFT="0." RIGHT="0." FIRSTLINE="0."/>
<ParagraphStyle ID="StyleId-7C9F9BA2-EF3A-4B7F-8486-CCC7B7F49B39-" ALIGN="Left" LEFT="0." RIGHT="0." FIRSTLINE="-27." LINESPACE="18.71999931"/>
<ParagraphStyle ID="StyleId-350780E3-60F2-4605-88F5-BB54F9B87091-" ALIGN="Block" LEFT="0." RIGHT="0." FIRSTLINE="-27." LINESPACE="18.71999931"/>
<ParagraphStyle ID="StyleId-90B16C58-D795-4C77-9B89-30378C515D40-" ALIGN="Left" LEFT="0." RIGHT="0." FIRSTLINE="0." LINESPACE="14.39999962"/>
<ParagraphStyle ID="StyleId-17090E09-AFAF-4086-BD9B-4E99FAE6B057-" ALIGN="Right" LEFT="0." RIGHT="0." FIRSTLINE="-27." LINESPACE="14.39999962"/>
<ParagraphStyle ID="StyleId-8B87B633-89DB-4D72-B1FC-26E4ABD680BC-" ALIGN="Left" LEFT="0." RIGHT="0." FIRSTLINE="-27." LINESPACE="18.47999954"/>
<ParagraphStyle ID="StyleId-42DA7417-CA90-4D71-A57B-06556C38D752-" ALIGN="Left" LEFT="0." RIGHT="0." FIRSTLINE="0." LINESPACE="13.30000019"/>
<ParagraphStyle ID="StyleId-D8EE2A7E-42AE-4E35-98DB-F0F935637AA0-" ALIGN="Block" LEFT="0." RIGHT="0." FIRSTLINE="0." LINESPACE="6.599999905"/>
<ParagraphStyle ID="StyleId-33CD3121-D4F5-43B6-BA96-6382D166E6B8-" ALIGN="Left" LEFT="0." RIGHT="0." FIRSTLINE="0." LINESPACE="15.5"/>
<ParagraphStyle ID="StyleId-1CE52AFA-C319-4DD9-B4B1-F0EBFA2B3F0B-" ALIGN="Block" LEFT="0." RIGHT="0." FIRSTLINE="-21." LINESPACE="18.71999931"/>
<ParagraphStyle ID="StyleId-B74F1B65-92F1-49C5-A5FA-D20442F031F2-" ALIGN="Left" LEFT="0." RIGHT="0." FIRSTLINE="0." LINESPACE="17.70006076"/>
<ParagraphStyle ID="StyleId-79E2924A-215C-40B7-B577-7236BFBAA25E-" ALIGN="Center" LEFT="0." RIGHT="0." FIRSTLINE="0." LINESPACE="7.199999809"/>
</Styles>
<Layout>
<Page ID="Page1561" PHYSICAL_IMG_NR="1561" HEIGHT="4196" WIDTH="2350">
<TopMargin HEIGHT="354" WIDTH="2350" VPOS="0" HPOS="0">
</TopMargin>
<LeftMargin HEIGHT="3709" WIDTH="101" VPOS="354" HPOS="0">
</LeftMargin>
<RightMargin HEIGHT="3709" WIDTH="168" VPOS="354" HPOS="2182">
</RightMargin>
<BottomMargin HEIGHT="133" WIDTH="2350" VPOS="4063" HPOS="0">
</BottomMargin>
<PrintSpace HEIGHT="3709" WIDTH="2081" VPOS="354" HPOS="101">
<TextBlock ID="Page1561_Block1" HEIGHT="61" WIDTH="142" VPOS="4002" HPOS="1050" LANG="en-US" STYLEREFS="StyleId-9FB8A3FC-4933-4833-B36A-C72CEF23B6B8-">
<Shape>
<Polygon POINTS="1050,4002 1178,4002 1178,4003 1192,4003 1192,4063 1172,4063 1172,4062 1050,4062 1050,4002"/>
</Shape>
<TextLine HEIGHT="49" WIDTH="126" VPOS="4008" HPOS="1056">
<String CONTENT="1561" HEIGHT="49" WIDTH="126" VPOS="4008" HPOS="1056"/>
</TextLine>
</TextBlock>
<TextBlock ID="Page1561_Block2" HEIGHT="3650" WIDTH="2081" VPOS="354" HPOS="101" LANG="en-US" CS="1" STYLEREFS="StyleId-3FB706EB-CC4D-4CAD-839E-3509F9673430-">
<Shape>
<Polygon POINTS="106,354 338,354 338,355 1178,355 1178,356 2018,356 2018,357 2182,357 2182,421 2181,421 2181,1261 2180,1261 2180,2101 2179,2101 2179,2941 2178,2941 2178,3782 2177,3782 2177,4004 2012,4004 2012,4003 1172,4003 1172,4002 332,4002 332,4001 101,4001 101,3775 102,3775 102,2935 103,2935 103,2095 104,2095 104,1255 105,1255 105,414 106,414 106,354"/>
</Shape>
<TextLine HEIGHT="75" WIDTH="1986" VPOS="436" HPOS="165" STYLEREFS="StyleId-6EB2D0FC-4A49-4D49-85A1-3D7FBCDB2BD0-" CS="1">
<String CONTENT="Leslie" HEIGHT="54" WIDTH="175" VPOS="439" HPOS="165"/>
<SP HEIGHT="52" WIDTH="40" VPOS="441" HPOS="341"/>
<String CONTENT="L." HEIGHT="50" WIDTH="62" VPOS="441" HPOS="382"/>
<SP HEIGHT="51" WIDTH="43" VPOS="442" HPOS="445"/>
<String CONTENT="Haskin." HEIGHT="52" WIDTH="243" VPOS="442" HPOS="489"/>
<SP HEIGHT="52" WIDTH="76" VPOS="442" HPOS="733"/>
<String CONTENT="Photographs" HEIGHT="69" WIDTH="401" VPOS="441" HPOS="810"/>
<SP HEIGHT="53" WIDTH="38" VPOS="441" HPOS="1212"/>
<String CONTENT="by" HEIGHT="67" WIDTH="71" VPOS="441" HPOS="1251"/>
<SP HEIGHT="67" WIDTH="41" VPOS="441" HPOS="1323"/>
<String CONTENT="Leslie" HEIGHT="53" WIDTH="184" VPOS="441" HPOS="1365"/>
<SP HEIGHT="51" WIDTH="37" VPOS="441" HPOS="1550"/>
<String CONTENT="L." HEIGHT="51" WIDTH="64" VPOS="441" HPOS="1588"/>
<SP HEIGHT="32" WIDTH="43" VPOS="461" HPOS="1653"/>
<String CONTENT="and" HEIGHT="52" WIDTH="112" VPOS="441" HPOS="1697"/>
<SP HEIGHT="52" WIDTH="37" VPOS="441" HPOS="1810"/>
<String CONTENT="Lilian" HEIGHT="54" WIDTH="194" VPOS="441" HPOS="1848"/>
<SP HEIGHT="56" WIDTH="42" VPOS="439" HPOS="2043"/>
<String CONTENT="G." HEIGHT="55" WIDTH="65" VPOS="439" HPOS="2086"/>
</TextLine>
<TextLine HEIGHT="73" WIDTH="1572" VPOS="516" HPOS="164" STYLEREFS="StyleId-6EB2D0FC-4A49-4D49-85A1-3D7FBCDB2BD0-">
<String CONTENT="Haskin." HEIGHT="53" WIDTH="233" VPOS="518" HPOS="164"/>
<SP HEIGHT="50" WIDTH="66" VPOS="520" HPOS="398"/>
<String CONTENT="Portland," HEIGHT="69" WIDTH="299" VPOS="519" HPOS="465"/>
<SP HEIGHT="71" WIDTH="28" VPOS="517" HPOS="765"/>
<String CONTENT="Or.," HEIGHT="71" WIDTH="117" VPOS="517" HPOS="794"/>
<SP HEIGHT="69" WIDTH="27" VPOS="519" HPOS="912"/>
<String CONTENT="Metropolitan" HEIGHT="68" WIDTH="410" VPOS="519" HPOS="940"/>
<SP HEIGHT="49" WIDTH="31" VPOS="537" HPOS="1351"/>
<String CONTENT="press," HEIGHT="50" WIDTH="173" VPOS="536" HPOS="1383"/>
<SP HEIGHT="64" WIDTH="29" VPOS="522" HPOS="1557"/>
<String CONTENT="1934." HEIGHT="48" WIDTH="149" VPOS="522" HPOS="1587"/>
</TextLine>
<TextLine HEIGHT="52" WIDTH="1116" VPOS="588" HPOS="226">
<String CONTENT="x," HEIGHT="37" WIDTH="44" VPOS="598" HPOS="226"/>
<SP HEIGHT="46" WIDTH="28" VPOS="589" HPOS="271"/>
<String CONTENT="407," HEIGHT="48" WIDTH="99" VPOS="588" HPOS="300"/>
<SP HEIGHT="28" WIDTH="33" VPOS="609" HPOS="400"/>
<String CONTENT="[1]" HEIGHT="47" WIDTH="53" VPOS="590" HPOS="434"/>
<SP HEIGHT="37" WIDTH="31" VPOS="600" HPOS="488"/>
<String CONTENT="p." HEIGHT="36" WIDTH="41" VPOS="600" HPOS="520"/>
<SP HEIGHT="36" WIDTH="28" VPOS="592" HPOS="562"/>
<String CONTENT="incl." HEIGHT="38" WIDTH="110" VPOS="592" HPOS="591"/>
<SP HEIGHT="29" WIDTH="29" VPOS="602" HPOS="702"/>
<String CONTENT="col." HEIGHT="38" WIDTH="85" VPOS="593" HPOS="732"/>
<SP HEIGHT="39" WIDTH="27" VPOS="592" HPOS="818"/>
<String CONTENT="front.," HEIGHT="47" WIDTH="164" VPOS="592" HPOS="846"/>
<SP HEIGHT="47" WIDTH="30" VPOS="592" HPOS="1011"/>
<String CONTENT="illus." HEIGHT="39" WIDTH="126" VPOS="591" HPOS="1042"/>
<SP HEIGHT="42" WIDTH="56" VPOS="589" HPOS="1169"/>
<String CONTENT="23" HEIGHT="39" WIDTH="55" VPOS="590" HPOS="1226"/>
<String STYLE="superscript" CONTENT="cm" HEIGHT="20" WIDTH="42" VPOS="593" HPOS="1285"/>
<String CONTENT="." HEIGHT="8" WIDTH="8" VPOS="623" HPOS="1334"/>
</TextLine>
<TextLine HEIGHT="48" WIDTH="677" VPOS="646" HPOS="226">
<String CONTENT="Illustrated" HEIGHT="40" WIDTH="287" VPOS="646" HPOS="226"/>
<SP HEIGHT="39" WIDTH="25" VPOS="647" HPOS="514"/>
<String CONTENT="lining-papers." HEIGHT="46" WIDTH="363" VPOS="648" HPOS="540"/>
</TextLine>
<TextLine HEIGHT="110" WIDTH="1977" VPOS="702" HPOS="159" CS="1">
<String CONTENT="&#169;" HEIGHT="51" WIDTH="50" VPOS="702" HPOS="159"/>
<SP HEIGHT="51" WIDTH="29" VPOS="702" HPOS="210"/>
<String CONTENT="Nov." HEIGHT="40" WIDTH="116" VPOS="706" HPOS="240"/>
<SP HEIGHT="39" WIDTH="29" VPOS="707" HPOS="357"/>
<String CONTENT="14." HEIGHT="41" WIDTH="68" VPOS="707" HPOS="387"/>
<SP HEIGHT="41" WIDTH="30" VPOS="707" HPOS="456"/>
<String CONTENT="1034;" HEIGHT="42" WIDTH="139" VPOS="706" HPOS="487"/>
<SP HEIGHT="38" WIDTH="29" VPOS="710" HPOS="627"/>
<String CONTENT="2c." HEIGHT="38" WIDTH="66" VPOS="710" HPOS="657"/>
<SP HEIGHT="30" WIDTH="29" VPOS="718" HPOS="724"/>
<String CONTENT="and" HEIGHT="38" WIDTH="94" VPOS="708" HPOS="754"/>
<SP/>
<String CS="1" CONTENT="aff."/>
<SP HEIGHT="40" WIDTH="29" VPOS="706" HPOS="961"/>
<String CONTENT="Nov." HEIGHT="41" WIDTH="116" VPOS="706" HPOS="991"/>
<SP HEIGHT="40" WIDTH="30" VPOS="707" HPOS="1108"/>
<String CONTENT="19;" HEIGHT="43" WIDTH="80" VPOS="705" HPOS="1139"/>
<SP HEIGHT="41" WIDTH="33" VPOS="707" HPOS="1220"/>
<!-- cceid C7F26EB5-6C64-1014-8713-889FF4349C01 --><String CONTENT="A" HEIGHT="38" WIDTH="39" VPOS="707" HPOS="1254"/>
<SP HEIGHT="39" WIDTH="31" VPOS="707" HPOS="1294"/>
<String CONTENT="78167;" HEIGHT="43" WIDTH="168" VPOS="706" HPOS="1326"/>
<SP HEIGHT="41" WIDTH="33" VPOS="708" HPOS="1495"/>
<String LANG="la" CONTENT="L." HEIGHT="37" WIDTH="48" VPOS="708" HPOS="1529"/>
<SP HEIGHT="37" WIDTH="34" VPOS="708" HPOS="1578"/>
<String CONTENT="L." HEIGHT="37" WIDTH="47" VPOS="708" HPOS="1613"/>
<SP HEIGHT="39" WIDTH="32" VPOS="707" HPOS="1661"/>
<String CONTENT="Haskin," HEIGHT="47" WIDTH="206" VPOS="707" HPOS="1694"/>
<SP HEIGHT="45" WIDTH="31" VPOS="709" HPOS="1901"/>
<String CONTENT="Brownsville," HEIGHT="100" WIDTH="1911" VPOS="707" HPOS="225"/>
<SP HEIGHT="41" WIDTH="29" VPOS="764" HPOS="351"/>
<String CONTENT="Or." HEIGHT="39" WIDTH="76" VPOS="764" HPOS="381"/>
<SP HEIGHT="45" WIDTH="73" VPOS="765" HPOS="458"/>
<String CONTENT="(34-38803)" HEIGHT="46" WIDTH="278" VPOS="764" HPOS="532"/>
</TextLine>
<TextLine HEIGHT="69" WIDTH="1322" VPOS="865" HPOS="159" STYLEREFS="StyleId-6EB2D0FC-4A49-4D49-85A1-3D7FBCDB2BD0-">
<String CONTENT="[Hosken," HEIGHT="67" WIDTH="277" VPOS="866" HPOS="159"/>
<SP HEIGHT="62" WIDTH="34" VPOS="868" HPOS="437"/>
<String CONTENT="Clifford" HEIGHT="54" WIDTH="243" VPOS="866" HPOS="472"/>
<SP HEIGHT="52" WIDTH="32" VPOS="868" HPOS="716"/>
<String CONTENT="James" HEIGHT="52" WIDTH="200" VPOS="868" HPOS="749"/>
<SP HEIGHT="52" WIDTH="31" VPOS="868" HPOS="950"/>
<String CONTENT="Wheeler]" HEIGHT="66" WIDTH="287" VPOS="866" HPOS="982"/>
<SP HEIGHT="57" WIDTH="39" VPOS="875" HPOS="1270"/>
<String CONTENT="1882-" HEIGHT="48" WIDTH="171" VPOS="872" HPOS="1310"/>
</TextLine>
<TextLine HEIGHT="73" WIDTH="1872" VPOS="940" HPOS="220" STYLEREFS="StyleId-6EB2D0FC-4A49-4D49-85A1-3D7FBCDB2BD0-" CS="1">
<String CONTENT="He" HEIGHT="52" WIDTH="92" VPOS="943" HPOS="220"/>
<SP HEIGHT="53" WIDTH="47" VPOS="943" HPOS="313"/>
<String CONTENT="laughed" HEIGHT="67" WIDTH="246" VPOS="943" HPOS="361"/>
<SP HEIGHT="51" WIDTH="50" VPOS="944" HPOS="608"/>
<String CONTENT="at" HEIGHT="45" WIDTH="60" VPOS="950" HPOS="659"/>
<SP HEIGHT="45" WIDTH="45" VPOS="950" HPOS="720"/>
<String CONTENT="murder," HEIGHT="67" WIDTH="246" VPOS="944" HPOS="766"/>
<SP HEIGHT="68" WIDTH="48" VPOS="943" HPOS="1013"/>
<String CONTENT="by" HEIGHT="68" WIDTH="72" VPOS="943" HPOS="1062"/>
<SP HEIGHT="70" WIDTH="45" VPOS="942" HPOS="1135"/>
<String CONTENT="Richard" HEIGHT="54" WIDTH="255" VPOS="942" HPOS="1181"/>
<SP HEIGHT="54" WIDTH="48" VPOS="942" HPOS="1437"/>
<String CONTENT="Keverne" HEIGHT="54" WIDTH="262" VPOS="942" HPOS="1486"/>
<SP HEIGHT="45" WIDTH="52" VPOS="963" HPOS="1749"/>
<String CS="1" CONTENT="[pseud.]" HEIGHT="65" WIDTH="193" VPOS="946" HPOS="1820"/>
<SP HEIGHT="32" WIDTH="58" VPOS="979" HPOS="2034"/>
<String CS="1" CONTENT="&#8230;"/>
</TextLine>
<TextLine HEIGHT="71" WIDTH="1137" VPOS="1019" HPOS="150" STYLEREFS="StyleId-6EB2D0FC-4A49-4D49-85A1-3D7FBCDB2BD0-" CS="1">
<String CONTENT="London," HEIGHT="66" WIDTH="255" VPOS="1022" HPOS="150"/>
<SP HEIGHT="68" WIDTH="31" VPOS="1020" HPOS="406"/>
<String CONTENT="Constable" HEIGHT="54" WIDTH="305" VPOS="1020" HPOS="438"/>
<SP HEIGHT="50" WIDTH="29" VPOS="1024" HPOS="744"/>
<String CONTENT="&amp;" HEIGHT="49" WIDTH="43" VPOS="1024" HPOS="774"/>
<SP HEIGHT="50" WIDTH="29" VPOS="1024" HPOS="818"/>
<String CONTENT="co.," HEIGHT="49" WIDTH="98" VPOS="1040" HPOS="848"/>
<SP HEIGHT="66" WIDTH="28" VPOS="1023" HPOS="947"/>
<String CONTENT="ltd." HEIGHT="52" WIDTH="102" VPOS="1022" HPOS="976"/>
<SP HEIGHT="32" WIDTH="37" VPOS="1056" HPOS="1079"/>
<String CS="1" CONTENT="[1934]" HEIGHT="64" WIDTH="149" VPOS="1024" HPOS="1138"/>
</TextLine>
<TextLine HEIGHT="48" WIDTH="528" VPOS="1095" HPOS="222" CS="1">
<String CONTENT="2" HEIGHT="37" WIDTH="24" VPOS="1096" HPOS="222"/>
<SP HEIGHT="46" WIDTH="30" VPOS="1096" HPOS="247"/>
<String CONTENT="p." HEIGHT="36" WIDTH="39" VPOS="1106" HPOS="278"/>
<SP/>
<String CS="1" CONTENT="l.," HEIGHT="11" WIDTH="8" VPOS="1129" HPOS="381"/>
<SP HEIGHT="44" WIDTH="27" VPOS="1096" HPOS="390"/>
<String CONTENT="314" HEIGHT="38" WIDTH="83" VPOS="1096" HPOS="418"/>
<SP HEIGHT="44" WIDTH="30" VPOS="1098" HPOS="502"/>
<String CONTENT="p." HEIGHT="36" WIDTH="41" VPOS="1106" HPOS="533"/>
<SP HEIGHT="38" WIDTH="62" VPOS="1097" HPOS="575"/>
<String CONTENT="19" HEIGHT="40" WIDTH="51" VPOS="1096" HPOS="638"/>
<String STYLE="superscript" CONTENT="cm" HEIGHT="20" WIDTH="42" VPOS="1098" HPOS="693"/>
<String CONTENT="." HEIGHT="7" WIDTH="7" VPOS="1128" HPOS="743"/>
</TextLine>
<TextLine HEIGHT="54" WIDTH="1996" VPOS="1148" HPOS="158">
<String CONTENT="&#169;" HEIGHT="51" WIDTH="51" VPOS="1148" HPOS="158"/>
<SP HEIGHT="51" WIDTH="30" VPOS="1148" HPOS="210"/>
<String CONTENT="1c." HEIGHT="37" WIDTH="63" VPOS="1153" HPOS="241"/>
<SP HEIGHT="38" WIDTH="32" VPOS="1152" HPOS="305"/>
<String CONTENT="Nov." HEIGHT="41" WIDTH="118" VPOS="1153" HPOS="338"/>
<SP HEIGHT="41" WIDTH="30" VPOS="1153" HPOS="457"/>
<String CONTENT="17," HEIGHT="40" WIDTH="66" VPOS="1153" HPOS="488"/>
<SP HEIGHT="40" WIDTH="32" VPOS="1153" HPOS="555"/>
<String CONTENT="1934;" HEIGHT="44" WIDTH="140" VPOS="1151" HPOS="588"/>
<SP HEIGHT="41" WIDTH="33" VPOS="1154" HPOS="729"/>
<!-- cceid C7F2975B-6C64-1014-8713-889FF4349C01 --><String CONTENT="A" HEIGHT="37" WIDTH="41" VPOS="1154" HPOS="763"/>
<SP HEIGHT="37" WIDTH="30" VPOS="1154" HPOS="805"/>
<String CONTENT="ad" HEIGHT="37" WIDTH="59" VPOS="1154" HPOS="836"/>
<SP HEIGHT="38" WIDTH="31" VPOS="1153" HPOS="896"/>
<String CONTENT="int." HEIGHT="39" WIDTH="85" VPOS="1153" HPOS="928"/>
<SP HEIGHT="38" WIDTH="32" VPOS="1153" HPOS="1014"/>
<String CONTENT="19604;" HEIGHT="43" WIDTH="169" VPOS="1150" HPOS="1047"/>
<SP HEIGHT="37" WIDTH="33" VPOS="1162" HPOS="1217"/>
<String CONTENT="pubd." HEIGHT="47" WIDTH="141" VPOS="1152" HPOS="1251"/>
<SP HEIGHT="40" WIDTH="34" VPOS="1152" HPOS="1393"/>
<String CONTENT="Sept." HEIGHT="47" WIDTH="127" VPOS="1152" HPOS="1428"/>
<SP HEIGHT="41" WIDTH="30" VPOS="1151" HPOS="1556"/>
<String CONTENT="20;" HEIGHT="41" WIDTH="82" VPOS="1151" HPOS="1587"/>
<SP HEIGHT="41" WIDTH="35" VPOS="1151" HPOS="1670"/>
<String CONTENT="Clifford" HEIGHT="41" WIDTH="203" VPOS="1151" HPOS="1706"/>
<SP HEIGHT="39" WIDTH="30" VPOS="1152" HPOS="1910"/>
<String CONTENT="Hosken," HEIGHT="48" WIDTH="213" VPOS="1152" HPOS="1941"/>
</TextLine>
<TextLine HEIGHT="50" WIDTH="1510" VPOS="1206" HPOS="226" CS="1">
<String CONTENT="Orford," HEIGHT="41" WIDTH="193" VPOS="1209" HPOS="226"/>
<SP HEIGHT="29" WIDTH="28" VPOS="1221" HPOS="420"/>
<String CONTENT="nr." HEIGHT="28" WIDTH="70" VPOS="1221" HPOS="449"/>
<SP HEIGHT="37" WIDTH="30" VPOS="1211" HPOS="520"/>
<String CONTENT="Woodbridge," HEIGHT="45" WIDTH="332" VPOS="1210" HPOS="551"/>
<SP HEIGHT="40" WIDTH="31" VPOS="1210" HPOS="884"/>
<String CONTENT="Suffolk," HEIGHT="42" WIDTH="201" VPOS="1208" HPOS="916"/>
<SP HEIGHT="41" WIDTH="29" VPOS="1209" HPOS="1118"/>
<String CONTENT="England." HEIGHT="46" WIDTH="234" VPOS="1208" HPOS="1148"/>
<SP HEIGHT="48" WIDTH="71" VPOS="1208" HPOS="1383"/>
<String CS="1" CONTENT="(34-39060)" HEIGHT="48" WIDTH="281" VPOS="1208" HPOS="1455"/>
</TextLine>
<TextLine HEIGHT="66" WIDTH="637" VPOS="1311" HPOS="151" STYLEREFS="StyleId-3BCD4D80-ED90-4609-ABA5-887D87CFDCC6-">
<String CONTENT="Ingram," HEIGHT="66" WIDTH="260" VPOS="1311" HPOS="151"/>
<SP HEIGHT="64" WIDTH="28" VPOS="1313" HPOS="412"/>
<String CONTENT="Rex," HEIGHT="64" WIDTH="144" VPOS="1313" HPOS="441"/>
<SP HEIGHT="58" WIDTH="31" VPOS="1319" HPOS="586"/>
<String CONTENT="1892-" HEIGHT="49" WIDTH="170" VPOS="1317" HPOS="618"/>
</TextLine>
<TextLine HEIGHT="74" WIDTH="1926" VPOS="1385" HPOS="225" STYLEREFS="StyleId-6EB2D0FC-4A49-4D49-85A1-3D7FBCDB2BD0-">
<String CONTENT="The" HEIGHT="53" WIDTH="119" VPOS="1389" HPOS="225"/>
<SP HEIGHT="54" WIDTH="40" VPOS="1388" HPOS="345"/>
<String CONTENT="Legion" HEIGHT="67" WIDTH="213" VPOS="1388" HPOS="386"/>
<SP HEIGHT="33" WIDTH="41" VPOS="1407" HPOS="600"/>
<String CONTENT="advances," HEIGHT="68" WIDTH="294" VPOS="1389" HPOS="642"/>
<SP HEIGHT="68" WIDTH="40" VPOS="1389" HPOS="937"/>
<String CONTENT="by" HEIGHT="66" WIDTH="68" VPOS="1389" HPOS="978"/>
<SP HEIGHT="67" WIDTH="43" VPOS="1388" HPOS="1047"/>
<String CONTENT="Rex" HEIGHT="52" WIDTH="118" VPOS="1388" HPOS="1091"/>
<SP HEIGHT="52" WIDTH="40" VPOS="1388" HPOS="1210"/>
<String CONTENT="Ingram;" HEIGHT="67" WIDTH="264" VPOS="1388" HPOS="1251"/>
<SP HEIGHT="48" WIDTH="42" VPOS="1406" HPOS="1516"/>
<String CONTENT="with" HEIGHT="53" WIDTH="142" VPOS="1387" HPOS="1559"/>
<SP HEIGHT="50" WIDTH="39" VPOS="1388" HPOS="1702"/>
<String CONTENT="a" HEIGHT="33" WIDTH="29" VPOS="1405" HPOS="1742"/>
<SP HEIGHT="50" WIDTH="38" VPOS="1405" HPOS="1772"/>
<String CONTENT="preface" HEIGHT="69" WIDTH="229" VPOS="1387" HPOS="1811"/>
<SP HEIGHT="50" WIDTH="36" VPOS="1390" HPOS="2041"/>
<String CONTENT="by" HEIGHT="66" WIDTH="73" VPOS="1390" HPOS="2078"/>
</TextLine>
<TextLine HEIGHT="74" WIDTH="1996" VPOS="1462" HPOS="157" STYLEREFS="StyleId-6EB2D0FC-4A49-4D49-85A1-3D7FBCDB2BD0-">
<String CONTENT="Robert" HEIGHT="55" WIDTH="206" VPOS="1465" HPOS="157"/>
<SP HEIGHT="54" WIDTH="41" VPOS="1466" HPOS="364"/>
<String CONTENT="Hichens." HEIGHT="54" WIDTH="269" VPOS="1466" HPOS="406"/>
<SP HEIGHT="32" WIDTH="85" VPOS="1502" HPOS="676"/>
<String CONTENT="[London]" HEIGHT="69" WIDTH="273" VPOS="1465" HPOS="762"/>
<SP HEIGHT="67" WIDTH="49" VPOS="1466" HPOS="1036"/>
<String CONTENT="I." HEIGHT="50" WIDTH="43" VPOS="1466" HPOS="1086"/>
<SP HEIGHT="52" WIDTH="46" VPOS="1465" HPOS="1130"/>
<String CONTENT="Nicholson" HEIGHT="54" WIDTH="308" VPOS="1465" HPOS="1177"/>
<SP HEIGHT="50" WIDTH="42" VPOS="1467" HPOS="1486"/>
<String CONTENT="&amp;" HEIGHT="49" WIDTH="46" VPOS="1467" HPOS="1529"/>
<SP HEIGHT="52" WIDTH="39" VPOS="1465" HPOS="1576"/>
<String CONTENT="Watson," HEIGHT="66" WIDTH="254" VPOS="1465" HPOS="1616"/>
<SP HEIGHT="66" WIDTH="41" VPOS="1465" HPOS="1871"/>
<String CONTENT="limited," HEIGHT="71" WIDTH="240" VPOS="1464" HPOS="1913"/>
</TextLine>
<TextLine HEIGHT="48" WIDTH="147" VPOS="1547" HPOS="155" STYLEREFS="StyleId-6EB2D0FC-4A49-4D49-85A1-3D7FBCDB2BD0-">
<String CONTENT="1934." HEIGHT="48" WIDTH="147" VPOS="1547" HPOS="155"/>
</TextLine>
<TextLine HEIGHT="52" WIDTH="1212" VPOS="1613" HPOS="221" CS="1">
<String CONTENT="3" HEIGHT="40" WIDTH="26" VPOS="1614" HPOS="221"/>
<SP HEIGHT="48" WIDTH="25" VPOS="1614" HPOS="248"/>
<String LANG="la" CONTENT="p." HEIGHT="37" WIDTH="41" VPOS="1625" HPOS="274"/>
<SP/>
<String LANG="la" CS="1" CONTENT="l."/>
<String CONTENT="," HEIGHT="14" WIDTH="7" VPOS="1647" HPOS="380"/>
<SP HEIGHT="46" WIDTH="27" VPOS="1615" HPOS="388"/>
<String CONTENT="ix-xvi," HEIGHT="47" WIDTH="178" VPOS="1615" HPOS="416"/>
<SP HEIGHT="48" WIDTH="27" VPOS="1614" HPOS="595"/>
<String CONTENT="261," HEIGHT="48" WIDTH="97" VPOS="1614" HPOS="623"/>
<SP HEIGHT="29" WIDTH="30" VPOS="1635" HPOS="721"/>
<String CONTENT="[1]" HEIGHT="47" WIDTH="54" VPOS="1617" HPOS="752"/>
<SP HEIGHT="38" WIDTH="29" VPOS="1626" HPOS="807"/>
<String CONTENT="p." HEIGHT="37" WIDTH="40" VPOS="1626" HPOS="837"/>
<SP HEIGHT="39" WIDTH="59" VPOS="1616" HPOS="878"/>
<String CONTENT="illus." HEIGHT="39" WIDTH="125" VPOS="1616" HPOS="938"/>
<SP HEIGHT="46" WIDTH="29" VPOS="1614" HPOS="1064"/>
<String CONTENT="(map)" HEIGHT="49" WIDTH="157" VPOS="1614" HPOS="1094"/>
<SP HEIGHT="46" WIDTH="65" VPOS="1617" HPOS="1252"/>
<String CONTENT="19" HEIGHT="40" WIDTH="55" VPOS="1615" HPOS="1318"/>
<String STYLE="superscript" CONTENT="cm" HEIGHT="20" WIDTH="44" VPOS="1618" HPOS="1375"/>
<String CONTENT="." HEIGHT="7" WIDTH="7" VPOS="1649" HPOS="1426"/>
</TextLine>
<TextLine HEIGHT="41" WIDTH="416" VPOS="1671" HPOS="222">
<String CONTENT="&#8220;First" HEIGHT="39" WIDTH="160" VPOS="1673" HPOS="222"/>
<SP HEIGHT="34" WIDTH="27" VPOS="1678" HPOS="383"/>
<String CONTENT="edition.&#8221;" HEIGHT="39" WIDTH="227" VPOS="1672" HPOS="411"/>
</TextLine>
<TextLine HEIGHT="54" WIDTH="1995" VPOS="1729" HPOS="156" CS="1">
<String CONTENT="&#169;" HEIGHT="51" WIDTH="50" VPOS="1729" HPOS="156"/>
<SP HEIGHT="51" WIDTH="36" VPOS="1729" HPOS="207"/>
<String CONTENT="1c." HEIGHT="39" WIDTH="64" VPOS="1733" HPOS="244"/>
<SP HEIGHT="40" WIDTH="34" VPOS="1732" HPOS="309"/>
<String CONTENT="Nov." HEIGHT="39" WIDTH="115" VPOS="1733" HPOS="344"/>
<SP HEIGHT="39" WIDTH="35" VPOS="1732" HPOS="460"/>
<String CONTENT="3," HEIGHT="41" WIDTH="38" VPOS="1732" HPOS="496"/>
<SP HEIGHT="40" WIDTH="35" VPOS="1733" HPOS="535"/>
<String CONTENT="1934" HEIGHT="38" WIDTH="113" VPOS="1732" HPOS="571"/>
<SP HEIGHT="39" WIDTH="17" VPOS="1733" HPOS="685"/>
<String CONTENT=";" HEIGHT="29" WIDTH="7" VPOS="1743" HPOS="703"/>
<SP HEIGHT="39" WIDTH="36" VPOS="1733" HPOS="711"/>
<!-- cceid C7F2BAD8-6C64-1014-8713-889FF4349C01 --><String CONTENT="A" HEIGHT="37" WIDTH="39" VPOS="1733" HPOS="748"/>
<SP HEIGHT="38" WIDTH="34" VPOS="1733" HPOS="788"/>
<String CONTENT="ad" HEIGHT="38" WIDTH="57" VPOS="1733" HPOS="823"/>
<SP HEIGHT="38" WIDTH="35" VPOS="1732" HPOS="881"/>
<String CONTENT="int." HEIGHT="40" WIDTH="84" VPOS="1732" HPOS="917"/>
<SP HEIGHT="39" WIDTH="35" VPOS="1733" HPOS="1002"/>
<String CONTENT="19553" HEIGHT="42" WIDTH="141" VPOS="1730" HPOS="1038"/>
<SP HEIGHT="41" WIDTH="18" VPOS="1732" HPOS="1180"/>
<String CONTENT=";" HEIGHT="30" WIDTH="7" VPOS="1743" HPOS="1199"/>
<SP HEIGHT="37" WIDTH="38" VPOS="1742" HPOS="1207"/>
<String CONTENT="pubd." HEIGHT="46" WIDTH="141" VPOS="1733" HPOS="1246"/>
<SP HEIGHT="40" WIDTH="36" VPOS="1732" HPOS="1388"/>
<String CONTENT="Sept." HEIGHT="48" WIDTH="127" VPOS="1732" HPOS="1425"/>
<SP HEIGHT="40" WIDTH="34" VPOS="1734" HPOS="1553"/>
<String CONTENT="7;" HEIGHT="46" WIDTH="52" VPOS="1734" HPOS="1588"/>
<SP HEIGHT="47" WIDTH="39" VPOS="1733" HPOS="1641"/>
<String CS="1" CONTENT="R." HEIGHT="7" WIDTH="7" VPOS="1765" HPOS="1729"/>
<SP HEIGHT="39" WIDTH="36" VPOS="1733" HPOS="1737"/>
<String CONTENT="Ingram," HEIGHT="48" WIDTH="212" VPOS="1733" HPOS="1774"/>
<SP HEIGHT="48" WIDTH="34" VPOS="1733" HPOS="1987"/>
<String CONTENT="Nice," HEIGHT="46" WIDTH="129" VPOS="1734" HPOS="2022"/>
</TextLine>
<TextLine HEIGHT="51" WIDTH="736" VPOS="1786" HPOS="223">
<String CONTENT="A." HEIGHT="37" WIDTH="51" VPOS="1791" HPOS="223"/>
<SP HEIGHT="38" WIDTH="28" VPOS="1790" HPOS="275"/>
<String CONTENT="M.," HEIGHT="47" WIDTH="75" VPOS="1790" HPOS="304"/>
<SP HEIGHT="47" WIDTH="27" VPOS="1790" HPOS="380"/>
<String CONTENT="France." HEIGHT="38" WIDTH="197" VPOS="1790" HPOS="408"/>
<SP HEIGHT="48" WIDTH="72" VPOS="1789" HPOS="606"/>
<String CONTENT="(34-39244)" HEIGHT="50" WIDTH="280" VPOS="1787" HPOS="679"/>
</TextLine>
<TextLine HEIGHT="56" WIDTH="1334" VPOS="1892" HPOS="152" STYLEREFS="StyleId-3BCD4D80-ED90-4609-ABA5-887D87CFDCC6-">
<String CONTENT="International" HEIGHT="53" WIDTH="429" VPOS="1894" HPOS="152"/>
<SP HEIGHT="50" WIDTH="29" VPOS="1895" HPOS="582"/>
<String CONTENT="Bible" HEIGHT="54" WIDTH="163" VPOS="1893" HPOS="612"/>
<SP HEIGHT="36" WIDTH="28" VPOS="1911" HPOS="776"/>
<String CONTENT="students" HEIGHT="50" WIDTH="276" VPOS="1896" HPOS="805"/>
<SP HEIGHT="35" WIDTH="28" VPOS="1911" HPOS="1082"/>
<String CONTENT="association." HEIGHT="55" WIDTH="375" VPOS="1893" HPOS="1111"/>
</TextLine>
<TextLine HEIGHT="72" WIDTH="1751" VPOS="1969" HPOS="282" STYLEREFS="StyleId-6EB2D0FC-4A49-4D49-85A1-3D7FBCDB2BD0-" CS="1">
<String CS="1" CONTENT="&#8230;"/>
<SP HEIGHT="50" WIDTH="47" VPOS="1973" HPOS="282"/>
<String CONTENT="Year" HEIGHT="51" WIDTH="150" VPOS="1973" HPOS="330"/>
<SP HEIGHT="50" WIDTH="34" VPOS="1973" HPOS="481"/>
<String CONTENT="book" HEIGHT="50" WIDTH="146" VPOS="1972" HPOS="516"/>
<SP HEIGHT="66" WIDTH="38" VPOS="1972" HPOS="663"/>
<String CONTENT="[1935]" HEIGHT="63" WIDTH="170" VPOS="1975" HPOS="702"/>
<SP HEIGHT="47" WIDTH="42" VPOS="1990" HPOS="873"/>
<String CONTENT="of" HEIGHT="51" WIDTH="61" VPOS="1972" HPOS="916"/>
<SP HEIGHT="55" WIDTH="35" VPOS="1972" HPOS="978"/>
<String CONTENT="Jehovah&#8217;s" HEIGHT="58" WIDTH="308" VPOS="1970" HPOS="1014"/>
<SP HEIGHT="35" WIDTH="35" VPOS="1990" HPOS="1323"/>
<String CONTENT="witnesses," HEIGHT="68" WIDTH="303" VPOS="1971" HPOS="1359"/>
<SP HEIGHT="47" WIDTH="35" VPOS="1992" HPOS="1663"/>
<String CONTENT="containing" HEIGHT="68" WIDTH="334" VPOS="1973" HPOS="1699"/>
</TextLine>
<TextLine HEIGHT="131" WIDTH="1998" VPOS="1989" HPOS="153" STYLEREFS="StyleId-6EB2D0FC-4A49-4D49-85A1-3D7FBCDB2BD0-" CS="1">
<String CONTENT="report" HEIGHT="131" WIDTH="1974" VPOS="1989" HPOS="153"/>
<SP HEIGHT="46" WIDTH="27" VPOS="2056" HPOS="284"/>
<String CONTENT="of" HEIGHT="51" WIDTH="63" VPOS="2051" HPOS="311"/>
<SP HEIGHT="50" WIDTH="27" VPOS="2052" HPOS="374"/>
<String CONTENT="the" HEIGHT="51" WIDTH="96" VPOS="2051" HPOS="401"/>
<SP HEIGHT="48" WIDTH="27" VPOS="2068" HPOS="497"/>
<String CONTENT="year" HEIGHT="48" WIDTH="136" VPOS="2068" HPOS="524"/>
<SP HEIGHT="46" WIDTH="31" VPOS="2054" HPOS="660"/>
<String CONTENT="1934," HEIGHT="63" WIDTH="150" VPOS="2053" HPOS="691"/>
<SP HEIGHT="46" WIDTH="29" VPOS="2070" HPOS="841"/>
<String CONTENT="with" HEIGHT="50" WIDTH="137" VPOS="2051" HPOS="870"/>
<SP HEIGHT="50" WIDTH="30" VPOS="2051" HPOS="1007"/>
<String CONTENT="daily" HEIGHT="68" WIDTH="156" VPOS="2049" HPOS="1037"/>
<SP HEIGHT="61" WIDTH="28" VPOS="2056" HPOS="1193"/>
<String CONTENT="texts" HEIGHT="48" WIDTH="149" VPOS="2056" HPOS="1221"/>
<SP HEIGHT="35" WIDTH="29" VPOS="2069" HPOS="1370"/>
<String CONTENT="and" HEIGHT="51" WIDTH="112" VPOS="2051" HPOS="1399"/>
<SP HEIGHT="51" WIDTH="30" VPOS="2051" HPOS="1511"/>
<String CONTENT="comments" HEIGHT="46" WIDTH="308" VPOS="2056" HPOS="1541"/>
<SP HEIGHT="52" WIDTH="28" VPOS="2050" HPOS="1849"/>
<String CONTENT="for" HEIGHT="52" WIDTH="94" VPOS="2050" HPOS="1877"/>
<SP HEIGHT="46" WIDTH="29" VPOS="2056" HPOS="1971"/>
<String CONTENT="1935." HEIGHT="50" WIDTH="151" VPOS="2053" HPOS="2000"/>
</TextLine>
<TextLine HEIGHT="71" WIDTH="1996" VPOS="2127" HPOS="154" STYLEREFS="StyleId-6EB2D0FC-4A49-4D49-85A1-3D7FBCDB2BD0-">
<String CONTENT="Brooklyn," HEIGHT="69" WIDTH="310" VPOS="2127" HPOS="154"/>
<SP HEIGHT="57" WIDTH="35" VPOS="2129" HPOS="465"/>
<String CONTENT="N." HEIGHT="51" WIDTH="67" VPOS="2129" HPOS="501"/>
<SP HEIGHT="50" WIDTH="40" VPOS="2131" HPOS="569"/>
<String CONTENT="Y.," HEIGHT="51" WIDTH="87" VPOS="2131" HPOS="610"/>
<SP HEIGHT="51" WIDTH="33" VPOS="2131" HPOS="698"/>
<String CONTENT="Watch" HEIGHT="53" WIDTH="206" VPOS="2129" HPOS="732"/>
<SP HEIGHT="51" WIDTH="31" VPOS="2129" HPOS="939"/>
<String CONTENT="tower" HEIGHT="46" WIDTH="178" VPOS="2134" HPOS="971"/>
<SP HEIGHT="49" WIDTH="38" VPOS="2132" HPOS="1150"/>
<String CONTENT="Bible" HEIGHT="52" WIDTH="159" VPOS="2129" HPOS="1189"/>
<SP HEIGHT="49" WIDTH="33" VPOS="2133" HPOS="1349"/>
<String CONTENT="&amp;" HEIGHT="49" WIDTH="46" VPOS="2133" HPOS="1383"/>
<SP HEIGHT="49" WIDTH="32" VPOS="2133" HPOS="1430"/>
<String CONTENT="tract" HEIGHT="46" WIDTH="147" VPOS="2136" HPOS="1463"/>
<SP HEIGHT="45" WIDTH="34" VPOS="2137" HPOS="1611"/>
<String CONTENT="society," HEIGHT="65" WIDTH="228" VPOS="2130" HPOS="1646"/>
<SP HEIGHT="65" WIDTH="34" VPOS="2130" HPOS="1875"/>
<String CONTENT="Peoples" HEIGHT="68" WIDTH="240" VPOS="2129" HPOS="1910"/>
</TextLine>
<TextLine HEIGHT="74" WIDTH="2000" VPOS="2203" HPOS="150" STYLEREFS="StyleId-6EB2D0FC-4A49-4D49-85A1-3D7FBCDB2BD0-">
<String CONTENT="pulpit" HEIGHT="68" WIDTH="191" VPOS="2207" HPOS="150"/>
<SP HEIGHT="46" WIDTH="50" VPOS="2214" HPOS="342"/>
<String CONTENT="association." HEIGHT="55" WIDTH="356" VPOS="2207" HPOS="393"/>
<SP HEIGHT="54" WIDTH="49" VPOS="2208" HPOS="750"/>
<String CONTENT="International" HEIGHT="56" WIDTH="419" VPOS="2204" HPOS="800"/>
<SP HEIGHT="51" WIDTH="50" VPOS="2209" HPOS="1220"/>
<String CONTENT="Bible" HEIGHT="53" WIDTH="166" VPOS="2206" HPOS="1271"/>
<SP HEIGHT="33" WIDTH="45" VPOS="2226" HPOS="1438"/>
<String CONTENT="students" HEIGHT="52" WIDTH="260" VPOS="2207" HPOS="1484"/>
<SP HEIGHT="34" WIDTH="49" VPOS="2225" HPOS="1745"/>
<String CONTENT="association," HEIGHT="68" WIDTH="355" VPOS="2207" HPOS="1795"/>
</TextLine>
<TextLine HEIGHT="48" WIDTH="170" VPOS="2288" HPOS="151" STYLEREFS="StyleId-6EB2D0FC-4A49-4D49-85A1-3D7FBCDB2BD0-">
<String STYLE="superscript" CONTENT="c" HEIGHT="19" WIDTH="16" VPOS="2293" HPOS="151"/>
<String CONTENT="1934." HEIGHT="48" WIDTH="147" VPOS="2288" HPOS="174"/>
</TextLine>
<TextLine HEIGHT="51" WIDTH="738" VPOS="2356" HPOS="221">
<String CONTENT="1" HEIGHT="36" WIDTH="15" VPOS="2360" HPOS="221"/>
<SP HEIGHT="46" WIDTH="34" VPOS="2360" HPOS="237"/>
<String LANG="la" CONTENT="p." HEIGHT="36" WIDTH="41" VPOS="2370" HPOS="272"/>
<SP HEIGHT="38" WIDTH="30" VPOS="2361" HPOS="314"/>
<String CONTENT="I.." HEIGHT="37" WIDTH="40" VPOS="2362" HPOS="345"/>
<SP HEIGHT="39" WIDTH="27" VPOS="2359" HPOS="386"/>
<String CONTENT="5-166." HEIGHT="41" WIDTH="155" VPOS="2358" HPOS="414"/>
<SP HEIGHT="28" WIDTH="33" VPOS="2379" HPOS="570"/>
<String CONTENT=",185]" HEIGHT="49" WIDTH="112" VPOS="2358" HPOS="604"/>
<SP HEIGHT="37" WIDTH="30" VPOS="2369" HPOS="717"/>
<String CONTENT="p." HEIGHT="36" WIDTH="40" VPOS="2369" HPOS="748"/>
<SP HEIGHT="37" WIDTH="56" VPOS="2359" HPOS="789"/>
<String CONTENT="19" HEIGHT="40" WIDTH="58" VPOS="2357" HPOS="846"/>
<String STYLE="superscript" CONTENT="cm" HEIGHT="21" WIDTH="44" VPOS="2359" HPOS="904"/>
<String CONTENT="." HEIGHT="7" WIDTH="7" VPOS="2388" HPOS="952"/>
</TextLine>
<TextLine HEIGHT="54" WIDTH="2001" VPOS="2412" HPOS="153">
<String CONTENT="&#169;" HEIGHT="51" WIDTH="50" VPOS="2412" HPOS="153"/>
<SP HEIGHT="51" WIDTH="32" VPOS="2412" HPOS="204"/>
<String CONTENT="Dec." HEIGHT="40" WIDTH="111" VPOS="2416" HPOS="237"/>
<SP HEIGHT="39" WIDTH="33" VPOS="2417" HPOS="349"/>
<String CONTENT="7," HEIGHT="40" WIDTH="36" VPOS="2417" HPOS="383"/>
<SP HEIGHT="41" WIDTH="34" VPOS="2416" HPOS="420"/>
<String CONTENT="1934:" HEIGHT="41" WIDTH="139" VPOS="2415" HPOS="455"/>
<SP HEIGHT="40" WIDTH="35" VPOS="2416" HPOS="595"/>
<String CONTENT="2c." HEIGHT="37" WIDTH="63" VPOS="2416" HPOS="631"/>
<SP HEIGHT="37" WIDTH="34" VPOS="2416" HPOS="695"/>
<String CONTENT="Dec." HEIGHT="39" WIDTH="111" VPOS="2416" HPOS="730"/>
<SP HEIGHT="38" WIDTH="34" VPOS="2417" HPOS="842"/>
<String CONTENT="10;" HEIGHT="43" WIDTH="79" VPOS="2415" HPOS="877"/>
<SP HEIGHT="33" WIDTH="35" VPOS="2425" HPOS="957"/>
<String CONTENT="aff." HEIGHT="38" WIDTH="79" VPOS="2415" HPOS="993"/>
<SP HEIGHT="38" WIDTH="34" VPOS="2415" HPOS="1073"/>
<String CONTENT="Dec." HEIGHT="42" WIDTH="110" VPOS="2415" HPOS="1108"/>
<SP HEIGHT="41" WIDTH="33" VPOS="2416" HPOS="1219"/>
<String CONTENT="8:" HEIGHT="39" WIDTH="50" VPOS="2416" HPOS="1253"/>
<SP HEIGHT="40" WIDTH="34" VPOS="2415" HPOS="1304"/>
<!-- cceid C7F2E10E-6C64-1014-8713-889FF4349C01 --><String CONTENT="A" HEIGHT="37" WIDTH="39" VPOS="2415" HPOS="1339"/>
<SP HEIGHT="39" WIDTH="33" VPOS="2415" HPOS="1379"/>
<String CONTENT="78472;" HEIGHT="46" WIDTH="169" VPOS="2415" HPOS="1413"/>
<SP HEIGHT="46" WIDTH="34" VPOS="2415" HPOS="1583"/>
<String CONTENT="Watch" HEIGHT="39" WIDTH="175" VPOS="2415" HPOS="1618"/>
<SP HEIGHT="38" WIDTH="31" VPOS="2416" HPOS="1794"/>
<String CONTENT="tower" HEIGHT="37" WIDTH="155" VPOS="2417" HPOS="1826"/>
<SP HEIGHT="38" WIDTH="29" VPOS="2416" HPOS="1982"/>
<String CONTENT="Bible" HEIGHT="41" WIDTH="142" VPOS="2414" HPOS="2012"/>
</TextLine>
<TextLine HEIGHT="41" WIDTH="368" VPOS="2472" HPOS="220">
<String CONTENT="and" HEIGHT="40" WIDTH="94" VPOS="2472" HPOS="220"/>
<SP HEIGHT="41" WIDTH="27" VPOS="2472" HPOS="315"/>
<String CONTENT="tract" HEIGHT="38" WIDTH="127" VPOS="2475" HPOS="343"/>
<SP HEIGHT="37" WIDTH="26" VPOS="2475" HPOS="471"/>
<String CONTENT="soc." HEIGHT="29" WIDTH="90" VPOS="2484" HPOS="498"/>
</TextLine>
<TextLine HEIGHT="65" WIDTH="602" VPOS="2576" HPOS="149" STYLEREFS="StyleId-3BCD4D80-ED90-4609-ABA5-887D87CFDCC6-">
<String CONTENT="Keller," HEIGHT="65" WIDTH="211" VPOS="2576" HPOS="149"/>
<SP HEIGHT="63" WIDTH="29" VPOS="2578" HPOS="361"/>
<String CONTENT="Helen" HEIGHT="51" WIDTH="185" VPOS="2578" HPOS="391"/>
<SP HEIGHT="50" WIDTH="29" VPOS="2578" HPOS="577"/>
<String CONTENT="Rex." HEIGHT="52" WIDTH="144" VPOS="2578" HPOS="607"/>
</TextLine>
<TextLine HEIGHT="73" WIDTH="1933" VPOS="2649" HPOS="217" STYLEREFS="StyleId-6EB2D0FC-4A49-4D49-85A1-3D7FBCDB2BD0-" CS="1">
<String CONTENT="The" HEIGHT="53" WIDTH="120" VPOS="2653" HPOS="217"/>
<SP HEIGHT="52" WIDTH="25" VPOS="2654" HPOS="338"/>
<String CONTENT="dictionary" HEIGHT="65" WIDTH="323" VPOS="2654" HPOS="364"/>
<SP HEIGHT="48" WIDTH="24" VPOS="2671" HPOS="688"/>
<String CONTENT="of" HEIGHT="52" WIDTH="62" VPOS="2653" HPOS="713"/>
<SP HEIGHT="52" WIDTH="23" VPOS="2653" HPOS="776"/>
<String CONTENT="dates," HEIGHT="67" WIDTH="175" VPOS="2653" HPOS="800"/>
<SP HEIGHT="67" WIDTH="24" VPOS="2653" HPOS="976"/>
<String CONTENT="by" HEIGHT="67" WIDTH="73" VPOS="2653" HPOS="1001"/>
<SP HEIGHT="67" WIDTH="24" VPOS="2653" HPOS="1075"/>
<String CONTENT="Helen" HEIGHT="53" WIDTH="184" VPOS="2653" HPOS="1100"/>
<SP HEIGHT="50" WIDTH="22" VPOS="2655" HPOS="1285"/>
<String CONTENT="Rex" HEIGHT="50" WIDTH="124" VPOS="2655" HPOS="1308"/>
<SP HEIGHT="51" WIDTH="24" VPOS="2653" HPOS="1433"/>
<String CONTENT="Keller" HEIGHT="52" WIDTH="197" VPOS="2653" HPOS="1458"/>
<SP HEIGHT="32" WIDTH="28" VPOS="2673" HPOS="1656"/>
<String CS="1" CONTENT="&#8230;"/>
<SP HEIGHT="52" WIDTH="62" VPOS="2653" HPOS="1741"/>
<String CONTENT="New" HEIGHT="52" WIDTH="139" VPOS="2653" HPOS="1804"/>
<SP HEIGHT="54" WIDTH="26" VPOS="2651" HPOS="1944"/>
<String CONTENT="York," HEIGHT="67" WIDTH="179" VPOS="2651" HPOS="1971"/>
</TextLine>
<TextLine HEIGHT="67" WIDTH="985" VPOS="2730" HPOS="144" STYLEREFS="StyleId-6EB2D0FC-4A49-4D49-85A1-3D7FBCDB2BD0-">
<String CONTENT="The" HEIGHT="52" WIDTH="118" VPOS="2732" HPOS="144"/>
<SP HEIGHT="53" WIDTH="25" VPOS="2731" HPOS="263"/>
<String CONTENT="Macmillan" HEIGHT="54" WIDTH="335" VPOS="2730" HPOS="289"/>
<SP HEIGHT="35" WIDTH="28" VPOS="2749" HPOS="625"/>
<String CONTENT="company," HEIGHT="49" WIDTH="296" VPOS="2748" HPOS="654"/>
<SP HEIGHT="61" WIDTH="30" VPOS="2736" HPOS="951"/>
<String CONTENT="1934." HEIGHT="49" WIDTH="147" VPOS="2735" HPOS="982"/>
</TextLine>
<TextLine HEIGHT="42" WIDTH="299" VPOS="2805" HPOS="218" CS="1">
<String CONTENT="2" HEIGHT="39" WIDTH="25" VPOS="2805" HPOS="218"/>
<SP HEIGHT="39" WIDTH="28" VPOS="2805" HPOS="244"/>
<String CONTENT="v." HEIGHT="30" WIDTH="41" VPOS="2816" HPOS="273"/>
<SP HEIGHT="42" WIDTH="56" VPOS="2805" HPOS="315"/>
<String CS="1" CONTENT="24&#189;" HEIGHT="38" WIDTH="55" VPOS="2806" HPOS="372"/>
<String STYLE="superscript" CONTENT="cm" HEIGHT="21" WIDTH="43" VPOS="2807" HPOS="461"/>
<String CONTENT="." HEIGHT="7" WIDTH="8" VPOS="2836" HPOS="509"/>
</TextLine>
<TextLine HEIGHT="52" WIDTH="1927" VPOS="2858" HPOS="220">
<String CONTENT="&#8220;A" HEIGHT="38" WIDTH="67" VPOS="2863" HPOS="220"/>
<SP HEIGHT="38" WIDTH="38" VPOS="2863" HPOS="288"/>
<String CONTENT="record" HEIGHT="41" WIDTH="167" VPOS="2862" HPOS="327"/>
<SP HEIGHT="39" WIDTH="36" VPOS="2862" HPOS="495"/>
<String CONTENT="from" HEIGHT="39" WIDTH="127" VPOS="2862" HPOS="532"/>
<SP HEIGHT="28" WIDTH="40" VPOS="2872" HPOS="660"/>
<String CONTENT="earliest" HEIGHT="39" WIDTH="200" VPOS="2861" HPOS="701"/>
<SP HEIGHT="38" WIDTH="38" VPOS="2862" HPOS="902"/>
<String CONTENT="times" HEIGHT="39" WIDTH="140" VPOS="2861" HPOS="941"/>
<SP HEIGHT="38" WIDTH="39" VPOS="2862" HPOS="1082"/>
<String CONTENT="through" HEIGHT="48" WIDTH="208" VPOS="2860" HPOS="1122"/>
<SP HEIGHT="40" WIDTH="39" VPOS="2861" HPOS="1331"/>
<String CONTENT="the" HEIGHT="40" WIDTH="81" VPOS="2862" HPOS="1371"/>
<SP HEIGHT="37" WIDTH="40" VPOS="2872" HPOS="1453"/>
<String CONTENT="year" HEIGHT="38" WIDTH="116" VPOS="2871" HPOS="1494"/>
<SP HEIGHT="37" WIDTH="41" VPOS="2862" HPOS="1611"/>
<String CONTENT="1930" HEIGHT="40" WIDTH="112" VPOS="2860" HPOS="1653"/>
<SP HEIGHT="39" WIDTH="40" VPOS="2860" HPOS="1766"/>
<String CONTENT="arranged" HEIGHT="47" WIDTH="238" VPOS="2860" HPOS="1807"/>
<SP HEIGHT="39" WIDTH="42" VPOS="2861" HPOS="2046"/>
<String CONTENT="by" HEIGHT="48" WIDTH="58" VPOS="2861" HPOS="2089"/>
</TextLine>
<TextLine HEIGHT="47" WIDTH="1148" VPOS="2914" HPOS="146" CS="1">
<String CONTENT="countries" HEIGHT="42" WIDTH="246" VPOS="2918" HPOS="146"/>
<SP HEIGHT="29" WIDTH="33" VPOS="2930" HPOS="392"/>
<String CS="1" CONTENT="&#8230;"/>
<SP HEIGHT="28" WIDTH="32" VPOS="2930" HPOS="470"/>
<String CONTENT="an" HEIGHT="28" WIDTH="62" VPOS="2929" HPOS="502"/>
<SP HEIGHT="28" WIDTH="31" VPOS="2929" HPOS="564"/>
<String CONTENT="outline" HEIGHT="39" WIDTH="184" VPOS="2918" HPOS="595"/>
<SP HEIGHT="29" WIDTH="31" VPOS="2928" HPOS="779"/>
<String CONTENT="of" HEIGHT="40" WIDTH="50" VPOS="2917" HPOS="810"/>
<SP HEIGHT="39" WIDTH="29" VPOS="2917" HPOS="860"/>
<String CONTENT="events.&#8221;&#8212;Pref." HEIGHT="43" WIDTH="405" VPOS="2915" HPOS="889"/>
</TextLine>
<TextLine HEIGHT="42" WIDTH="1104" VPOS="2974" HPOS="485" CS="1">
<String CS="1" CONTENT="CONTENTS.&#8212;I." HEIGHT="32" WIDTH="103" VPOS="2982" HPOS="485"/>
<SP HEIGHT="38" WIDTH="25" VPOS="2976" HPOS="589"/>
<String CONTENT="The" HEIGHT="38" WIDTH="101" VPOS="2976" HPOS="615"/>
<SP HEIGHT="30" WIDTH="27" VPOS="2985" HPOS="717"/>
<String CONTENT="old" HEIGHT="40" WIDTH="77" VPOS="2975" HPOS="745"/>
<SP HEIGHT="38" WIDTH="29" VPOS="2975" HPOS="823"/>
<String CS="1" CONTENT="world.&#8212;II." HEIGHT="38" WIDTH="283" VPOS="2975" HPOS="853"/>
<SP HEIGHT="39" WIDTH="27" VPOS="2974" HPOS="1137"/>
<String CONTENT="The" HEIGHT="40" WIDTH="99" VPOS="2974" HPOS="1165"/>
<SP HEIGHT="29" WIDTH="25" VPOS="2985" HPOS="1265"/>
<String CONTENT="new" HEIGHT="29" WIDTH="104" VPOS="2984" HPOS="1291"/>
<SP HEIGHT="27" WIDTH="30" VPOS="2986" HPOS="1396"/>
<String CONTENT="world." HEIGHT="39" WIDTH="162" VPOS="2975" HPOS="1427"/>
</TextLine>
<TextLine HEIGHT="55" WIDTH="1883" VPOS="3028" HPOS="151">
<String CONTENT="&#169;" HEIGHT="51" WIDTH="50" VPOS="3029" HPOS="151"/>
<SP HEIGHT="51" WIDTH="28" VPOS="3029" HPOS="202"/>
<String CONTENT="Nov." HEIGHT="39" WIDTH="115" VPOS="3034" HPOS="231"/>
<SP HEIGHT="38" WIDTH="29" VPOS="3034" HPOS="347"/>
<String CONTENT="20'." HEIGHT="40" WIDTH="67" VPOS="3034" HPOS="377"/>
<SP HEIGHT="39" WIDTH="29" VPOS="3035" HPOS="445"/>
<String CONTENT="1934" HEIGHT="39" WIDTH="113" VPOS="3032" HPOS="475"/>
<SP HEIGHT="37" WIDTH="16" VPOS="3034" HPOS="589"/>
<String CONTENT=";" HEIGHT="27" WIDTH="8" VPOS="3044" HPOS="606"/>
<SP HEIGHT="38" WIDTH="31" VPOS="3033" HPOS="615"/>
<String CONTENT="2c." HEIGHT="37" WIDTH="64" VPOS="3033" HPOS="647"/>
<SP HEIGHT="27" WIDTH="29" VPOS="3043" HPOS="712"/>
<String CONTENT="each" HEIGHT="38" WIDTH="116" VPOS="3033" HPOS="742"/>
<SP HEIGHT="37" WIDTH="28" VPOS="3033" HPOS="859"/>
<String CONTENT="and" HEIGHT="37" WIDTH="96" VPOS="3033" HPOS="888"/>
<SP HEIGHT="37" WIDTH="29" VPOS="3033" HPOS="985"/>
<String CONTENT="aff." HEIGHT="41" WIDTH="81" VPOS="3031" HPOS="1015"/>
<SP HEIGHT="41" WIDTH="28" VPOS="3031" HPOS="1097"/>
<String CONTENT="Nov." HEIGHT="41" WIDTH="114" VPOS="3031" HPOS="1126"/>
<SP HEIGHT="39" WIDTH="31" VPOS="3031" HPOS="1241"/>
<String CONTENT="21" HEIGHT="39" WIDTH="47" VPOS="3031" HPOS="1273"/>
<SP HEIGHT="39" WIDTH="25" VPOS="3033" HPOS="1321"/>
<String CONTENT=";" HEIGHT="29" WIDTH="7" VPOS="3043" HPOS="1347"/>
<SP HEIGHT="39" WIDTH="31" VPOS="3033" HPOS="1355"/>
<!-- cceid C7F3083F-6C64-1014-8713-889FF4349C01 --><String CONTENT="A" HEIGHT="37" WIDTH="38" VPOS="3033" HPOS="1387"/>
<SP HEIGHT="38" WIDTH="29" VPOS="3033" HPOS="1426"/>
<String CONTENT="78194:" HEIGHT="41" WIDTH="169" VPOS="3031" HPOS="1456"/>
<SP HEIGHT="39" WIDTH="34" VPOS="3032" HPOS="1626"/>
<String CONTENT="Macmillan" HEIGHT="39" WIDTH="280" VPOS="3030" HPOS="1661"/>
<SP HEIGHT="28" WIDTH="25" VPOS="3041" HPOS="1942"/>
<String CONTENT="co." HEIGHT="29" WIDTH="66" VPOS="3041" HPOS="1968"/>
</TextLine>
<TextLine HEIGHT="49" WIDTH="279" VPOS="3089" HPOS="228">
<String CONTENT="(34-39180)" HEIGHT="49" WIDTH="279" VPOS="3089" HPOS="228"/>
</TextLine>
<TextLine HEIGHT="66" WIDTH="413" VPOS="3193" HPOS="154" STYLEREFS="StyleId-3BCD4D80-ED90-4609-ABA5-887D87CFDCC6-">
<String CONTENT="King," HEIGHT="64" WIDTH="170" VPOS="3194" HPOS="154"/>
<SP HEIGHT="64" WIDTH="28" VPOS="3195" HPOS="325"/>
<String CONTENT="Julius." HEIGHT="56" WIDTH="213" VPOS="3194" HPOS="354"/>
</TextLine>
<TextLine HEIGHT="140" WIDTH="1977" VPOS="3263" HPOS="146" STYLEREFS="StyleId-6EB2D0FC-4A49-4D49-85A1-3D7FBCDB2BD0-" CS="1">
<String CONTENT="Talking" HEIGHT="70" WIDTH="251" VPOS="3268" HPOS="215"/>
<SP HEIGHT="68" WIDTH="24" VPOS="3270" HPOS="467"/>
<String CONTENT="leaves," HEIGHT="54" WIDTH="200" VPOS="3270" HPOS="492"/>
<SP HEIGHT="52" WIDTH="27" VPOS="3269" HPOS="693"/>
<String CONTENT="by" HEIGHT="67" WIDTH="72" VPOS="3269" HPOS="721"/>
<SP HEIGHT="68" WIDTH="25" VPOS="3268" HPOS="794"/>
<String CONTENT="Julius" HEIGHT="54" WIDTH="193" VPOS="3268" HPOS="820"/>
<SP HEIGHT="54" WIDTH="27" VPOS="3268" HPOS="1014"/>
<String CONTENT="King;" HEIGHT="69" WIDTH="187" VPOS="3268" HPOS="1042"/>
<SP HEIGHT="63" WIDTH="30" VPOS="3272" HPOS="1230"/>
<String CONTENT="illustrations" HEIGHT="53" WIDTH="379" VPOS="3269" HPOS="1261"/>
<SP HEIGHT="51" WIDTH="25" VPOS="3268" HPOS="1641"/>
<String CONTENT="by" HEIGHT="66" WIDTH="70" VPOS="3268" HPOS="1667"/>
<SP HEIGHT="68" WIDTH="27" VPOS="3266" HPOS="1738"/>
<String CONTENT="Evan" HEIGHT="52" WIDTH="164" VPOS="3266" HPOS="1766"/>
<SP HEIGHT="51" WIDTH="28" VPOS="3265" HPOS="1931"/>
<String CONTENT="Thurber." HEIGHT="140" WIDTH="1977" VPOS="3263" HPOS="146"/>
</TextLine>
<TextLine HEIGHT="73" WIDTH="1752" VPOS="3343" HPOS="319" STYLEREFS="StyleId-6EB2D0FC-4A49-4D49-85A1-3D7FBCDB2BD0-">
<String CONTENT="Cleveland," HEIGHT="63" WIDTH="325" VPOS="3345" HPOS="319"/>
<SP HEIGHT="64" WIDTH="33" VPOS="3344" HPOS="645"/>
<String CONTENT="O.," HEIGHT="70" WIDTH="85" VPOS="3344" HPOS="679"/>
<SP HEIGHT="67" WIDTH="33" VPOS="3347" HPOS="765"/>
<String CONTENT="The" HEIGHT="50" WIDTH="120" VPOS="3347" HPOS="799"/>
<SP HEIGHT="52" WIDTH="31" VPOS="3345" HPOS="920"/>
<String CONTENT="Plarter" HEIGHT="54" WIDTH="216" VPOS="3345" HPOS="952"/>
<SP HEIGHT="51" WIDTH="30" VPOS="3363" HPOS="1169"/>
<String CONTENT="publishing" HEIGHT="68" WIDTH="334" VPOS="3346" HPOS="1200"/>
<SP HEIGHT="50" WIDTH="33" VPOS="3363" HPOS="1535"/>
<String CONTENT="company," HEIGHT="50" WIDTH="294" VPOS="3362" HPOS="1569"/>
<SP HEIGHT="61" WIDTH="35" VPOS="3351" HPOS="1864"/>
<String STYLE="superscript" CONTENT="c" HEIGHT="20" WIDTH="16" VPOS="3351" HPOS="1900"/>
<String CONTENT="1934." HEIGHT="50" WIDTH="147" VPOS="3346" HPOS="1924"/>
</TextLine>
<TextLine HEIGHT="51" WIDTH="714" VPOS="3416" HPOS="220" STYLEREFS="StyleId-6EB2D0FC-4A49-4D49-85A1-3D7FBCDB2BD0-" CS="1">
<String CONTENT="[3]-62" HEIGHT="50" WIDTH="144" VPOS="3417" HPOS="220"/>
<SP HEIGHT="48" WIDTH="27" VPOS="3418" HPOS="365"/>
<String CONTENT="p." HEIGHT="37" WIDTH="42" VPOS="3429" HPOS="393"/>
<SP HEIGHT="27" WIDTH="53" VPOS="3431" HPOS="436"/>
<String CONTENT="col." HEIGHT="39" WIDTH="84" VPOS="3419" HPOS="490"/>
<SP HEIGHT="39" WIDTH="29" VPOS="3419" HPOS="575"/>
<String CONTENT="illus." HEIGHT="38" WIDTH="127" VPOS="3419" HPOS="605"/>
<SP HEIGHT="40" WIDTH="55" VPOS="3417" HPOS="733"/>
<String CS="1" CONTENT="17&#189;"/>
<String STYLE="superscript" CONTENT="cm" HEIGHT="20" WIDTH="43" VPOS="3420" HPOS="876"/>
<String CONTENT="." HEIGHT="6" WIDTH="8" VPOS="3450" HPOS="926"/>
</TextLine>
<TextLine HEIGHT="47" WIDTH="608" VPOS="3475" HPOS="213">
<String CONTENT="Text" HEIGHT="40" WIDTH="124" VPOS="3476" HPOS="213"/>
<SP HEIGHT="37" WIDTH="29" VPOS="3479" HPOS="338"/>
<String CONTENT="on" HEIGHT="29" WIDTH="59" VPOS="3486" HPOS="368"/>
<SP HEIGHT="38" WIDTH="28" VPOS="3477" HPOS="428"/>
<String CONTENT="lining-papers." HEIGHT="46" WIDTH="364" VPOS="3476" HPOS="457"/>
</TextLine>
<TextLine HEIGHT="56" WIDTH="1856" VPOS="3529" HPOS="147">
<String CONTENT="&#169;" HEIGHT="51" WIDTH="50" VPOS="3531" HPOS="147"/>
<SP HEIGHT="51" WIDTH="32" VPOS="3531" HPOS="198"/>
<String CONTENT="Sept." HEIGHT="48" WIDTH="124" VPOS="3536" HPOS="231"/>
<SP HEIGHT="37" WIDTH="28" VPOS="3537" HPOS="356"/>
<String CONTENT="5," HEIGHT="40" WIDTH="38" VPOS="3537" HPOS="385"/>
<SP HEIGHT="40" WIDTH="29" VPOS="3537" HPOS="424"/>
<String CONTENT="1934;" HEIGHT="40" WIDTH="138" VPOS="3534" HPOS="454"/>
<SP HEIGHT="38" WIDTH="32" VPOS="3536" HPOS="593"/>
<String CONTENT="2c." HEIGHT="39" WIDTH="64" VPOS="3536" HPOS="626"/>
<SP HEIGHT="41" WIDTH="30" VPOS="3534" HPOS="691"/>
<String CONTENT="Oct." HEIGHT="39" WIDTH="101" VPOS="3534" HPOS="722"/>
<SP HEIGHT="40" WIDTH="28" VPOS="3533" HPOS="824"/>
<String CONTENT="29:" HEIGHT="40" WIDTH="82" VPOS="3533" HPOS="853"/>
<SP HEIGHT="28" WIDTH="31" VPOS="3545" HPOS="936"/>
<String CONTENT="all." HEIGHT="41" WIDTH="80" VPOS="3533" HPOS="968"/>
<SP HEIGHT="40" WIDTH="30" VPOS="3534" HPOS="1049"/>
<String CONTENT="Nov." HEIGHT="40" WIDTH="115" VPOS="3534" HPOS="1080"/>
<SP HEIGHT="38" WIDTH="30" VPOS="3536" HPOS="1196"/>
<String CONTENT="1" HEIGHT="36" WIDTH="16" VPOS="3536" HPOS="1227"/>
<SP HEIGHT="38" WIDTH="25" VPOS="3536" HPOS="1244"/>
<String CONTENT=";" HEIGHT="29" WIDTH="7" VPOS="3545" HPOS="1270"/>
<SP HEIGHT="39" WIDTH="33" VPOS="3535" HPOS="1278"/>
<!-- cceid C7F33B8F-6C64-1014-8713-889FF4349C01 --><String CONTENT="A" HEIGHT="37" WIDTH="38" VPOS="3535" HPOS="1312"/>
<SP HEIGHT="39" WIDTH="29" VPOS="3535" HPOS="1351"/>
<String CONTENT="77052:" HEIGHT="41" WIDTH="169" VPOS="3534" HPOS="1381"/>
<SP HEIGHT="40" WIDTH="30" VPOS="3535" HPOS="1551"/>
<String CONTENT="Harter" HEIGHT="38" WIDTH="185" VPOS="3535" HPOS="1582"/>
<SP HEIGHT="38" WIDTH="29" VPOS="3542" HPOS="1768"/>
<String CONTENT="pub." HEIGHT="49" WIDTH="107" VPOS="3531" HPOS="1798"/>
<SP HEIGHT="30" WIDTH="29" VPOS="3544" HPOS="1906"/>
<String CONTENT="co." HEIGHT="30" WIDTH="67" VPOS="3542" HPOS="1936"/>
</TextLine>
<TextLine HEIGHT="51" WIDTH="280" VPOS="3590" HPOS="225">
<String CONTENT="(34-38848)" HEIGHT="51" WIDTH="280" VPOS="3590" HPOS="225"/>
</TextLine>
<TextLine HEIGHT="67" WIDTH="1145" VPOS="3692" HPOS="142" STYLEREFS="StyleId-6EB2D0FC-4A49-4D49-85A1-3D7FBCDB2BD0-">
<String CONTENT="Lippincott," HEIGHT="66" WIDTH="356" VPOS="3692" HPOS="142"/>
<SP HEIGHT="63" WIDTH="28" VPOS="3695" HPOS="499"/>
<String CONTENT="Joseph" HEIGHT="61" WIDTH="220" VPOS="3695" HPOS="528"/>
<SP HEIGHT="52" WIDTH="27" VPOS="3695" HPOS="749"/>
<String CONTENT="Wharton," HEIGHT="63" WIDTH="307" VPOS="3693" HPOS="777"/>
<SP HEIGHT="57" WIDTH="32" VPOS="3699" HPOS="1085"/>
<String CONTENT="1887-" HEIGHT="52" WIDTH="169" VPOS="3696" HPOS="1118"/>
</TextLine>
<TextLine HEIGHT="139" WIDTH="1981" VPOS="3766" HPOS="136" STYLEREFS="StyleId-6EB2D0FC-4A49-4D49-85A1-3D7FBCDB2BD0-" CS="1">
<String CONTENT="The" HEIGHT="51" WIDTH="122" VPOS="3772" HPOS="207"/>
<SP HEIGHT="33" WIDTH="32" VPOS="3790" HPOS="329"/>
<String CONTENT="red" HEIGHT="51" WIDTH="98" VPOS="3772" HPOS="362"/>
<SP HEIGHT="51" WIDTH="36" VPOS="3772" HPOS="460"/>
<String CONTENT="roan" HEIGHT="33" WIDTH="138" VPOS="3790" HPOS="496"/>
<SP HEIGHT="49" WIDTH="34" VPOS="3789" HPOS="635"/>
<String CONTENT="pony" HEIGHT="49" WIDTH="153" VPOS="3789" HPOS="670"/>
<SP HEIGHT="49" WIDTH="40" VPOS="3789" HPOS="824"/>
<String CS="1" CONTENT="[by]" HEIGHT="67" WIDTH="76" VPOS="3770" HPOS="880"/>
<SP HEIGHT="63" WIDTH="40" VPOS="3772" HPOS="972"/>
<String CONTENT="Joseph" HEIGHT="68" WIDTH="216" VPOS="3770" HPOS="1012"/>
<SP HEIGHT="54" WIDTH="32" VPOS="3771" HPOS="1228"/>
<String CONTENT="Wharton" HEIGHT="53" WIDTH="284" VPOS="3772" HPOS="1260"/>
<SP HEIGHT="52" WIDTH="35" VPOS="3771" HPOS="1544"/>
<String CONTENT="Lippincott;" HEIGHT="69" WIDTH="367" VPOS="3768" HPOS="1579"/>
<SP HEIGHT="64" WIDTH="36" VPOS="3772" HPOS="1946"/>
<String CONTENT="illustrated" HEIGHT="138" WIDTH="1981" VPOS="3767" HPOS="136"/>
</TextLine>
<TextLine HEIGHT="151" WIDTH="1977" VPOS="3846" HPOS="137" STYLEREFS="StyleId-6EB2D0FC-4A49-4D49-85A1-3D7FBCDB2BD0-" CS="1">
<String CONTENT="by" HEIGHT="66" WIDTH="72" VPOS="3850" HPOS="363"/>
<SP HEIGHT="67" WIDTH="39" VPOS="3849" HPOS="436"/>
<String CONTENT="Lynn" HEIGHT="67" WIDTH="168" VPOS="3849" HPOS="476"/>
<SP HEIGHT="51" WIDTH="37" VPOS="3849" HPOS="645"/>
<String CONTENT="Bogue" HEIGHT="67" WIDTH="196" VPOS="3849" HPOS="683"/>
<SP HEIGHT="51" WIDTH="36" VPOS="3849" HPOS="880"/>
<String CONTENT="Hunt." HEIGHT="50" WIDTH="182" VPOS="3849" HPOS="917"/>
<SP HEIGHT="51" WIDTH="74" VPOS="3849" HPOS="1100"/>
<String CONTENT="Philadelphia," HEIGHT="67" WIDTH="427" VPOS="3848" HPOS="1175"/>
<SP HEIGHT="65" WIDTH="35" VPOS="3849" HPOS="1603"/>
<String CONTENT="The" HEIGHT="52" WIDTH="121" VPOS="3848" HPOS="1639"/>
<SP HEIGHT="51" WIDTH="35" VPOS="3849" HPOS="1761"/>
<String CONTENT="Penn" HEIGHT="51" WIDTH="157" VPOS="3849" HPOS="1797"/>
<SP HEIGHT="46" WIDTH="42" VPOS="3867" HPOS="1955"/>
<String CONTENT="publishing" HEIGHT="151" WIDTH="1977" VPOS="3846" HPOS="137"/>
<SP HEIGHT="49" WIDTH="29" VPOS="3946" HPOS="352"/>
<String CONTENT="company" HEIGHT="49" WIDTH="281" VPOS="3945" HPOS="382"/>
<SP HEIGHT="46" WIDTH="34" VPOS="3945" HPOS="664"/>
<String CS="1" CONTENT="["/>
<String STYLE="superscript" CONTENT="c" HEIGHT="20" WIDTH="18" VPOS="3933" HPOS="715"/>
<String CS="1" CONTENT="1934]" HEIGHT="49" WIDTH="135" VPOS="3929" HPOS="740"/>
</TextLine>
</TextBlock>
</PrintSpace>
</Page>
</Layout>
</alto>