2350 4196
1188 3996 26 45 56

227 374 284 66 Hocking,
541 376 188 56 Anne.

353 454 1531 70 … Death duel. London, S. Paul & co., ltd. [1933]
296 526 27 37 4
348 535 43 37 p.
420 527 43 45 l.,
492 526 174 40 13-256
691 538 41 37 p.
824 528 24 39 19
852 531 42 20 cm
901 560 7 6 .

225 593 1986 54 © 1c. Jan. 13, 1934 ; A ad int. 18594: pubd. Nov. 17, 1933 ; Mona Naomi
288 655 136 39 Anne
458 656 196 45 Messer,
688 657 279 45 Wadhurst,
1006 658 189 44 Sussex,
1232 657 236 46 England.
1539 657 249 48 (34-1302)

226 757 339 64 Hoffmann,
594 758 277 66 Richard,
904 762 167 48 1901-

292 835 1917 67 Watch the curves, by Richard Hoffmann … New York.
223 913 1268 69 Farrar & Rinehart, incorporated [ c 1934]
299 985 610 49 5 p. l. , 3-312 p. 19½ cm .
227 1040 51 51 ©
305 1045 108 38 Jan.
439 1044 67 47 22,
535 1044 139 47 1934;
702 1046 66 39 2c.
795 1046 108 38 Jan.
931 1044 80 41 29;
1115 1076 7 7 aff.
1150 1045 107 38 Jan.
1286 1045 80 47 23;
1396 1046 39 38 A
1463 1045 167 47 69239;
1662 1046 53 38 R.
1745 1045 278 47 Hoffmann,
2055 1045 162 40 Stock-

293 1102 178 47 bridge,
501 1103 144 39 Mass.
718 1102 249 48 (34-1687)

226 1207 234 62 Huddy,
489 1207 324 63 Xenophon
840 1208 235 53 Pearce.

228 1284 1963 146 … 1934 cumulative 1931-1934 supplement to Huddy Encyclopedia
227 1362 1965 146 of automobile law. v. 1-18, General index … Albany,
421 1443 67 51 N.
519 1443 88 64 Y.,
634 1441 277 51 Matthew
935 1431 229 62 Bender
1191 1445 42 48 &
1261 1460 295 49 company,
1583 1442 419 66 incorporated,
2031 1444 150 50 1934.

292 1516 56 39 19
376 1527 41 28 v.
447 1516 48 38 in
523 1515 68 39 10.
649 1515 53 39 23½
737 1517 43 20 cm
785 1546 7 7 .

293 1573 293 40 Cover-title.

302 1630 252 39 “Volumes
585 1628 156 43 19-20,
776 1633 79 35 the
887 1630 97 38 last
1016 1629 50 40 of
1099 1630 79 38 the
1211 1631 72 37 set
1314 1639 173 37 proper
1520 1632 47 36 to
1601 1639 192 37 appear,
1827 1629 41 39 is
1903 1640 49 28 so
1987 1629 232 47 complete

220 1698 53 29 as
297 1689 47 38 to
370 1687 189 47 require
583 1697 59 28 no
670 1686 311 47 Supplement
1006 1687 97 38 this
1128 1685 155 48 year.”
1339 1687 61 46 of.
1425 1686 126 39 Title
1577 1695 119 39 page
1716 1686 50 39 of
1785 1685 112 40 1934
1916 1686 303 46 supplement

227 1749 46 35 to
303 1745 180 46 Huddy
511 1744 350 47 Encyclopedia
894 1744 51 39 of
972 1743 292 41 automobile
1293 1746 107 36 law.
1458 1755 42 28 v.
1531 1743 155 40 19-20.

297 1803 154 38 These
482 1802 272 46 pamphlets
787 1812 84 28 are
901 1805 47 35 to
979 1802 56 38 be
1066 1800 137 40 fitted
1234 1801 101 39 into
1369 1802 78 38 the
1479 1803 197 45 pockets
1708 1804 51 36 at
1791 1803 80 37 the
1903 1802 121 38 back
2055 1801 50 40 of
2137 1801 81 38 the

228 1861 213 37 volumes
468 1860 50 38 of
544 1860 80 38 the
652 1862 72 36 set
751 1863 47 35 to
826 1859 158 39 which
1012 1859 113 46 they
1152 1859 181 46 belong.

230 1913 51 50 ©
314 1917 108 38 Jan.
455 1916 37 41 6.
525 1916 138 45 1934;
698 1916 65 38 2c.
797 1917 116 37 each
946 1917 93 37 and
1073 1916 80 39 aff.
1187 1916 107 39 Jan.
1329 1916 51 45 8;
1415 1915 41 38 A
1488 1915 168 47 67937;
1693 1916 235 39 Matthew
1961 1917 189 38 Bender
2183 1914 36 40 &

294 1985 79 35 co.,
402 1974 90 39 inc.

231 2076 389 64 Hutchinson,
649 2078 128 62 Elay
807 2078 278 62 Coryton,
1117 2078 169 51 1907-

297 2155 1918 66 The unforgotten prisoner, by R. C. Hutchinson … London
233 2239 136 61 [etc.]
402 2233 214 54 Cassell
641 2234 111 50 and
780 2250 294 49 company,
1100 2233 219 52 limited
1373 2237 148 62 [1933]

300 2304 614 49 4 p. l. , 3-529 p. 22½ cm .
231 2360 1971 108 © 1c. Jan. 8, 1934; A ad int. 18578 ; pubd. Dec. 4, 1933 ; R. C. Hutchinson, Norwich, Norfolk, England. (34-1575)
230 2524 349 64 Hutchison,
610 2524 260 52 Graham
899 2525 198 62 Seton,
1129 2527 164 49 1890-

299 2604 121 50 The
466 2602 179 67 Viper
692 2602 62 52 of
799 2604 209 54 Luxor,
1059 2602 71 66 by
1177 2601 253 54 Graham
1481 2602 171 54 Seton
1711 2602 282 65 (Graham
2043 2602 171 54 Seton

227 2681 349 64 Hutchison)
664 2681 254 52 London,
949 2679 363 53 Hutchinson
1341 2683 45 49 &
1415 2699 96 47 co.,
1541 2680 102 52 ltd.
1681 2683 170 63 [1933]

301 2752 639 49 4 p l. , 11-288 p. 19½ cm .
231 2807 1986 52 © 1c. Jan. 3, 1934; A ad int. 18587; pubd. Nov. 3, 1933; G. S. Hutchison.
295 2868 297 45 Hillingdon.
626 2867 281 46 Middlesex,
942 2867 234 47 England.
1247 2865 249 49 (34-1295)

230 2972 272 63 Jackson,
532 2974 135 50 Mrs.
698 2973 305 62 Margaret
1032 2972 372 61 Weymouth.

299 3048 244 53 Kindy’s
580 3049 267 65 crossing,
884 3068 27 33 a
951 3049 162 51 novel
1149 3049 72 65 by
1258 3049 294 65 Margaret
1586 3050 345 64 Weymouth
1967 3048 248 55 Jackson

369 3126 1576 66 Indianapolis, The Bobbs-Merrill company [ c 1934]
304 3198 85 41 309
420 3211 42 36 p.
521 3199 57 39 20½
610 3201 42 21 cm
659 3231 8 8 .

303 3255 161 40 “First
496 3255 224 40 edition.”

232 3310 1985 50 © Jan. 25, 1934; 2c. and aff. Jan. 29; A 69230; M. W. Jackson, Spencer,
297 3371 102 38 Ind.
472 3369 248 48 (34-1685)

229 3473 219 63 James,
480 3471 240 55 Clifford
753 3473 225 55 Lester.

360 3544 1854 71 … An outline of the principles of economics [by] Clifford L.
230 3624 1649 69 James … New York, Barnes & Noble, inc. [ C 1934]
302 3697 1689 48 6 p. l. , 263, [6] p. map, diagrs. 21 cm . (College outline series)
300 3755 244 39 “Selected
604 3754 272 39 references”
908 3757 49 36 at
988 3757 88 38 end
1108 3756 50 38 of
1187 3757 115 38 each
1334 3756 211 45 chapter.

302 3813 154 37 Blank
490 3821 144 37 pages
667 3811 50 38 for
781 3811 203 39 “Notes"
1029 3812 80 48 ([6]
1144 3816 50 36 at
1228 3813 115 42 end)

233 3869 1820 50 © Jan. 8. 1934; 2c. and aff. Jan. 9: A 68807; Barnes & Noble, inc.
309 3930 249 38 (34-1435)
