2350 4196
1113 4002 97 50 899

183 360 380 62 Masterman,
594 358 225 54 Walter
848 358 56 54 S.

256 430 1915 71 The Paddington horror, by Walter S. Masterman … New
193 510 1180 69 York, E. P. Dutton & co., inc. [ c 1934 ]
254 583 25 39 3
309 594 42 36 p.
416 613 8 17 l.,
456 583 174 39 11-288
660 594 42 36 p.
763 583 52 39 19½
848 585 43 21 cm
897 614 8 8 .

255 640 72 40 On
356 643 125 44 t.-p.:
518 641 186 38 Dutton
735 641 104 39 clue
871 642 228 44 mystery.

256 697 161 40 “First
446 696 227 40 edition.”

185 769 50 51 ©
273 773 115 46 July
421 773 39 46 2,
498 772 139 46 1934;
677 772 66 40 2c.
781 772 116 47 July
932 771 50 46 5;
1022 770 82 40 aff.
1141 770 115 47 July
1291 770 52 46 3;
1383 770 41 38 A
1458 770 169 46 73427;
1667 771 70 40 W.
1779 771 41 40 S.
1861 772 314 48 Masterman,

253 830 210 38 London.
538 829 279 49 (34-19855)

180 949 220 64 Mayer,
433 947 261 56 Caiman.

247 1026 55 52 A
334 1030 235 62 century
603 1026 62 51 of
699 1043 261 50 progress
994 1025 55 52 in
1087 1024 430 53 constitutional
1550 1025 125 51 law.
1743 1027 144 51 Part
1971 1068 9 8 II.
2050 1027 125 51 Due

177 1103 1998 145 process clause, by Caiman Mayer … [New York, Printed by The Ad press, c 1934]
251 1256 281 46 cover-title,
561 1257 23 37 1
650 1287 8 16 l.,
685 1256 56 38 24
768 1266 41 37 p.
867 1256 56 39 27½
955 1257 43 21 cm
1005 1287 8 7 .

183 1322 50 51 ©
263 1326 115 47 July
406 1325 68 47 16,
504 1325 140 47 1934;
675 1326 67 40 2c.
772 1326 95 39 and
895 1325 80 40 aff.
1006 1325 115 47 July
1150 1325 81 46 20;
1263 1325 41 38 A

1331 1324 170 47 73554;
1535 1324 48 42 C.
1614 1326 182 46 Mayer,
1827 1326 119 39 New
1972 1326 144 39 York.

185 1444 275 66 Mitchell,
489 1444 161 56 Giles
678 1444 242 57 Carroll.

250 1521 182 52 There
477 1521 47 52 is
570 1539 72 34 no
690 1521 179 51 limit:
918 1521 374 52 architecture
1341 1521 113 52 and
1502 1520 292 68 sculpture
1843 1522 59 51 in
1951 1521 228 53 Kansas

182 1597 1997 70 City, by Giles Carroll Mitchell … Kansas City, Brown-White
178 1694 296 50 company,
509 1680 149 49 1934.

249 1750 49 38 xi
325 1760 58 38 p.,
411 1752 23 37 1
499 1781 7 15 l.,
536 1749 84 40 162
646 1760 43 37 p.
750 1750 162 46 front.,
941 1750 170 47 plates,
1140 1749 187 40 facsim.
1387 1748 56 41 23
1447 1751 44 21 cm
1495 1781 9 9 .

183 1817 52 52 ©
265 1822 126 40 June
420 1822 69 47 28,
522 1822 139 47 1934;
694 1823 66 38 2c.
792 1824 95 37 and
920 1821 79 40 aff.
1033 1822 116 47 July
1180 1822 52 47 2;
1266 1823 41 38 A
1338 1822 170 47 74078;
1546 1823 51 40 G.
1632 1823 48 41 C.
1715 1824 232 48 Mitchell,
1982 1825 194 39 Kansas

254 1879 122 47 City,
404 1880 92 39 Mo.
568 1878 279 50 (34-19707)

175 1996 145 53 New
350 1997 180 53 York.
605 1997 419 64 Metropolitan
1055 2014 269 41 museum
1356 1998 63 53 of
1449 2001 116 53 art.

308 2075 1869 69 … The daily life of the Greeks and Romans, as illustrated
177 2152 58 52 in
279 2153 95 52 the
419 2154 254 52 classical
718 2154 341 67 collections,
1102 2155 73 67 by
1219 2156 186 51 Helen
1448 2154 278 68 McClees,
1858 2199 9 10 PH.
1949 2199 9 9 D.;
2036 2156 140 53 with
176 2231 288 55 additions

495 2232 74 66 by
603 2232 61 55 C.
696 2232 344 53 Alexander.
1116 2233 137 52 New
1287 2233 178 67 York,
1500 2237 150 50 1933.

252 2305 797 49 xviii, 143 p., 1 l. illus. 22 cm .
251 2364 64 39 At
341 2363 124 39 head
494 2363 50 40 of
571 2363 135 40 title:
737 2363 102 39 The
866 2364 346 46 Metropolitan
1241 2373 219 30 museum
1489 2365 51 38 of
1568 2367 93 38 art.

251 2420 166 40 “Fifth
466 2420 196 47 edition,
710 2421 120 38 with
877 2419 306 47 corrections,
1235 2423 94 37 two
1378 2420 244 41 thousand
1671 2421 174 48 copies,
1894 2422 283 46 November,

257 2477 249 39 MCMXXXIII.”

183 2530 50 51 ©
276 2535 111 39 Dec.
430 2535 38 45 7,
511 2533 139 47 1933;
696 2534 67 39 2c.
806 2535 95 38 and
942 2533 82 40 aff.
1068 2534 124 38 June
1234 2533 68 47 19,
1346 2533 140 47 1934;
1531 2534 41 38 A
1612 2534 171 47 73118;
1830 2535 345 47 Metropolitan

249 2600 217 30 museum
500 2591 52 39 of
583 2593 92 37 art.
713 2589 280 49 [Copyright
1025 2590 42 39 is
1101 2590 203 40 claimed
1339 2602 58 28 on
1432 2591 190 40 revised
1655 2592 198 47 edition]

259 2647 279 49 (34-20054)

176 2765 246 66 Norton,
457 2768 145 64 Roy,
641 2769 170 50 1869-

253 2843 258 68 Tangled
538 2844 180 66 trails,
744 2842 73 68 by
843 2842 125 69 Roy
996 2841 233 53 Norton.
1294 2842 137 53 New
1460 2842 178 69 York,
1663 2842 68 56 E.
1759 2842 54 55 J.
1845 2842 193 70 Clode,
2067 2843 105 53 inc.

188 2956 13 35 [
206 2929 17 21 c
228 2924 135 49 1934
367 2955 13 34 ]

250 2992 85 40 252
367 3003 42 38 p.
471 2992 55 41 19
527 2995 45 21 cm
578 3026 8 8 .

184 3050 50 51 ©
267 3055 125 38 June
420 3054 68 46 15,
519 3052 140 47 1934;
692 3053 66 39 2c.
790 3053 115 47 July
935 3053 81 46 17;
1051 3052 80 40 aff.
1164 3053 115 46 July
1308 3053 81 46 18;
1423 3053 41 38 A
1493 3054 170 46 73485;
1698 3054 211 40 Edward
1940 3055 43 40 J.
2016 3054 159 49 Clode,

252 3111 88 40 inc.
412 3110 254 48 (34-19653
678 3110 13 47 )

177 3211 247 82 Noursf,
457 3227 206 54 Edwin
695 3227 305 63 Griswold,
1034 3231 169 48 1883-

244 3304 310 55 America’s
585 3307 261 66 capacity
875 3313 57 46 to
962 3306 264 66 produce,
1255 3306 75 66 by
1361 3306 209 52 Edwin
1599 3306 69 54 G.

1696 3309 223 51 Nourse
1947 3308 111 51 and
176 3326 1971 124 associates,
449 3383 309 53 Frederick
782 3385 67 54 G.
876 3384 211 66 Tyron,
1110 3386 224 50 Horace

1359 3387 65 50 B.
1450 3386 215 66 Drury,
1687 3385 256 53 Maurice
1967 3387 205 65 Leven,

176 3460 224 54 Harold
436 3463 67 54 G.
535 3458 285 70 Moulton,
858 3462 211 54 Cleona
1103 3461 198 53 Lewis.
1389 3463 401 67 Washington,
1826 3466 70 50 D.
1935 3463 80 67 C.,
2051 3464 120 52 The

175 3539 321 69 Brookings
527 3539 345 68 institution,
907 3542 148 50 1934.

249 3614 101 47 xiii,
386 3614 87 39 608
505 3624 42 37 p.
612 3613 175 47 diagrs.
853 3613 54 38 21½
941 3614 43 21 cm
990 3644 7 7 .
1096 3613 275 47 (Half-title:
1406 3614 100 39 The
1544 3613 235 41 Institute
1816 3614 54 40 of
1905 3615 266 39 economics

180 3669 1412 48 of the Brookings institution … Publication no. 55)
247 3728 101 38 Vol.
380 3728 23 37 1
437 3727 50 39 of
520 3728 127 38 “The
680 3726 315 40 distribution
1027 3726 50 40 of
1109 3728 178 38 wealth
1320 3728 95 39 and
1449 3727 184 39 income
1666 3728 50 38 in
1748 3727 209 40 relation
1990 3730 48 37 to
177 3737 1976 86 economic
357 3783 265 48 progress”,
679 3784 60 47 of.
769 3783 272 40 Foreword.

181 3836 52 51 ©
260 3841 125 39 June
412 3841 69 46 23,
511 3840 139 46 1934;
681 3840 67 41 2c.
777 3840 116 47 July
921 3840 81 46 10;
1035 3839 80 40 aff.
1146 3840 115 47 July
1288 3841 83 46 27;
1402 3841 41 38 A
1472 3840 169 47 74334;
1675 3840 271 47 Brookings
246 3839 1906 99 institution.
432 3897 255 47 (34-20234)
