2350 4196
1149 3998 132 51 1658

361 441 685 48 180 p. illus., diagrs. 20½cm.
213 494 1983 101 © Jan. 27. 1934; 1c. June 21: A-Foreign 24943: Augé, Gillon, Hollier-Larousse,
559 556 1319 47 Moreau & c ie. (Librairie Larousse) (34-41242)
212 630 206 63 Booth,
445 631 146 63 Roy.

339 704 1628 69 … Roadhouse. New York, W. Godwin, inc. [ c 1934]
281 776 84 41 268
393 788 40 37 p.
499 778 55 39 19½
587 780 42 20 cm
637 811 5 6 .

214 832 1905 50 © Nov. 26, 1934; 1c. and aff. Dec. 10: A 77596: William Godwin, inc.
292 892 278 47 (34-41291)

214 967 204 65 Cahill,
449 968 239 63 Holger,
721 969 81 55 ed.

283 1045 112 52 Art
431 1045 60 51 in
529 1044 264 54 America
829 1046 57 52 in
926 1046 230 52 modern
1195 1046 180 64 times,
1413 1045 189 53 edited
1638 1045 74 65 by
1750 1045 218 65 Holger
2007 1045 187 55 Cahill

213 1121 111 52 and
370 1120 212 54 Alfred
631 1122 75 53 H.
754 1123 166 64 Barr,
967 1122 69 66 jr.
1117 1123 138 52 New
1302 1121 179 66 York,
1526 1122 222 52 Revnal
1792 1123 47 51 &
1883 1122 316 53 Hitchcock

235 1202 173 62 [ c 1934]
283 1270 1336 50 4 p. l., 7-100 p., 1 l. illus., ix col. pl. on 4 l. 32cm.
284 1328 100 39 The
412 1328 225 40 material
668 1328 47 39 in
745 1327 98 41 this
876 1329 119 39 book
1023 1329 152 39 forms
1207 1329 80 39 the
1316 1328 130 40 basis
1477 1327 52 41 of
1559 1338 27 29 a
1617 1327 219 40 national
1869 1328 135 40 radio
215 1328 1969 97 broadcast
348 1385 123 39 from
505 1384 204 42 October

739 1385 96 46 6th,
864 1384 127 48 1934,
1025 1386 207 47 through
1263 1385 221 47 January
1516 1383 69 48 26,
1617 1383 127 48 1935,
1775 1383 225 41 initiated
2033 1386 56 46 by
2124 1384 79 40 the

216 1441 205 41 General
452 1441 275 41 federation
761 1441 50 41 of
844 1441 224 41 women's
1101 1442 132 40 clubs
1267 1442 151 39 under
1454 1441 81 40 the
1569 1441 221 47 auspices
1825 1441 50 39 of
1912 1442 78 40 the
215 1439 1968 99 American

332 1498 274 40 federation
637 1499 51 40 of
716 1501 117 38 arts,
863 1499 117 40 with
1010 1499 80 40 the
1117 1498 307 48 cooperation
1453 1497 52 41 of
1535 1498 79 40 the
1644 1498 89 40 Art
1764 1497 224 41 institute
2019 1497 52 40 of
215 1495 1967 107 Chicago,
376 1555 81 40 the

488 1555 346 48 Metropolitan
864 1566 217 29 museum
1113 1555 50 40 of
1194 1558 92 44 art,
1319 1556 81 39 the
1433 1555 219 40 Museum
1686 1554 52 40 of
1768 1554 196 40 modern
1999 1559 91 41 art,
2125 1554 77 41 the

218 1610 227 42 National
473 1611 227 48 advisory
727 1612 183 40 council
938 1623 58 29 on
1027 1612 135 40 radio
1188 1612 47 39 in
1266 1612 253 39 education
1550 1612 94 39 and
1672 1612 80 40 the
1779 1610 227 41 National
216 1611 1968 105 broadcasting
432 1679 245 37 company.

286 1725 348 51 Bibliography:
693 1736 41 38 p.
765 1723 158 43 97-98.
955 1724 97 41 100.

221 1778 1982 50 © Nov. 5. 1934; 2c. Nov. 21: aff. Nov. 19: A 78366: Museum of modern
287 1841 89 37 art.
402 1839 116 39 New
543 1840 140 38 York.
749 1839 277 48 (31-41230)

220 1899 382 66 Cartwright,
634 1901 110 52 Lin
775 1902 256 62 Dorwin,
1067 1905 167 50 1886-

290 1974 1917 70 Evangelism for today [by] Lin D. Cartwright … St. Louis,
221 2053 949 65 Mo., The Bethany press [ c 1934]
291 2123 82 41 191
401 2134 42 38 p.
500 2125 57 40 18½
588 2127 44 20 cm
637 2156 9 8 .

292 2180 272 48 “Prepared
589 2182 49 38 in
665 2183 323 46 co-operation
1015 2183 116 39 with
1159 2183 80 39 the
1267 2184 319 45 Department
1613 2183 51 39 of
1692 2182 229 48 religious
1947 2181 254 41 education

222 2238 94 38 and
344 2237 82 40 the
453 2238 230 40 National
711 2238 290 40 association
1033 2238 50 39 of
1111 2240 126 38 state
1264 2240 300 47 secretaries,
1594 2240 238 46 Disciples
1860 2239 51 40 of
1939 2239 164 41 Christ."

290 2294 348 47 Bibliography:
697 2305 43 37 p.
772 2293 98 42 191.

224 2350 1769 52 © Oct. 16. 1934; 1c. Nov. 8; aff. Nov. 5: A 77146: Bethany press.
301 2410 275 47 (34-41262)

222 2470 372 63 Chatterton,
628 2473 249 52 Edward
908 2472 198 64 Keble,
1140 2475 168 52 1878-

295 2547 231 56 Danger
568 2566 162 40 zone;
778 2547 94 54 the
916 2552 155 49 story
1115 2547 62 54 of
1222 2548 92 53 the
1361 2546 372 63 Queenstown
1781 2546 309 63 command,
2136 2546 35 53 by

226 2624 1985 70 E. Keble Chatterton … with 40 plates and 3 maps. London,
228 2701 141 52 Rich
397 2703 46 49 &
473 2701 226 69 Cowan,
726 2702 122 67 ltd.,
880 2704 148 50 1934.

294 2772 83 47 xii,
404 2772 172 41 13-437
602 2784 42 37 p.
701 2773 163 48 front.,
894 2773 127 40 illus.
1050 2773 158 48 (map)
1244 2776 152 46 plans,
1427 2779 146 45 ports.
1630 2777 54 40 23½
1717 2778 44 21 cm
1767 2809 8 7 .

295 2829 137 47 Maps
462 2839 58 29 on
549 2830 359 48 lining-papers.

226 2884 1982 52 © 1c. Dec. 1. 1934; A ad int. 19667: pubd. Oct. 11; E. K. Chatterton.
292 2945 210 40 London.
561 2946 277 47 (34-41067)

224 3005 311 67 Chauvois,
569 3008 195 64 Louis,
802 3013 169 50 1881-

286 3084 154 52 Pour
467 3087 366 65 comprendre
860 3104 98 34 nos
986 3087 264 65 systèmes
1277 3106 264 35 nerveux,
1570 3108 103 47 ’par
1699 3089 51 51 le
1778 3089 230 52 docteur
2035 3086 173 54 Louis

219 3160 300 54 Chauvois.
595 3163 233 53 Illustré
853 3165 67 53 de
949 3183 112 33 xxv
1087 3164 205 62 ligures
1317 3167 306 57 originales
1650 3168 67 52 de
1743 3166 255 52 l’auteur.
225 3167 1958 125 Préface

373 3241 76 51 du
477 3239 322 66 professeur
827 3242 356 52 d’Àrsonval.
1259 3243 183 52 Paris.
1469 3244 178 66 Vigot
1674 3243 195 54 frères.
1899 3248 146 48 1934.

290 3310 795 49 2 p. l., 7-188 p. illus. 25 ½cm .
226 3363 1984 57 © Mar. 15, 1934; 1c. May 15: A- Foreign 24667: Vigot frères, éditeurs.
304 3425 277 45 (34-41241)

224 3482 336 64 Compton’s
590 3488 255 65 pictured
879 3489 414 66 teaching-unit
1324 3492 303 51 materials.
1695 3489 366 66 Community
2091 3488 120 54 life,

293 3562 93 52 the
418 3564 169 66 study
620 3565 60 50 of
713 3565 165 51 food:
914 3567 258 67 pictured
1205 3568 418 67 teaching-unit
1657 3567 305 53 materials,
292 3566 1894 141 including

415 3641 319 66 objectives,
760 3645 487 66 generalizations,
1274 3648 366 64 approaches,
1665 3645 297 54 activities,
1986 3644 110 52 and
291 3661 1896 109 extensive

541 3720 468 66 subject-matter,
1047 3723 137 51 with
1222 3742 25 32 a
1289 3730 85 46 set
1407 3725 63 51 of
1506 3725 281 65 carefully
1823 3722 237 53 selected
293 3721 1895 125 pictures.
503 3798 270 67 specially

817 3801 277 76 prepared
1137 3800 93 52 for
1271 3802 95 53 the
1408 3803 240 51 teacher.
1729 3801 266 59 Chicago.
2037 3800 65 50 E.
2145 3800 64 51 E.

296 3871 276 67 Compton
607 3878 43 49 &
680 3894 294 50 company,
1005 3885 17 20 c
1029 3881 147 47 1934.
