2350 4196
1140 4004 133 47 1706

230 366 49 51 A
319 365 236 51 manual
597 363 61 51 of
701 363 260 54 Catholic
1003 363 264 66 worship,
1308 361 167 53 based
1515 379 71 34 on
1627 362 94 52 the
1765 361 157 52 Book
1963 361 62 51 of
293 379 1892 115 common

466 459 221 48 prayer.
763 441 357 66 Milwaukee,
1161 440 158 65 Wis.,
1364 440 333 51 Morehouse
1743 438 332 66 publishing
2118 457 95 34 co..

294 521 148 49 1934.

296 588 790 50 viii p., 1 l., 120 p., 1 l. 13½cm.
228 671 1926 52 © Oct. 10. 1934: 2c. Oct. 29; aff. Oct. 27 : A 75987 ; Morehouse pub. co.
304 731 279 49 (34-42134)

229 835 250 61 Marcus,
510 835 179 52 Jacob
723 836 211 61 Rader,
970 839 169 49 1896-

293 910 119 51 The
433 911 108 50 rise
564 910 111 52 and
700 910 224 67 destiny
948 909 62 54 of
1033 909 97 52 the
1153 908 248 54 German
1425 908 141 66 Jew,
1591 908 73 67 by
1690 907 178 54 Jacob
1894 907 67 51 R.
1984 906 228 52 Marcus

364 986 346 68 Cincinnati,
748 987 154 67 Dept.
962 986 62 53 of
1066 1003 323 51 synagogue
1429 986 112 51 and
1582 984 192 53 school
1816 983 292 53 extension
2149 982 63 54 of

222 1064 94 51 the
349 1064 190 53 Union
572 1063 65 53 of
663 1064 304 52 American
998 1063 244 52 Hebrew
1273 1061 453 69 congregations,
1759 1063 151 51 1934.

294 1133 1916 51 xviii p., 1 l., 417 p. 23½ cm . [Commission on .Jewish education of the
225 1192 155 39 Union
418 1194 51 38 of
504 1193 254 39 American
798 1193 203 39 Hebrew
1040 1192 366 46 congregations
1444 1192 93 38 and
1578 1192 80 38 the
1696 1190 192 40 Central
1932 1191 279 38 conference

222 1250 51 38 of
299 1251 254 37 American
585 1249 173 39 rabbis.
819 1249 157 39 Union
1008 1249 136 40 adult
1175 1250 161 42 series,
1369 1250 70 37 ed.
1472 1248 58 47 by
1564 1248 50 39 E.
1646 1247 204 39 Gamoran]

294 1319 366 47 Bibliography:
694 1329 42 37 p.
785 1319 233 42 [337]-395.

225 1386 50 52 ©
319 1392 106 37 Dec.
465 1392 38 39 3.
544 1391 138 40 1934:
726 1392 63 37 2c.
838 1393 103 36 Dec.
1027 1402 7 29 8;
1077 1392 79 38 aff.
1197 1392 107 37 Dec.
1348 1393 78 39 10;
1470 1391 38 37 A
1551 1391 167 40 77557:
1765 1390 155 39 Union
1961 1391 51 37 of
2052 1391 157 38 Amer.

291 1448 205 38 Hebrew
531 1448 378 46 congregations.
947 1448 287 39 Cincinnati.
1307 1447 278 47 (34-42123)

227 1548 296 65 Marshall,
557 1551 255 52 Richard
846 1551 308 62 Maynard,
1189 1556 169 48 1880-

325 1628 175 52 “What
533 1629 43 51 is
610 1627 234 53 truth?”
919 1627 122 54 The
1073 1628 287 66 approach
1394 1628 73 65 by
1502 1626 307 68 infinition,
1842 1628 71 65 by
1951 1628 65 51 R.
221 1628 1968 128 Maynard

406 1705 292 52 Marshall.
781 1704 374 67 [Charleston,
1196 1704 54 55 S.
1293 1703 81 67 C.,
1413 1704 251 65 Walker,
1705 1705 209 64 Evans,
1954 1708 44 47 &
218 1706 1971 127 Cogswell
373 1800 96 48 co.,
500 1788 18 20 c
524 1785 151 63 1934]

289 1853 794 50 4 p. l. , [11]-189 p., 1 l. 20½ cm .
289 1923 160 41 “First
480 1923 225 41 edition.”

228 1992 53 51 ©
317 1997 115 38 Nov.
472 1995 68 46 24,
582 1996 138 41 1934;
761 1997 63 37 2c.
867 1996 109 38 Dec.
1015 1995 52 40 3:
1111 1995 76 39 aff.
1231 1996 108 37 Dec.
1381 1997 50 40 1:
1475 1996 38 37 A
1550 1994 168 42 77405;
1763 1995 51 37 R.
1858 1996 58 37 M.
1961 1994 249 39 Marshall.

290 2052 249 47 Beaufort,
575 2052 41 40 S.
689 2083 6 7 C.
769 2051 277 48 (34-42130)

222 2154 335 64 Matthews,
587 2156 258 52 Thomas
875 2155 225 56 Edwin.

290 2229 244 54 General
565 2230 193 53 James
789 2230 334 66 Robertson,
1154 2230 189 52 father
1376 2230 63 52 of
1471 2231 308 51 Tennessee
1837 2231 71 67 [by]
1966 2231 244 50 Thomas

224 2307 204 52 Edwin
480 2307 319 52 Matthews.
890 2307 311 67 Nashville,
1254 2308 194 67 Tenn.,
1500 2309 120 51 The
1673 2308 329 51 Parthenon
2059 2325 152 48 press

225 2417 10 32 [
242 2390 17 21 c
265 2387 150 64 1934]

288 2456 85 41 588
393 2467 42 38 p.
490 2458 160 46 front.,
677 2457 126 39 illus.
834 2458 199 47 (music)
1067 2458 166 46 plates,
1263 2459 134 45 port.,
1424 2458 201 39 facsim..
1653 2462 107 35 cost
1787 2457 51 39 of
1865 2467 143 30 arms.
2064 2457 54 39 23½
2152 2459 42 21 cm
2200 2490 6 7 .

291 2526 328 41 “Ascendants
650 2529 93 37 and
775 2529 319 38 descendants
1125 2528 49 39 of
1202 2526 202 40 General
1445 2528 320 39 Robertson":
1804 2540 39 34 p.
1879 2527 212 39 546-582.

288 2583 286 40 “Sources”:
605 2593 39 37 p.
672 2584 139 45 7-11;
843 2584 330 40 “Authorities
1200 2584 180 39 cited”:
1411 2595 41 36 p.
1482 2583 213 41 582-588.

222 2651 51 51 ©
308 2656 107 38 Dec.
450 2657 37 41 3,
524 2654 137 42 1934;
697 2658 63 36 2c.
796 2657 91 37 and
920 2655 79 39 aff.
1035 2657 108 37 Dec.
1178 2656 80 42 12;
1295 2658 37 36 A
1369 2657 167 39 77663:
1572 2658 51 38 T.
1660 2658 49 37 E.
1747 2657 273 44 Matthews,
291 2656 1896 95 Nashville.
485 2712 278 47 (34-42115)

220 2815 220 63 Mayer,
471 2816 217 58 Anton,
721 2816 169 54 1879-

299 2891 360 65 Reitergeist;
709 2892 85 50 ein
847 2890 494 68 Seydlitz-roman,
1389 2911 103 31 von
1544 2892 187 51 Anton
1783 2891 214 67 Mayer.
224 2890 1960 142 Berlin,
354 2967 425 52 Volksverband
820 2968 97 50 der
950 2968 465 70 bücherfreunde,
1452 2967 563 69 Wegweiser-verlag
2047 2986 50 49 g.
2135 2985 70 36 m.

220 3045 45 49 b.
301 3044 50 52 h.
393 3079 16 38 [
411 3052 16 19 c
435 3047 131 48 1934]

289 3114 879 50 40.l, [1] p. front, (port.) 18½ cm .
286 3171 195 40 “Dieses
505 3173 129 37 werk
659 3173 62 38 1st
743 3174 71 38 als
839 3174 154 38 erster
1015 3175 124 37 band
1165 3176 82 37 der
1271 3175 317 40 sechzehnten
1624 3177 363 45 (allgenieinen)
223 3177 1961 90 jahresreihe

386 3228 83 39 für
505 3230 77 37 die
619 3229 274 47 mitglieder
925 3231 83 38 des
1043 3230 418 40 Yolksverbandes
1497 3234 84 37 der
1620 3232 385 40 bücherfreunde
219 3235 1965 89 hergestellt

378 3287 191 37 worden
597 3287 94 37 und
721 3286 119 38 wird
865 3296 92 28 nur
982 3297 59 27 an
1068 3287 129 38 diese
1223 3287 312 48 abgegeben."

221 3355 51 51 ©
301 3361 113 42 Aug.
446 3361 35 41 1,
511 3360 136 40 193,4;
678 3361 61 37 1c.
770 3359 98 40 Oct.
897 3361 51 39 2;
981 3359 304 43 A-Foreign
1311 3359 168 43 25834;
1509 3362 365 39 Volksverband
1900 3363 83 37 der
2010 3361 195 39 bücher-

286 3417 216 41 freunde,
537 3417 487 44 Wegweiser-verlag.
1060 3427 39 34 g.
1135 3428 55 27 m.
1227 3418 37 36 b.
1301 3418 41 37 h.
1415 3418 279 47 (34-42388)

237 3519 122 52 [The
392 3518 264 64 Military
685 3522 294 63 engineer]

286 3596 117 49 The
446 3597 286 51 advanced
776 3597 263 65 engineer
1080 3599 243 49 manual.
1401 3599 100 51 3rd
1544 3600 84 50 ed.
1707 3599 51 50 A
1801 3597 267 54 textbook
2109 3597 92 51 for

217 3672 89 52 the
337 3673 239 51 Reserve
608 3673 223 51 officers’
860 3674 255 63 training
1144 3692 161 46 corps
1336 3676 110 50 and
1476 3678 228 61 general
1734 3676 263 63 engineer
219 3674 1957 137 training.

407 3750 396 64 Washington,
843 3750 69 51 D.
956 3749 60 53 C.
1059 3750 106 50 and
1208 3749 373 67 Harrisburg,
1622 3753 118 61 Pa.,
1779 3752 120 51 The
1937 3751 263 64 Military

215 3842 206 33 service
458 3825 330 64 publishing
820 3844 276 46 company
1176 3829 148 62 [c1934]

287 3896 1435 51 2 p. l. . 327, 470 p. illus. (incl. maps) diagrs. 24 cm .
