2350 4196
1132 4001 133 50 1690

263 456 41 29 X.
331 445 97 40 115.
461 445 53 47 [1]
546 456 39 35 p.
614 444 106 40 incl.
748 445 162 44 front.,
938 446 169 46 plates.
1170 444 111 39 19cm.

191 498 50 51 ©
270 504 64 37 1c.
364 504 115 37 Nov.
508 502 67 41 24.
605 502 139 40 1934:
776 503 37 37 A
842 504 59 38 ad
931 503 85 40 int.
1046 501 166 40 19652:
1246 501 137 47 pubd.
1419 501 126 45 Sept.
1574 498 53 40 27
1647 509 7 28 :
1691 499 40 39 S.
1764 497 169 46 Cooke,
1965 497 214 42 London,

267 558 277 47 (34-42879)
1939 552 147 43 10876

193 646 245 67 [Dingle,
470 647 273 63 Aylward
778 649 265 65 Edward]

260 723 241 54 Sinister
543 725 162 51 Eden
750 725 107 67 [by]
905 726 178 53 Brian
1127 724 268 55 Cotterell
1460 723 177 66 [pseud.]
1755 720 423 68 Philadelphia,

187 803 256 59 London,
471 805 54 52 J.
558 806 64 49 B.
653 804 337 66 Lippincott
1017 821 275 50 company
1329 805 190 63 [c1934]

258 876 98 41 310.
388 877 52 48 [1]
472 888 40 35 p.
570 875 143 41 19½cm.

264 930 1473 50 “Copyright. 1932 … under the title ‘Fleneher’s island’.”
194 985 50 51 ©
273 989 117 47 July
413 989 67 40 30.
511 988 113 41 1934
644 1000 6 30 :
682 990 64 39 2c.
777 991 92 38 and
901 989 79 39 aff.
1012 990 117 45 Aug.
1159 989 52 39 23
1231 999 7 29 :
1272 989 41 38 A
1341 987 140 40 74625
1501 998 6 30 :
1543 988 40 39 J.
1617 988 50 37 B.
1699 985 276 48 Lippincott
2004 997 64 29 co.

272 1045 276 47 (34-24635)

197 1135 356 63 Dominguez
583 1136 308 63 Berrueta,
922 1136 172 63 Juan,
1130 1141 167 48 1866-

373 1207 1808 71 … Sainte Thérèse et la vie mystique. Paris. Denoël et
192 1286 186 54 Steele
410 1291 172 64 [1934]

266 1358 1916 52 2 p. l., [7]-270 p., 1 l. plates. 20 ½ cm. (Les maîtres de la pensée
190 1416 268 47 religieuse.
527 1416 79 50 [5])

264 1471 1920 49 At head of title: … Juan Dominguez Berrueta et Jacques Chevalier.
268 1528 417 49 “Bibliographie”
705 1541 7 28 :
747 1540 41 37 p.
841 1530 233 49 [263]-268.

198 1591 50 51 ©
286 1596 113 47 Apr.
437 1596 68 45 18,
546 1595 138 48 1934;
754 1608 35 28 1c.
830 1597 114 48 July
983 1597 81 45 10;
1108 1596 306 48 A-Foreign
1453 1597 170 45 25167;
1667 1585 224 52 Éditions
1929 1595 180 41 Denoël
2149 1597 36 39 &

268 1652 169 40 Steele.
508 1652 276 46 (34-42001)

198 1741 264 63 Downes,
491 1741 65 54 E.
590 1740 145 57 Hall.

267 1816 288 68 Squeezes,
585 1836 171 49 coups
786 1820 110 51 and
925 1820 108 52 end
1063 1821 179 65 plays,
1272 1820 71 65 by
1372 1820 67 51 E.
1471 1820 139 50 Hall
1640 1820 271 62 Downes;
1941 1818 94 53 the
2063 1817 120 53 first

196 1896 115 49 real
337 1894 292 67 discovery
653 1914 71 34 on
749 1897 94 51 the
867 1898 135 65 play
1028 1896 61 53 of
1113 1897 93 54 the
1231 1895 162 54 cards
1414 1897 149 52 since
1587 1890 96 58 the
1707 1895 140 65 days
1870 1894 63 54 of
1959 1894 226 53 auction

337 1972 1432 68 … [Pittsburgh, Bridge publications, inc., c1934]
266 2044 282 48 cover-title,
584 2045 55 39 64
673 2056 42 38 p.
777 2045 177 49 diagrs.
1016 2045 113 40 28cm.

270 2100 126 42 “The
438 2102 123 46 ‘tapel’
633 2101 212 41 formula
884 2101 77 40 for
1004 2102 300 49 recognizing
1345 2103 93 39 and
1479 2102 256 48 executing
1774 2111 23 29 a
1840 2112 198 37 squeeze
2056 2112 8 28 :
2107 2102 78 39 the

196 2155 107 43 first
328 2157 196 41 definite
548 2159 93 38 and
668 2159 294 48 dependable
987 2158 248 47 yardstick
1259 2158 76 40 for
1360 2159 81 40 the
1466 2168 199 38 squeeze
1689 2159 126 47 play,
1842 2158 79 40 the
1947 2168 119 38 coup.
2106 2161 81 37 the

197 2215 91 39 end
320 2214 156 49 play.”

268 2270 122 40 Text
418 2282 57 28 on
503 2282 41 37 p.
577 2269 54 51 [2]
660 2271 95 39 and
801 2269 41 50 [3]
874 2270 50 40 of
952 2281 152 29 cover.

204 2324 50 51 ©
284 2329 116 39 Nov.
428 2327 67 42 28.
526 2328 139 41 1934;
696 2327 65 41 2c.
791 2328 92 38 and
915 2326 79 42 aff.
1027 2328 108 37 Dec.
1168 2327 49 40 1;
1249 2326 38 39 A
1320 2326 167 41 77412;
1523 2326 176 49 Bridge
1731 2326 335 48 publications,
2098 2325 89 40 inc.

281 2384 280 47 (34-41972)

199 2473 289 65 Dressier,
518 2474 204 63 Marie,
755 2475 322 52 1873-1934.

367 2549 1819 68 … My own story as told to Mildred Harrington; foreword
199 2627 1988 67 by Will Rogers … Boston, Little, Brown, and company,
201 2708 150 50 1934.

276 2775 1351 51 ix p., 2 l., 3-289. [1] p. front., plates, ports. 21cm.
205 2830 51 52 ©
284 2836 116 38 Nov.
428 2834 67 47 23,
524 2834 138 46 1934;
691 2833 66 42 2c.
788 2835 93 38 and
912 2832 77 41 aff.
1020 2834 108 39 Dec.
1159 2834 80 44 14;
1271 2834 41 39 A
1338 2833 168 46 77699;
1536 2833 175 47 Little,·
1728 2835 189 39 Brown,
1949 2834 92 38 and
272 2843 1900 96 company.
484 2890 277 48 (34-28471)

206 2966 193 64 Ewen,
430 2966 207 64 David,
669 2985 177 48 comp.

273 3042 334 68 Composers
661 3043 62 52 of
777 3045 199 65 today;
1036 3064 30 32 a
1119 3044 453 66 comprehensive
1630 3041 393 70 biographical
2079 3043 110 51 and

204 3119 219 54 critical
465 3121 169 67 guide
676 3126 56 49 to
772 3121 235 52 modern
1050 3140 313 48 composers
1405 3122 62 51 of
1512 3125 73 51 all
1626 3123 244 55 nations,
1912 3120 277 67 compiled

206 3197 1985 68 and edited by David Ewen … New York, The H. W. Wilson
203 3293 294 50 company,
530 3280 146 48 1934.

275 3349 67 38 xii
369 3360 41 36 p.,
453 3349 23 38 1
524 3381 6 7 l.,
573 3351 83 38 314
684 3361 40 35 p.
779 3349 124 39 illus.
936 3349 195 46 (ports.)
1194 3349 114 39 26cm.

276 3405 376 48 “Bibliography
688 3406 49 38 of
776 3407 195 38 modern
1010 3405 153 40 music”
1210 3417 6 27 :
1257 3417 40 37 p.
1338 3406 245 50 [309]-311.
1653 3407 289 40 References
1980 3405 124 40 cited
2143 3408 52 36 at

205 3462 89 38 end
325 3462 52 38 of
404 3463 114 38 each
548 3462 277 53 biography.

209 3513 50 51 ©
288 3519 109 40 Dec.
423 3519 39 39 4.
491 3518 112 39 1934
622 3529 8 28 :
659 3518 64 39 2c.
750 3520 108 38 Dec.
887 3518 53 38 17
960 3528 7 29 :
998 3517 81 41 aff.
1106 3519 109 41 Dec.
1244 3519 80 41 19;
1354 3519 39 38 A
1420 3519 141 40 77732;
1620 3520 58 38 H.
1708 3521 70 38 W.
1807 3518 183 39 Wilson
2017 3528 67 30 co.

287 3573 277 46 (34-28472)

204 3646 121 52 The
355 3648 297 55 Farmer’s
678 3650 156 54 wife.

275 3721 122 53 The
436 3732 243 59 country
723 3724 229 53 kitchen
998 3724 138 52 cook
1178 3725 162 66 book,
1386 3725 219 53 revised
1652 3725 75 68 by
1773 3725 95 52 the
1915 3721 283 55 Farmer’s

206 3795 1927 148 wife magazine under the direction of Miriam J. Williams … Saint Paul,
613 3876 205 67 Minn.,
854 3877 181 56 Webb
1075 3877 144 53 book
1259 3877 336 71 publishing
1636 3896 297 52 company,
1982 3880 142 49 1934.
