2350 4196
1148 4014 100 54 377

230 441 147 40 “This
411 439 121 41 book
567 437 207 40 consists
808 436 53 39 of
892 435 217 40 extracts
1145 432 126 39 from
1307 431 82 41 the
1424 431 168 39 letters
1628 428 158 41 which
1824 427 23 39 I
1882 427 124 39 have
2040 423 119 42 been

163 496 240 49 receiving
434 496 129 39 since
597 493 128 47 1903,
757 492 119 40 with
912 491 80 41 the
1027 500 129 29 more
1191 487 224 48 personal
1448 496 230 38 passages
1714 484 91 42 left
1838 482 190 42 out.”—
2031 479 63 41 Pref

161 554 122 40 note.

357 597 1804 60 © 1c. Mar. 9, 1934; A ad int. 18720; pubd. Jan. 11; Harper & bros.,
235 669 114 39 New
381 668 143 38 York.
597 663 249 50 (34-7784)

164 771 299 66 Maderno,
495 767 229 68 Alfred,
758 770 170 50 1886-

329 840 1150 71 … Fünf katzen. Berlin, Scherl [ c1933]
234 921 96 47 178,
365 940 10 29 [1]
447 929 43 38 p.
551 917 116 43 19cm.

170 966 1995 61 © Sept. 9, 1933; 1c. Jan. 9, 1934; A-Foreign 23312; August Scherl,
236 1046 39 35 g.
306 1046 59 28 m.
396 1036 39 39 b.
466 1036 44 38 h.
584 1032 250 49 (34-6397)

170 1139 215 66 Massé,
415 1137 277 58 Ludovic.

334 1208 1760 72 … Le mas des Oubells, roman. Paris, B. Grasset [c1933]
238 1286 752 53 5 p. l., [3]-263, [1] p. 18 ½ cm.
173 1344 51 51 ©
255 1347 115 40 Nov.
400 1348 38 46 2,
470 1346 116 40 1933;
672 1357 34 28 1c.
739 1346 108 40 Jan.
877 1345 69 46 23,
978 1344 138 45 1934;
1151 1344 97 37 A-
1254 1341 206 49 Foreign
1489 1341 170 42 23451:
1695 1339 223 42 Editions
1949 1340 223 40 Bernard

243 1404 212 41 Grasset.
532 1402 249 49 (34-7439)

173 1491 324 68 Michaelis,
528 1493 206 65 Karin,
769 1492 169 52 1872-

336 1565 1401 71 … Justine, roman. Berlin, Universitas [c1933]
243 1640 467 53 253, [1] p. 19 ½ cm.
177 1691 1999 57 © Oct. 26. 1933; 1c. Jan. 9, 1934; A- Foreign 23310: Universitas
245 1756 231 42 deutsche
517 1755 710 50 verlags-aktiengesellschaft.
1300 1754 251 50 (34-6398)

171 1847 213 53 Michie
416 1861 306 50 company,
753 1845 462 55 Charlottesville
1223 1888 11 15 ,
1272 1847 96 52 Va.

176 1918 2003 158 Michie on banks and banking. 1931 supplement [for] volumes 1-9 … Charlottesville, Va., The Michie company, 1934.
250 2078 27 40 9
338 2110 7 7 v.
402 2078 114 39 23cm.

251 2134 295 42 Cover-title.

252 2191 154 41 These
436 2190 274 48 pamphlets
740 2200 85 29 are
855 2194 48 35 to
935 2189 55 40 be
1020 2189 138 39 fitted
1190 2189 102 39 into
1325 2190 80 39 the
1438 2189 197 48 pockets
1667 2192 51 38 at
1751 2190 81 39 the
1864 2190 121 39 back
2017 2190 52 40 of
2103 2191 79 38 the

181 2248 216 41 volumes
425 2248 52 39 of
503 2248 81 39 the
613 2250 73 37 set
714 2249 47 37 to
790 2246 158 40 which
976 2246 115 48 they
1119 2246 181 47 belong.

187 2301 50 51 ©
271 2306 111 46 Apr.
416 2304 38 47 6,
489 2304 138 44 1934;
664 2303 65 40 2c.
764 2305 117 38 each
914 2304 95 39 and
1043 2303 80 41 aff.
1157 2304 113 46 Apr.
1304 2303 80 45 12;
1421 2303 41 38 A
1495 2303 170 46 71229;
1702 2303 177 40 Michie
1914 2313 65 29 co.

179 2447 266 57 Michie’s
481 2449 187 68 digest
697 2449 63 53 of
792 2447 271 71 Virginia
1099 2451 110 50 and
1243 2451 162 52 West
1436 2447 269 70 Virginia
1740 2456 237 62 reports.
2051 2452 136 49 1934

249 2523 1913 214 supplement … Under the editorial supervision of A. Hewson Michie, assisted by Chas. W. Sublett and Beirne Stedman.
478 2683 480 68 Charlottesville,
1003 2686 122 65 Va.,
1169 2686 119 51 The
1333 2686 211 53 Michie
1589 2703 296 50 company,
1934 2688 147 50 1934.

258 2759 101 47 viii,
389 2759 81 40 753
498 2770 42 36 p.
598 2758 114 41 26cm.

193 2812 51 51 ©
274 2816 112 48 Apr.
417 2816 68 45 17,
517 2814 113 40 1934;
689 2815 65 39 2c.
787 2816 94 38 and
913 2814 81 43 aff.
1026 2815 112 47 Apr.
1169 2815 52 39 21;
1284 2816 43 38 A
1355 2815 142 41 71311;
1560 2813 177 43 Michie
1768 2826 66 28 co.

191 2903 263 68 Murray,
484 2903 190 55 David
705 2904 208 63 Leslie,
948 2907 169 51 1888-

260 2981 359 70 Trumpeter,
654 2981 214 53 sound!
945 2983 92 68 By
1073 2983 73 52 D.
1180 2984 65 52 L.
1283 2982 259 70 Murray.
1615 2982 140 54 New
1795 2983 179 68 York,
2011 2985 72 51 A.
2121 2983 72 53 A.

189 3059 223 70 Knopf,
446 3063 151 49 1934.

264 3133 64 48 ix,
361 3133 71 48 [1],
458 3132 100 48 450,
592 3130 54 53 [2]
676 3143 43 38 p.
781 3132 127 42 illus.
969 3133 146 43 19½cm.

268 3191 286 40 illustrated
587 3189 361 51 lining-papers.

266 3248 316 41 “Illustrated
611 3246 59 50 by
701 3247 127 41 John
857 3248 124 41 Alan
1011 3249 271 42 Maxwell.”

266 3306 160 41 “First
462 3305 256 41 American
751 3306 228 41 edition.”

200 3360 51 51 ©
287 3365 114 47 Apr.
436 3365 40 44 2,
513 3364 114 39 1934;
692 3364 66 39 2c.
796 3365 97 38 and
927 3362 83 43 aff.
1047 3365 114 47 Apr.
1195 3365 27 39 3;
1288 3365 40 39 A
1367 3364 144 40 71136;
1576 3366 57 40 D.
1672 3366 48 41 L.
1759 3367 217 49 Murray,
2015 3368 180 46 Lewes,

272 3420 191 43 Sussex,
494 3420 234 48 England.
800 3420 249 49 (34-7141)

194 3507 556 68 Ni ž n á nsky, Jožo.
429 3583 1770 82 … Čachtická pani, román … 2. vyd. Praha, L. Mazáč,
199 3668 149 51 1933.

270 3739 97 46 273,
401 3740 53 47 [3]
485 3749 57 37 p.,
572 3740 21 37 1
644 3770 6 6 l.
682 3739 108 40 incl.
817 3741 170 46 plates,
1065 3742 140 45 plats.
1282 3739 144 44 22½cm.
1513 3740 299 48 (Half-title:
1842 3744 162 39 Vel’ké
2034 3744 165 48 knihy,

204 3804 66 31 sv.
301 3797 19 36 3
338 3797 12 45 )

208 3841 1993 69 © Oct. 20, 1932; 1c. Dec. 5, 1933; A-Foreign 23435; J. Ni ž n á nsky,
278 3909 296 48 Bratislava,
608 3907 420 44 Czechoslovakia.
1102 3910 250 50 (34-7444)
