2350 4196
1164 3997 100 49 262

195 457 150 53 1933,
383 455 111 51 and
532 460 56 46 at
625 454 94 52 the
755 454 434 67 extraordinary
1224 457 237 51 sessions
1496 455 62 52 of
1595 458 132 48 1929
1765 456 111 51 and
1912 458 151 62 1931,
192 461 1964 139 together
426 532 138 51 with
604 533 273 66 complete
916 532 360 53 annotations
1314 533 152 51 from
1502 534 95 51 the
1632 533 240 67 judicial
1909 533 274 52 decisions

193 609 300 53 contained
529 611 60 50 in
625 610 252 53 volumes
916 613 201 50 94-103
1155 611 237 52 Florida
1426 616 239 62 reports,
1702 614 237 49 114-148
193 611 1967 129 Southern
335 694 273 61 reporter,
650 691 172 48 26-64
862 688 240 52 Federal
1145 695 271 61 reporter,
1460 690 218 54 Second
1720 688 185 68 series,
1945 689 239 53 275-288

194 765 217 55 United
452 768 187 54 States
678 772 239 61 reports,
954 769 170 48 48-53
1168 768 271 66 Supreme
1479 772 160 47 court
1675 772 270 62 reporter.
194 768 1968 144 Compiled
404 844 112 52 and
569 845 307 50 annotated
927 845 74 66 by
1051 846 197 66 Harry
1298 847 67 50 B.
1419 844 301 67 Skillman,
1772 846 290 66 approved
2112 846 74 66 by

195 919 1992 73 James B. Whitfield … Atlanta, The Harrison company,
196 1004 149 49 1934.

270 1075 103 39 xxii
399 1086 55 36 p.,
482 1077 23 36 1
554 1105 22 15 l.,
603 1074 127 46 1251,
761 1074 54 48 [4]
845 1084 40 36 p.
942 1074 54 38 20
1001 1076 43 20 cm
1051 1105 7 8 .

205 1128 50 51 ©
287 1133 121 38 Mar.
440 1131 39 46 9,
511 1130 114 40 1984;
685 1131 64 38 2c.
784 1132 119 36 Mar.
936 1131 81 40 10;
1052 1129 78 39 aff.
1166 1130 119 39 Mar.
1317 1130 81 41 12;
1433 1131 41 37 A
1505 1130 168 46 70610;
1710 1129 242 41 Harrison
1984 1143 64 28 co.

198 1276 233 53 Florida
466 1278 110 50 and
612 1276 285 55 Southern
929 1276 199 67 digest.
1206 1279 131 48 1933
1372 1277 342 52 cumulative
1748 1280 209 50 annual
1989 1277 200 68 pocket

268 1353 1900 146 part for vol. 30. Table of cases digested and Table of statutes construed … St. Paul, West publishing co. [c1934]
277 1508 58 39 52
361 1518 43 37 p.
463 1507 55 39 25
521 1509 44 20 cm
570 1539 7 7 .

275 1564 293 40 Cover-title.

275 1620 116 39 This
415 1621 247 46 pamphlet
686 1620 40 39 is
752 1622 46 36 to
824 1620 55 38 be
903 1618 138 40 fitted
1067 1619 101 39 into
1194 1620 79 38 the
1298 1618 173 47 pocket
1495 1621 49 36 at
1571 1619 80 38 the
1677 1618 121 39 back
1823 1618 50 40 of
1899 1620 80 39 the
2004 1619 190 40 volume

205 1677 51 39 of
283 1679 80 38 the
392 1679 72 37 set
493 1679 47 37 to
568 1676 159 39 which
755 1676 38 39 it
821 1676 209 47 belongs.

209 1730 51 51 ©
293 1735 110 38 Feb.
435 1733 67 47 28,
535 1733 139 46 1934;
709 1732 65 40 2c.
808 1733 118 38 Mar.
960 1730 58 40 19;
1077 1731 79 40 aff.
1189 1733 120 37 Mar.
1342 1732 81 46 21;
1459 1732 41 38 A
1532 1731 168 41 69921;
1735 1733 134 39 West
1900 1731 110 47 pub.
2043 1743 66 29 co.

203 1852 121 51 The
357 1849 386 65 Fortnightly
775 1850 204 51 review.
1070 1868 88 33 no.
1195 1853 115 52 808,
1344 1868 53 32 n.
1433 1870 59 37 s.,
1526 1849 173 67 April
1736 1853 148 48 1934.

211 1921 1983 51 © 1c. Apr. 6, 1934; A ad int. 18814; pubd. Apr. 1; Fortnightly review,
278 1983 98 45 ltd.,
406 1982 208 38 London.

209 2071 247 64 French,
488 2069 150 66 Will,
673 2073 170 49 1889-

277 2145 1861 70 Promotional plans in the high school, by Will French …
211 2227 139 50 New
389 2225 162 53 York
588 2226 133 65 city,
758 2225 277 52 Teachers
1076 2225 224 68 college,
1339 2224 300 55 Columbia
1678 2224 334 68 university,
2051 2226 148 49 1933.

283 2300 59 47 vi,
392 2299 56 40 90
493 2310 43 37 p.
595 2297 56 41 23½
686 2300 43 20 cm
733 2330 7 7 .
814 2298 248 47 (Lettered
1111 2308 60 29 on
1216 2307 162 30 cover:
1424 2299 239 40 Teachers
1712 2298 190 48 college,
1952 2297 248 41 Columbia

213 2357 283 47 university.
557 2355 364 41 Contributions
950 2360 48 36 to
1030 2356 255 40 education
1320 2367 103 38 [no.]
1455 2355 99 41 587.

283 2415 170 40 Thesis
494 2415 105 47 (PH.
664 2411 355 49 D.)—Columbia
1051 2413 283 47 university,
1367 2412 126 41 1934.

285 2472 169 41 Issued
491 2472 105 40 also
629 2472 50 38 in
712 2471 227 40 unbound
972 2470 127 40 form
1137 2470 119 40 with
1290 2471 152 40 thesis
1476 2473 111 38 note
1625 2482 59 29 on
1719 2483 153 35 cover,
1908 2473 149 40 series
2093 2476 110 37 note

213 2542 59 28 on
295 2533 111 45 t.-p.,
432 2530 96 40 and
553 2529 120 40 with
699 2528 221 41 addition
948 2528 50 40 of
1024 2528 116 39 vita.

217 2585 1965 108 © Dec. 22, 1933; 2c. Feb. 1. 1934; aff. Feb. 16; A 69449; Teachers college. Columbia univ. (34-5330)
216 2732 236 66 Gibson,
482 2734 222 54 Walter
732 2734 231 62 Brown,
996 2733 170 51 1897-
1377 2749 177 51 comp.

280 2811 337 68 Magician’s
639 2812 258 64 manual;
923 2810 176 52 tricks
1124 2813 110 51 and
1259 2809 266 67 routines,
1549 2811 140 53 with
1713 2811 367 52 instructions
2105 2811 92 51 for

214 2896 197 60 expert
448 2888 394 68 performance
876 2889 75 65 by
987 2888 95 51 the
1117 2894 267 45 amateur.
1463 2888 298 67 Compiled
1798 2888 94 52 for
1926 2889 273 51 members

216 2964 1922 69 of the Magicians’ league of America, by Walter B. Gibson …
216 3044 127 52 New
381 3045 177 63 York,
586 3044 120 52 The
733 3042 335 68 Magicians’
1096 3042 195 66 league
1319 3042 64 52 of
1410 3043 264 51 America
1711 3046 189 63 [c1933]

285 3114 917 51 5 p. l., [13]-144, [2] p. illus. 26 cm .
288 3174 131 40 With
454 3174 97 39 this
587 3175 195 37 manual
818 3183 82 29 are
936 3171 219 48 supplied
1189 3171 80 41 the
1304 3182 258 36 necessary
1596 3171 277 48 appliances
1907 3173 78 39 for
2022 3174 64 37 all
2123 3173 80 39 the

219 3231 150 39 tricks
407 3230 255 47 explained
701 3229 49 39 in
790 3230 80 39 the
908 3229 126 39 form
1075 3228 50 40 of
1164 3229 186 38 colored
1392 3228 182 47 ribbon,
1615 3230 161 39 sheets
1816 3229 50 38 of
1906 3238 162 38 paper,
2109 3230 92 38 and

217 3288 226 38 mounted
472 3288 251 45 envelopes
752 3285 280 47 containing
1060 3287 118 45 tags,
1209 3285 154 46 cards,
1393 3287 87 37 etc.
1539 3286 61 47 cf.
1630 3296 41 37 p.
1702 3286 68 41 13.

223 3339 1979 51 © Sept. 25. 1933; 2c. and aff. Jan. 2. 1934; A 68703; W. B. Gibson,
293 3399 299 47 Springfield,
626 3399 82 38 Pa.
780 3398 248 47 (34-5189)

218 3473 266 65 Ginther,
515 3476 333 51 Rosamond
879 3476 69 52 D.

289 3551 163 53 Bible
491 3551 199 52 stories
728 3552 92 51 for
859 3551 93 52 the
991 3552 186 50 cradle
1216 3551 124 52 roll.
1416 3552 161 52 Book
1665 3595 8 8 II.
1750 3556 89 63 By
1877 3553 326 53 Rosamond

216 3631 70 50 D.
335 3630 259 54 Ginther.
670 3629 311 52 Nashville.
1027 3630 190 54 Tenn.,
1266 3630 284 54 Southern
1593 3630 333 67 publishing
215 3631 1963 128 association
373 3741 11 32 [
390 3714 18 20 c
413 3710 150 62 1933]

293 3781 84 39 192
403 3792 40 35 p.
499 3781 85 38 col.
610 3780 161 39 front.,
800 3780 140 41 illus..
969 3781 83 38 col.
1082 3781 166 45 plates.
1305 3779 54 38 20½
1392 3781 43 20 cm
1440 3810 7 8 .

226 3834 53 50 ©
308 3838 110 38 Dec.
448 3838 38 43 1,
517 3836 110 39 1933;
686 3836 64 39 2c.
784 3836 105 39 Jan.
920 3836 56 38 22,
1020 3836 112 39 1934;
1190 3835 81 41 aff.
1302 3835 106 39 Jan.
1440 3835 55 38 20;
1555 3836 38 38 A
1624 3836 141 39 69414;
1828 3836 240 40 Southern
2097 3836 108 48 pub.

298 3904 112 28 assn.
453 3893 50 38 of
535 3893 207 39 Seventh
773 3892 91 47 day
895 3892 282 46 adventists,
1208 3892 263 39 Nashville.
