2350 4196
1212 4007 99 48 892

346 444 98 41 “De
476 449 73 36 cet
581 456 209 37 ouvrage
822 447 35 38 il
889 457 27 29 a
949 445 77 41 été
1056 446 92 40 tiré
1179 446 130 40 4.000
1339 446 331 47 exemplaires,
1704 446 301 41 constituant
2036 444 218 44 l’édition

271 500 248 48 originale.
576 502 306 47 Exemplaire
911 504 55 38 n°
993 503 157 40 3155.”

343 558 320 40 “Documents
691 562 46 36 et
763 569 237 37 ouvrages
1028 558 240 41 consultés:
1325 569 42 37 p.
1399 558 264 49 [316]-[317]

276 611 1892 51 © Feb. 5, 1934; 1c. May 15; A- Foreign 24671; Firmin-Didot & cie.
353 671 278 46 (34-20057)

294 772 191 64 [Clark,
518 773 237 53 Briscoe
789 774 281 66 Baldwin]

276 848 1918 145 New York law of damages … Supplement, 1933 … [Northport, N.
770 930 88 64 Y.,
894 929 252 51 Edward
1180 929 328 66 Thompson
1543 946 294 48 company.
1872 936 16 20 c
1894 931 149 62 1934]

344 1000 26 38 2
399 1011 40 27 v.
496 1000 54 39 23
555 1003 43 19 cm
604 1033 7 7 .

347 1057 153 38 These
530 1057 270 46 pamphlets
832 1068 82 28 are
944 1060 48 37 to
1024 1058 55 39 be
1108 1057 136 39 fitted
1275 1056 102 40 into
1409 1057 80 39 the
1520 1057 196 47 pockets
1747 1060 50 36 at
1829 1057 80 39 the
1941 1056 121 39 back
2093 1056 51 39 of
2176 1056 81 40 the

274 1114 213 37 volumes
514 1113 52 38 of
591 1114 80 38 the
695 1116 75 36 set
798 1116 48 37 to
872 1113 157 40 which
1057 1115 113 45 they
1195 1114 183 46 belong.

277 1165 51 50 ©
357 1170 119 37 Mar.
506 1170 68 39 14.
603 1169 113 39 1934;
773 1169 65 39 2c.
869 1171 117 38 each
1015 1171 94 38 and
1137 1169 78 39 aff.
1246 1169 119 47 Aug.
1394 1169 22 38 1:
1476 1169 42 38 A
1545 1168 142 40 73685;
1745 1169 209 38 Edward
1983 1168 274 46 Thompson

345 1236 66 29 co.

275 1328 265 66 [Conant,
572 1327 207 55 Albert
812 1329 261 66 Francis]
1113 1331 324 64 1863-1923,
1469 1346 177 48 comp.

345 1401 291 69 Complete
665 1406 381 51 concordance
1072 1410 57 46 to
1159 1404 429 52 Miscellaneous
1618 1403 280 69 writings,
1928 1403 237 52 Manual
2196 1401 63 53 of

272 1478 95 55 the
402 1481 227 51 Mother
664 1482 226 67 church,
926 1481 196 54 Christ
1159 1483 110 51 and
1308 1480 334 68 Christmas,
1678 1480 432 68 Retrospection
2147 1480 111 52 and

275 1556 424 71 introspection,
738 1559 185 69 Unity
963 1558 64 54 of
1066 1560 164 68 good,
1272 1558 204 68 Pulpit
1518 1560 111 51 and
1673 1576 173 50 press,
1889 1557 370 53 Rudimental

274 1633 194 54 divine
494 1636 227 68 science,
747 1636 87 53 No
864 1638 110 51 and
1001 1655 113 50 yes,
1144 1635 292 55 Christian
1463 1636 210 53 science
1700 1653 191 36 versus
1920 1635 340 68 pantheism,

273 1712 257 70 Message
562 1713 93 52 for
687 1717 150 64 1900,
868 1714 258 69 Message
1156 1714 92 51 for
1282 1717 151 63 1901,
1466 1714 256 68 Message
1754 1713 93 53 for
1881 1715 151 66 1902,
275 1712 1958 130 Christian

441 1791 248 68 healing,
735 1792 121 52 The
901 1791 244 69 people’s
1192 1792 126 52 idea
1366 1790 64 54 of
1476 1790 146 69 God,
1667 1792 220 68 Poems,
1934 1791 120 53 The
2102 1789 160 54 First

275 1866 210 54 church
520 1867 63 53 of
619 1868 211 68 Christ,
868 1868 285 68 Scientist,
1188 1870 111 51 and
1335 1869 347 68 miscellany,
1718 1869 258 68 together
2012 1868 140 52 with
2189 1886 71 33 an

273 1943 171 55 index
488 1951 57 48 to
592 1947 93 51 the
731 1947 234 67 chapter
1010 1946 299 68 sub-titles,
1355 1945 294 70 headings,
1695 1948 111 51 and
1853 1946 154 53 titles
2056 1945 63 53 of
2165 1947 98 51 the

276 2040 207 51 poems,
523 2025 111 51 and
675 2042 72 33 an
785 2025 171 52 index
996 2029 58 48 to
1095 2025 96 52 the
1233 2023 324 69 Scriptural
1597 2024 322 68 quotations
1962 2024 297 52 contained

275 2099 237 69 therein,
553 2101 279 68 compiled
874 2102 60 52 in
973 2102 259 52 nineteen
1273 2102 261 52 hundred
1577 2103 111 52 and
1730 2101 199 53 fifteen
1972 2102 152 52 from
2166 2102 94 52 the

277 2178 175 52 above
484 2178 175 53 books
693 2197 58 35 as
786 2179 199 68 finally
1022 2179 216 53 revised
1276 2181 111 51 and
1425 2181 280 66 arranged
1743 2181 77 67 by
1852 2180 153 52 their
2039 2179 222 67 author,

274 2253 1988 150 Mary Baker Eddy … Boston, Trustees under the will of Mary Baker G. Eddy [ c 1934]
346 2409 26 38 2
399 2419 41 37 p.
501 2440 8 16 l.,
541 2408 158 50 [iii]-v,
732 2409 69 48 [1],
830 2409 113 39 1107
969 2420 43 36 p.
1068 2409 55 39 24
1127 2412 44 20 cm
1176 2441 7 8 .

348 2465 278 47 Compiler’s
654 2466 194 47 preface
876 2464 166 49 signed:
1101 2466 166 40 Albert
1296 2466 51 40 F.
1377 2465 201 48 Conant,
1608 2465 240 49 compiler.

349 2522 71 40 On
445 2533 140 29 verso
613 2522 50 40 of
689 2525 95 44 t.-p.:
842 2522 295 39 Authorized
1164 2522 255 41 literature
1448 2523 50 39 of
1525 2524 80 39 the
1634 2522 134 41 First
1796 2523 182 39 church
2004 2523 50 39 of
2083 2520 177 42 Christ.

281 2577 241 47 Scientist,
552 2579 49 39 in
630 2580 194 45 Boston,
855 2579 397 40 Massachusetts.

281 2631 51 50 ©
359 2636 128 38 June
510 2636 67 45 27,
603 2635 138 45 1934;
771 2636 65 39 2c.
864 2635 93 39 and
985 2635 80 41 aff.
1092 2636 123 39 June
1243 2636 80 45 28;
1354 2636 41 38 A
1422 2636 166 45 73265;
1619 2637 228 38 Trustees
1875 2636 152 38 under
2054 2636 80 39 the
2160 2634 101 39 will

353 2692 50 38 of
426 2693 140 46 Mary
591 2692 160 39 Baker
775 2692 150 47 Eddy.
983 2691 276 48 [Copyright
1285 2693 41 39 is
1352 2693 203 39 claimed
1580 2704 60 28 on

1667 2691 250 41 extension
1944 2693 94 38 and
348 2689 1895 99 completion
480 2749 50 39 of
557 2748 252 47 Appendix
838 2749 54 47 A]
964 2749 275 47 (34-20738)

275 2847 301 63 Corneille,
607 2849 218 65 Pierre,
860 2853 320 49 1606-1684.

283 2922 1975 149 … Le Cid, Horace, Polyeucte, Le menteur, edited by C. H. C. Wright … New York,
1034 3002 1222 70 Chicago [etc.] C. Scribner’s sons [ c 1934]
353 3076 26 38 3
414 3085 42 37 p.
527 3107 7 15 l.,
570 3076 194 46 ix-xxx,
800 3076 87 39 429
919 3086 42 36 p.
1023 3076 55 40 17½
1110 3078 44 21 cm
1160 3108 7 8 .
1239 3076 297 49 (Half-title:
1570 3078 100 38 The
1705 3077 196 39 modern
1938 3075 236 41 student's
284 3074 1959 102 library.
505 3133 201 48 [French
733 3131 191 49 series])

354 3191 62 38 At
449 3190 122 39 head
607 3190 51 39 of
693 3189 106 40 title:
865 3189 251 41 Corneille.

352 3246 346 47 Bibliography:
760 3257 43 37 p.
837 3245 264 41 xxix-xxx.

283 3304 51 50 ©
361 3309 124 38 June
513 3308 67 44 20,
608 3307 139 44 1934;
778 3307 65 39 2c.
871 3307 115 46 July
1012 3306 81 41 10;
1124 3306 79 40 aff.
1234 3307 124 39 June
1386 3308 81 45 22;
1497 3308 40 38 A
1567 3307 167 46 73391;
1768 3307 200 40 Charles
2000 3305 261 41 Scribner's

352 3375 123 29 sons.
548 3363 277 48 (34-20036)
2055 3359 118 43 5764

277 3465 321 56 Crowther.
632 3467 251 63 Samuel,
918 3469 170 48 1880-

349 3544 202 52 Public
598 3544 250 67 opinion,
893 3544 221 66 private
1161 3544 252 53 business
1459 3547 112 51 and
1617 3543 193 68 public
1852 3542 286 54 relations,
2183 3541 75 66 by

279 3620 1956 146 Samuel Crowther. New York, Liveright publishing corporation [ c 1934]
356 3771 82 47 [29]
474 3784 43 36 p.
577 3771 54 40 19½c
680 3774 27 20 m
713 3804 8 7 .

355 3827 159 41 “First
546 3827 224 41 edition.”

283 3882 51 50 ©
363 3887 114 46 May
503 3886 68 45 22,
601 3885 139 47 1934;
771 3886 66 40 2c.
867 3886 124 40 June
1020 3886 81 40 25;
1134 3886 79 38 aff.
1244 3887 83 39 July
1388 3888 52 40 3;
1472 3887 40 38 A
1543 3886 167 42 73290;
1745 3886 44 40 S.
1820 3885 262 41 Crowther.
2115 3884 129 39 Suna
348 3953 97 36 pce,

517 3941 439 48 N . H. (34-19853)
