2350 4196
1185 4021 137 50 1404

627 473 132 16 CONTENTS.—IV.
786 451 318 46 Proceedings
1130 451 49 39 in
1209 454 260 36 court.—V.
1502 451 163 39 Mixed
1695 454 142 38 texts.

285 503 1978 50 © Nov. 9. 1934; 2c. each and affs. Nov. 14; A 78093. 78094; University
351 564 51 39 of
432 564 357 45 Pennsylvania
820 575 147 36 press.

283 651 225 65 Clarke,
538 652 202 66 Helen,
773 659 170 49 1895-

352 729 118 52 The
499 730 378 66 professional
905 734 256 65 training
1188 732 62 51 of
1277 733 94 50 the
1397 732 249 66 hospital
1674 731 281 58 dietitian,
1983 732 71 65 by
2082 732 183 51 Helen

282 806 1961 144 Clarke … New York city. Teachers college, Columbia university. 1934.
354 958 1913 49 iii p., 1 l., 96 p. illus. (maps) diagrs. 23½cm. (Teachers college.
284 1015 249 40 Columbia
564 1015 282 48 university.
905 1016 364 40 Contributions
1297 1018 48 37 to
1375 1015 269 47 education,
1675 1026 74 28 no.
1781 1014 108 48 602)

354 1073 168 38 Issued
553 1073 101 39 also
684 1083 53 29 as
765 1073 151 40 thesis
954 1074 104 47 (PH.
1120 1072 33 47 D.)
1193 1072 247 40 Columbia
1472 1072 281 47 university.

351 1128 347 48 Bibliography;
754 1140 42 36 p.
827 1129 155 41 72-74.

285 1181 1966 109 © Apr. 9. 1934; 2c. June 21; aff. June 20; A 72892; H. Clarke. Washington. (34-34960)
284 1317 225 65 Collier,
541 1318 270 66 Virginia
841 1319 354 56 MacMakin.

353 1396 243 55 Roland,
636 1398 92 51 the
772 1399 253 52 warrior,
1065 1397 74 64 by
1178 1396 268 68 Virginia
1484 1399 77 50 M.
1605 1396 211 56 Collier
1857 1397 109 52 and
2007 1398 257 53 Jeanette

282 1474 214 67 Eaton;
528 1473 322 55 illustrated
876 1476 74 66 by
977 1476 196 52 Frank
1198 1477 65 51 E.
1296 1475 373 54 Schoonover.
1744 1476 137 50 New
1911 1474 177 63 York,
281 1475 1961 144 Harconrt,

483 1553 180 52 Brace
690 1554 112 52 and
829 1571 278 49 company
1137 1587 13 32 [
1155 1559 17 21 c
1177 1556 149 64 1934]

356 1623 1906 50 7 p. l., 3-237 p. incl. illus., plates (1 double) col, plates (part double)
284 1681 55 39 23½
372 1681 45 22 cm
422 1713 8 8 .

355 1738 126 39 Title
514 1749 58 28 on
601 1741 25 38 2
655 1740 173 46 leaves,
859 1739 278 40 illustrnted
1168 1740 45 37 in
1249 1739 153 39 colors;
1462 1738 278 40 illustrated
1770 1737 359 48 lining-papers.

355 1793 345 49 Bibliography;
761 1807 40 36 p.
834 1795 214 41 235-237.

286 1847 1988 52 © Oct. 11, 1934; 2c. and aff. Oct. 17; A 76570; Harcourt, Brace A co.,.
352 1908 90 40 inc.
513 1909 278 48 (34-27292)

279 1980 285 69 Coppard,
597 1984 209 55 Alfred
838 1986 218 63 Edgar,
1091 1988 168 50 1878-

414 2061 1712 70 … Emergency exit. New York, Random house [ c 1934 ]
352 2136 67 40 71,
457 2138 53 46 [1]
543 2146 41 37 p.
645 2135 115 41 23cm.

358 2191 110 40 "350
504 2192 158 49 copies
700 2192 50 41 of
785 2193 99 39 this
921 2192 107 41 first
1066 2193 182 40 edition
1283 2193 121 40 with
1441 2192 304 41 decorations
1782 2192 61 47 by
1879 2193 203 39 Warren
283 2190 1972 105 Chappell
407 2250 122 40 have
561 2251 116 39 been
709 2249 235 49 printed.”

287 2303 1981 52 © Sept. 17, 1934; 2c. Sept. 26; aff. Sept. 21; A 75689; Modern library,
353 2364 104 45 inc.,
494 2364 118 39 New
641 2364 142 39 York.
856 2363 278 48 (34-34946)

280 2439 430 64 Cunningham,
745 2441 259 62 Eugene.

349 2517 182 51 Texas
570 2515 198 53 sheriff;
838 2534 29 33 a
907 2517 163 50 novel
1113 2518 62 51 of
1212 2516 110 53 The
1364 2517 331 67 Territory',
1733 2514 74 69 by
1847 2516 233 67 Eugene
279 2517 1966 128 Cunningham.

646 2594 211 52 Boston
888 2594 108 51 and
1029 2594 135 50 New
1196 2593 176 54 York,
1401 2592 317 69 Houghton
1745 2591 203 54 Mifflin
1976 2609 294 50 company.

281 2673 149 49 1934.

351 2743 60 48 vi,
443 2743 87 41 298
559 2755 43 37 p.
662 2743 144 41 19½cm.

287 2796 1979 52 © Oct. 19, 1934; 2c. Oct. 26; aff. Oct. 25; A 75941; E. Cunningham,
354 2858 57 37 El
443 2858 137 40 Paso.
652 2858 276 48 (34-34977)

285 2930 276 68 Dashiell,
593 2933 227 64 Alfred,
855 2936 169 50 1901-
1235 2935 82 52 ed.

351 3010 253 54 Editor’s
629 3012 190 52 choice
848 3012 107 66 [by]
985 3012 209 53 Alfred
1220 3013 275 52 Dashiell.
1572 3012 135 52 New
1736 3012 179 55 York,
1940 3011 68 54 G.
2038 3013 63 50 P.
279 3012 1966 129 Putnam’s
484 3107 128 34 sons
646 3122 13 34 [
662 3096 19 22 c
686 3093 150 63 1934]

357 3159 549 50 5 p. l., 341 p. 21½cm.
356 3216 162 41 "First
542 3219 225 40 edition.”

357 3273 255 41 "Favorite
649 3277 95 38 and
779 3275 192 41 famous
1007 3277 200 40 stories”;
1277 3289 41 37 p.
1355 3278 228 43 335-340;
1625 3277 187 40 "Books
1851 3274 387 41 recommended”;

285 3336 41 37 p.
356 3328 215 43 340-341.

285 3382 1982 53 © Oct. 19. 1934; 2c. Oct. 27; aff. Oct. 26; A 76771; Alfred S. Dashiell.
353 3444 214 39 Harmon
597 3457 55 27 on
685 3447 79 37 the
792 3447 216 40 Hudson,
1039 3448 52 37 N.
1124 3449 51 40 Y.
1247 3448 279 41 (34-35693)

279 3519 244 54 Dorner.
556 3523 157 55 Max.

347 3598 120 52 The
500 3598 290 56 materials
824 3601 63 52 of
920 3602 97 53 the
1048 3605 167 52 artist
1249 3606 114 52 and
1399 3604 150 54 their
1584 3620 94 35 use
1715 3602 61 51 in
1813 3598 283 70 painting,
2131 3596 134 52 with

278 3677 1931 71 notes on the techniques of the old masters, by Max Doerner …
278 3754 1992 70 translated by Eugen Neuhaus … New York. Harcourt, Brace
272 3831 634 70 and company [ c 1934]
351 3903 1333 60 xiv p., 2 l., 3-432 p. front., plates, parts. 22cm.
